<?xml version="1.0" encoding="UTF-8"?>
<!DOCTYPE html PUBLIC "-//W3C//DTD XHTML 1.0 Transitional//EN"
    "http://www.w3.org/TR/xhtml1/DTD/xhtml1-transitional.dtd">
<html xmlns="http://www.w3.org/1999/xhtml" xml:lang="en" lang="en">
 <head>
  <title>
</title>
<meta http-equiv="Content-Type" content="text/html;charset=utf-8" />
  <meta name='ocr-system' content='tesseract 3.04.00' />
  <meta name='ocr-capabilities' content='ocr_page ocr_carea ocr_par ocr_line ocrx_word'/>
</head>
<body>
  <div class='ocr_page' id='page_1' title='image "./urkundenbuchzur00mlgoog_0553.png"; bbox 0 0 4084 6302; ppageno 0'>
   <div class='ocr_carea' id='block_1_1' title="bbox 966 586 1121 682">
    <p class='ocr_par' dir='ltr' id='par_1_1' title="bbox 966 586 1121 682">
     <span class='ocr_line' id='line_1_1' title="bbox 966 586 1121 682; baseline 0 -33"><span class='ocrx_word' id='word_1_1' title='bbox 966 586 1121 682; x_wconf 47' lang='lat' dir='ltr'><em>Q</em></span> 
     </span>
    </p>
   </div>
   <div class='ocr_carea' id='block_1_2' title="bbox 343 771 1817 4186">
    <p class='ocr_par' dir='ltr' id='par_1_2' title="bbox 343 771 1817 4186">
     <span class='ocr_line' id='line_1_2' title="bbox 347 771 1747 861; baseline 0.002 -23"><span class='ocrx_word' id='word_1_2' title='bbox 347 771 470 851; x_wconf 73' lang='lat' dir='ltr'><strong>dorth)</strong></span> <span class='ocrx_word' id='word_1_3' title='bbox 493 774 574 838; x_wconf 86' lang='lat' dir='ltr'><strong>scire</strong></span> <span class='ocrx_word' id='word_1_4' title='bbox 599 773 746 858; x_wconf 90' lang='lat' dir='ltr'><strong>cupimus</strong></span> <span class='ocrx_word' id='word_1_5' title='bbox 769 774 937 838; x_wconf 84' lang='lat' dir='ltr'><strong>universos</strong></span> <span class='ocrx_word' id='word_1_6' title='bbox 959 783 1143 859; x_wconf 78' lang='lat' dir='ltr'><strong>praesentes</strong></span> <span class='ocrx_word' id='word_1_7' title='bbox 1166 783 1197 840; x_wconf 90' lang='lat' dir='ltr'><strong>et</strong></span> <span class='ocrx_word' id='word_1_8' title='bbox 1219 783 1363 859; x_wconf 87' lang='lat' dir='ltr'><strong>posteros</strong></span> <span class='ocrx_word' id='word_1_9' title='bbox 1385 784 1586 860; x_wconf 72' lang='lat' dir='ltr'><strong>praesentem</strong></span> <span class='ocrx_word' id='word_1_10' title='bbox 1601 778 1747 861; x_wconf 77' lang='lat' dir='ltr'><strong>paginam</strong></span> 
     </span>
     <span class='ocr_line' id='line_1_3' title="bbox 345 878 1748 962; baseline 0.001 -20"><span class='ocrx_word' id='word_1_11' title='bbox 345 878 556 962; x_wconf 84' lang='lat' dir='ltr'><strong>inspecturos,</strong></span> <span class='ocrx_word' id='word_1_12' title='bbox 589 878 675 959; x_wconf 90' lang='lat' dir='ltr'><strong>qnod</strong></span> <span class='ocrx_word' id='word_1_13' title='bbox 705 879 755 941; x_wconf 86' lang='lat' dir='ltr'><strong>vir</strong></span> <span class='ocrx_word' id='word_1_14' title='bbox 785 878 941 942; x_wconf 88' lang='lat' dir='ltr'><strong>discretus</strong></span> <span class='ocrx_word' id='word_1_15' title='bbox 972 883 1004 941; x_wconf 91' lang='lat' dir='ltr'><strong>et</strong></span> <span class='ocrx_word' id='word_1_16' title='bbox 1032 879 1149 941; x_wconf 86' lang='lat' dir='ltr'><strong>nobilis</strong></span> <span class='ocrx_word' id='word_1_17' title='bbox 1171 899 1277 944; x_wconf 89' lang='lat' dir='ltr'><strong>comes</strong></span> <span class='ocrx_word' id='word_1_18' title='bbox 1300 881 1463 961; x_wconf 88' lang='lat' dir='ltr'><strong>Nycolaus</strong></span> <span class='ocrx_word' id='word_1_19' title='bbox 1490 881 1529 945; x_wconf 94' lang='lat' dir='ltr'><strong>de</strong></span> <span class='ocrx_word' id='word_1_20' title='bbox 1550 881 1716 945; x_wconf 76' lang='lat' dir='ltr'><strong>&#39;I&#39;holmacz</strong></span> <span class='ocrx_word' id='word_1_21' title='bbox 1726 882 1748 960; x_wconf 87' lang='lat'><strong>¹)</strong></span> 
     </span>
     <span class='ocr_line' id='line_1_4' title="bbox 346 980 1747 1069; baseline 0.001 -24"><span class='ocrx_word' id='word_1_22' title='bbox 346 980 385 1045; x_wconf 89' lang='lat' dir='ltr'><strong>ab</strong></span> <span class='ocrx_word' id='word_1_23' title='bbox 415 1000 482 1045; x_wconf 90' lang='lat' dir='ltr'><strong>una</strong></span> <span class='ocrx_word' id='word_1_24' title='bbox 509 985 599 1065; x_wconf 84' lang='lat' dir='ltr'><strong>parte</strong></span> <span class='ocrx_word' id='word_1_25' title='bbox 622 986 654 1044; x_wconf 89' lang='lat' dir='ltr'><strong>et</strong></span> <span class='ocrx_word' id='word_1_26' title='bbox 675 980 786 1044; x_wconf 85' lang='lat' dir='ltr'><strong>villani</strong></span> <span class='ocrx_word' id='word_1_27' title='bbox 808 981 885 1044; x_wconf 90' lang='lat' dir='ltr'><strong>socii</strong></span> <span class='ocrx_word' id='word_1_28' title='bbox 908 982 1008 1044; x_wconf 89' lang='lat' dir='ltr'><strong>nostri</strong></span> <span class='ocrx_word' id='word_1_29' title='bbox 1031 981 1071 1044; x_wconf 93' lang='lat' dir='ltr'><strong>de</strong></span> <span class='ocrx_word' id='word_1_30' title='bbox 1094 980 1349 1065; x_wconf 71' lang='lat' dir='ltr'><strong>Schellenberg)</strong></span> <span class='ocrx_word' id='word_1_31' title='bbox 1372 984 1410 1046; x_wconf 92' lang='lat' dir='ltr'><strong>ab</strong></span> <span class='ocrx_word' id='word_1_32' title='bbox 1434 985 1533 1049; x_wconf 90' lang='lat' dir='ltr'><strong>altera</strong></span> <span class='ocrx_word' id='word_1_33' title='bbox 1555 986 1674 1069; x_wconf 68' lang='lat' dir='ltr'><strong>parte)</strong></span> <span class='ocrx_word' id='word_1_34' title='bbox 1690 1006 1747 1069; x_wconf 93' lang='lat' dir='ltr'><strong>pro</strong></span> 
     </span>
     <span class='ocr_line' id='line_1_5' title="bbox 346 1085 1747 1170; baseline 0.001 -21"><span class='ocrx_word' id='word_1_35' title='bbox 346 1086 484 1167; x_wconf 86' lang='lat' dir='ltr'><strong>quodam</strong></span> <span class='ocrx_word' id='word_1_36' title='bbox 507 1085 666 1149; x_wconf 85' lang='lat' dir='ltr'><strong>territorio</strong></span> <span class='ocrx_word' id='word_1_37' title='bbox 696 1085 940 1165; x_wconf 84' lang='lat' dir='ltr'><strong>contenderunt,</strong></span> <span class='ocrx_word' id='word_1_38' title='bbox 973 1086 1060 1167; x_wconf 88' lang='lat' dir='ltr'><strong>qnod</strong></span> <span class='ocrx_word' id='word_1_39' title='bbox 1083 1086 1277 1150; x_wconf 84' lang='lat' dir='ltr'><strong>territorium</strong></span> <span class='ocrx_word' id='word_1_40' title='bbox 1308 1088 1368 1170; x_wconf 87' lang='lat' dir='ltr'><strong>ipsi</strong></span> <span class='ocrx_word' id='word_1_41' title='bbox 1392 1088 1501 1152; x_wconf 83' lang='lat' dir='ltr'><strong>villani</strong></span> <span class='ocrx_word' id='word_1_42' title='bbox 1524 1089 1564 1152; x_wconf 91' lang='lat' dir='ltr'><strong>de</strong></span> <span class='ocrx_word' id='word_1_43' title='bbox 1587 1088 1747 1152; x_wconf 85' lang='lat' dir='ltr'><strong>Schellen·</strong></span> 
     </span>
     <span class='ocr_line' id='line_1_6' title="bbox 344 1187 1799 1276; baseline -0.003 -22"><span class='ocrx_word' id='word_1_44' title='bbox 344 1189 423 1274; x_wconf 85' lang='lat' dir='ltr'><strong>berg</strong></span> <span class='ocrx_word' id='word_1_45' title='bbox 432 1187 454 1267; x_wconf 85' lang='lat'><strong>¹)</strong></span> <span class='ocrx_word' id='word_1_46' title='bbox 484 1187 679 1253; x_wconf 86' lang='lat' dir='ltr'><strong>affirmantes</strong></span> <span class='ocrx_word' id='word_1_47' title='bbox 709 1190 901 1272; x_wconf 81' lang='lat' dir='ltr'><strong>pertinuisse</strong></span> <span class='ocrx_word' id='word_1_48' title='bbox 931 1188 971 1252; x_wconf 91' lang='lat' dir='ltr'><strong>ad</strong></span> <span class='ocrx_word' id='word_1_49' title='bbox 1002 1190 1103 1273; x_wconf 87' lang='lat' dir='ltr'><strong>ipsam</strong></span> <span class='ocrx_word' id='word_1_50' title='bbox 1138 1190 1245 1254; x_wconf 88' lang='lat' dir='ltr'><strong>villam</strong></span> <span class='ocrx_word' id='word_1_51' title='bbox 1276 1190 1500 1275; x_wconf 84' lang='lat' dir='ltr'><strong>Schellenberg</strong></span> <span class='ocrx_word' id='word_1_52' title='bbox 1533 1212 1552 1255; x_wconf 93' lang='lat' dir='ltr'><strong>a</strong></span> <span class='ocrx_word' id='word_1_53' title='bbox 1585 1192 1799 1276; x_wconf 70' lang='lat' dir='ltr'><strong>primaevos</strong></span> 
     </span>
     <span class='ocr_line' id='line_1_7' title="bbox 346 1292 1747 1378; baseline 0.001 -20"><span class='ocrx_word' id='word_1_54' title='bbox 346 1300 487 1378; x_wconf 86' lang='lat' dir='ltr'><strong>ternpore</strong></span> <span class='ocrx_word' id='word_1_55' title='bbox 509 1293 706 1357; x_wconf 82' lang='lat' dir='ltr'><strong>fundationis</strong></span> <span class='ocrx_word' id='word_1_56' title='bbox 728 1292 823 1358; x_wconf 77' lang='lat' dir='ltr'><strong>villae</strong></span> <span class='ocrx_word' id='word_1_57' title='bbox 838 1292 1093 1376; x_wconf 67' lang='lat' dir='ltr'><strong>Schellenberg)</strong></span> <span class='ocrx_word' id='word_1_58' title='bbox 1116 1301 1327 1378; x_wconf 86' lang='lat' dir='ltr'><strong>praenotatae.</strong></span> <span class='ocrx_word' id='word_1_59' title='bbox 1351 1294 1414 1358; x_wconf 92' lang='lat' dir='ltr'><strong>Pro</strong></span> <span class='ocrx_word' id='word_1_60' title='bbox 1439 1315 1503 1378; x_wconf 89' lang='lat' dir='ltr'><strong>qua</strong></span> <span class='ocrx_word' id='word_1_61' title='bbox 1526 1296 1653 1377; x_wconf 88' lang='lat' dir='ltr'><strong>quidem</strong></span> <span class='ocrx_word' id='word_1_62' title='bbox 1671 1316 1747 1359; x_wconf 91' lang='lat' dir='ltr'><strong>con-</strong></span> 
     </span>
     <span class='ocr_line' id='line_1_8' title="bbox 344 1396 1746 1482; baseline 0.001 -19"><span class='ocrx_word' id='word_1_63' title='bbox 344 1398 487 1463; x_wconf 90' lang='lat' dir='ltr'><strong>tentione</strong></span> <span class='ocrx_word' id='word_1_64' title='bbox 516 1398 622 1482; x_wconf 92' lang='lat' dir='ltr'><strong>ipsum</strong></span> <span class='ocrx_word' id='word_1_65' title='bbox 653 1397 800 1462; x_wconf 89' lang='lat' dir='ltr'><strong>comitem</strong></span> <span class='ocrx_word' id='word_1_66' title='bbox 823 1396 1001 1478; x_wconf 84' lang='lat' dir='ltr'><strong>Nycolaum</strong></span> <span class='ocrx_word' id='word_1_67' title='bbox 1035 1397 1074 1461; x_wconf 92' lang='lat' dir='ltr'><strong>de</strong></span> <span class='ocrx_word' id='word_1_68' title='bbox 1096 1397 1292 1475; x_wconf 87' lang='lat' dir='ltr'><strong>Tholmacz¹)</strong></span> <span class='ocrx_word' id='word_1_69' title='bbox 1323 1401 1515 1464; x_wconf 89' lang='lat' dir='ltr'><strong>accessimus</strong></span> <span class='ocrx_word' id='word_1_70' title='bbox 1544 1400 1746 1464; x_wconf 83' lang='lat' dir='ltr'><strong>informando</strong></span> 
     </span>
     <span class='ocr_line' id='line_1_9' title="bbox 344 1501 1747 1587; baseline 0 -20"><span class='ocrx_word' id='word_1_71' title='bbox 344 1503 492 1584; x_wconf 88' lang='lat' dir='ltr'><strong>eundem,</strong></span> <span class='ocrx_word' id='word_1_72' title='bbox 514 1507 552 1565; x_wconf 90' lang='lat' dir='ltr'><strong>ut</strong></span> <span class='ocrx_word' id='word_1_73' title='bbox 573 1502 679 1586; x_wconf 91' lang='lat' dir='ltr'><strong>ipsum</strong></span> <span class='ocrx_word' id='word_1_74' title='bbox 702 1501 897 1566; x_wconf 88' lang='lat' dir='ltr'><strong>territorium</strong></span> <span class='ocrx_word' id='word_1_75' title='bbox 921 1502 1007 1582; x_wconf 91' lang='lat' dir='ltr'><strong>quod</strong></span> <span class='ocrx_word' id='word_1_76' title='bbox 1031 1521 1125 1565; x_wconf 88' lang='lat' dir='ltr'><strong>suum</strong></span> <span class='ocrx_word' id='word_1_77' title='bbox 1149 1522 1213 1565; x_wconf 91' lang='lat' dir='ltr'><strong>non</strong></span> <span class='ocrx_word' id='word_1_78' title='bbox 1234 1510 1318 1567; x_wconf 86' lang='lat' dir='ltr'><strong>esset</strong></span> <span class='ocrx_word' id='word_1_79' title='bbox 1341 1503 1381 1567; x_wconf 91' lang='lat' dir='ltr'><strong>ob</strong></span> <span class='ocrx_word' id='word_1_80' title='bbox 1405 1510 1585 1587; x_wconf 89' lang='lat' dir='ltr'><strong>respectum</strong></span> <span class='ocrx_word' id='word_1_81' title='bbox 1607 1504 1747 1568; x_wconf 90' lang='lat' dir='ltr'><strong>iustitiae</strong></span> 
     </span>
     <span class='ocr_line' id='line_1_10' title="bbox 344 1604 1747 1691; baseline 0.001 -21"><span class='ocrx_word' id='word_1_82' title='bbox 344 1608 422 1691; x_wconf 91' lang='lat' dir='ltr'><strong>ipsis</strong></span> <span class='ocrx_word' id='word_1_83' title='bbox 444 1606 572 1670; x_wconf 84' lang='lat' dir='ltr'><strong>villanis</strong></span> <span class='ocrx_word' id='word_1_84' title='bbox 594 1606 634 1671; x_wconf 92' lang='lat' dir='ltr'><strong>de</strong></span> <span class='ocrx_word' id='word_1_85' title='bbox 657 1604 911 1688; x_wconf 80' lang='lat' dir='ltr'><strong>Schellenberg¹)</strong></span> <span class='ocrx_word' id='word_1_86' title='bbox 939 1604 1086 1669; x_wconf 92' lang='lat' dir='ltr'><strong>redderet</strong></span> <span class='ocrx_word' id='word_1_87' title='bbox 1108 1609 1139 1669; x_wconf 91' lang='lat' dir='ltr'><strong>et</strong></span> <span class='ocrx_word' id='word_1_88' title='bbox 1160 1607 1343 1689; x_wconf 85' lang='lat' dir='ltr'><strong>resignaret</strong></span> <span class='ocrx_word' id='word_1_89' title='bbox 1380 1607 1521 1671; x_wconf 82' lang='lat' dir='ltr'><strong>Tandem</strong></span> <span class='ocrx_word' id='word_1_90' title='bbox 1542 1607 1747 1691; x_wconf 89' lang='lat' dir='ltr'><strong>praehabitus</strong></span> 
     </span>
     <span class='ocr_line' id='line_1_11' title="bbox 345 1709 1817 1793; baseline -0.003 -18"><span class='ocrx_word' id='word_1_91' title='bbox 345 1730 453 1776; x_wconf 90' lang='lat' dir='ltr'><strong>comes</strong></span> <span class='ocrx_word' id='word_1_92' title='bbox 467 1710 632 1793; x_wconf 82' lang='lat' dir='ltr'><strong>Nycolaus</strong></span> <span class='ocrx_word' id='word_1_93' title='bbox 652 1710 692 1773; x_wconf 92' lang='lat' dir='ltr'><strong>de</strong></span> <span class='ocrx_word' id='word_1_94' title='bbox 705 1709 902 1786; x_wconf 80' lang='lat' dir='ltr'><strong>Tholmacz¹)</strong></span> <span class='ocrx_word' id='word_1_95' title='bbox 925 1709 1207 1773; x_wconf 89' lang='lat' dir='ltr'><strong>animadvertendo</strong></span> <span class='ocrx_word' id='word_1_96' title='bbox 1222 1713 1381 1793; x_wconf 78' lang='lat' dir='ltr'><strong>cognorit</strong></span> <span class='ocrx_word' id='word_1_97' title='bbox 1404 1712 1490 1793; x_wconf 89' lang='lat' dir='ltr'><strong>quod</strong></span> <span class='ocrx_word' id='word_1_98' title='bbox 1514 1712 1633 1776; x_wconf 89' lang='lat' dir='ltr'><strong>dictum</strong></span> <span class='ocrx_word' id='word_1_99' title='bbox 1656 1713 1747 1776; x_wconf 87' lang='lat' dir='ltr'><strong>terri·</strong></span> <span class='ocrx_word' id='word_1_100' title='bbox 1784 1721 1817 1771; x_wconf 82' lang='lat'><strong>10</strong></span> 
     </span>
     <span class='ocr_line' id='line_1_12' title="bbox 345 1813 1746 1897; baseline 0 -18"><span class='ocrx_word' id='word_1_101' title='bbox 345 1817 465 1880; x_wconf 90' lang='lat' dir='ltr'><strong>torium</strong></span> <span class='ocrx_word' id='word_1_102' title='bbox 487 1819 599 1880; x_wconf 87' lang='lat' dir='ltr'><strong>contra</strong></span> <span class='ocrx_word' id='word_1_103' title='bbox 621 1814 774 1878; x_wconf 88' lang='lat' dir='ltr'><strong>iustitiam</strong></span> <span class='ocrx_word' id='word_1_104' title='bbox 805 1820 837 1877; x_wconf 93' lang='lat' dir='ltr'><strong>et</strong></span> <span class='ocrx_word' id='word_1_105' title='bbox 858 1813 992 1877; x_wconf 87' lang='lat' dir='ltr'><strong>salutem</strong></span> <span class='ocrx_word' id='word_1_106' title='bbox 1016 1813 1139 1876; x_wconf 87' lang='lat' dir='ltr'><strong>animae</strong></span> <span class='ocrx_word' id='word_1_107' title='bbox 1169 1835 1246 1878; x_wconf 89' lang='lat' dir='ltr'><strong>suae</strong></span> <span class='ocrx_word' id='word_1_108' title='bbox 1276 1816 1353 1897; x_wconf 87' lang='lat' dir='ltr'><strong>ipsis</strong></span> <span class='ocrx_word' id='word_1_109' title='bbox 1375 1815 1502 1879; x_wconf 84' lang='lat' dir='ltr'><strong>villanis</strong></span> <span class='ocrx_word' id='word_1_110' title='bbox 1524 1815 1563 1879; x_wconf 93' lang='lat' dir='ltr'><strong>de</strong></span> <span class='ocrx_word' id='word_1_111' title='bbox 1586 1815 1746 1880; x_wconf 83' lang='lat' dir='ltr'><strong>Schellen·</strong></span> 
     </span>
     <span class='ocr_line' id='line_1_13' title="bbox 344 1918 1746 2003; baseline -0.002 -19"><span class='ocrx_word' id='word_1_112' title='bbox 344 1918 452 2003; x_wconf 67' lang='lat' dir='ltr'><strong>berg)</strong></span> <span class='ocrx_word' id='word_1_113' title='bbox 476 1918 660 1983; x_wconf 86' lang='lat' dir='ltr'><strong>abstulisset</strong></span> <span class='ocrx_word' id='word_1_114' title='bbox 682 1922 714 1982; x_wconf 92' lang='lat' dir='ltr'><strong>et</strong></span> <span class='ocrx_word' id='word_1_115' title='bbox 736 1918 805 1981; x_wconf 92' lang='lat' dir='ltr'><strong>sine</strong></span> <span class='ocrx_word' id='word_1_116' title='bbox 828 1919 914 1981; x_wconf 89' lang='lat' dir='ltr'><strong>omni</strong></span> <span class='ocrx_word' id='word_1_117' title='bbox 937 1918 1071 2001; x_wconf 87' lang='lat' dir='ltr'><strong>strepitu</strong></span> <span class='ocrx_word' id='word_1_118' title='bbox 1087 1924 1120 1981; x_wconf 92' lang='lat' dir='ltr'><strong>et</strong></span> <span class='ocrx_word' id='word_1_119' title='bbox 1141 1919 1291 1982; x_wconf 81' lang='lat' dir='ltr'><strong>citatione</strong></span> <span class='ocrx_word' id='word_1_120' title='bbox 1307 1919 1415 1982; x_wconf 87' lang='lat' dir='ltr'><strong>iudicii</strong></span> <span class='ocrx_word' id='word_1_121' title='bbox 1438 1938 1516 1982; x_wconf 87' lang='lat' dir='ltr'><strong>sana</strong></span> <span class='ocrx_word' id='word_1_122' title='bbox 1531 1926 1647 1990; x_wconf 77' lang='lat' dir='ltr'><strong>mente.</strong></span> <span class='ocrx_word' id='word_1_123' title='bbox 1669 1938 1746 1983; x_wconf 90' lang='lat' dir='ltr'><strong>sano</strong></span> 
     </span>
     <span class='ocr_line' id='line_1_14' title="bbox 344 2021 1746 2106; baseline 0 -20"><span class='ocrx_word' id='word_1_124' title='bbox 344 2021 487 2103; x_wconf 89' lang='lat' dir='ltr'><strong>consilio,</strong></span> <span class='ocrx_word' id='word_1_125' title='bbox 510 2040 685 2105; x_wconf 89' lang='lat' dir='ltr'><strong>sospesque</strong></span> <span class='ocrx_word' id='word_1_126' title='bbox 708 2041 840 2105; x_wconf 93' lang='lat' dir='ltr'><strong>corpore</strong></span> <span class='ocrx_word' id='word_1_127' title='bbox 863 2042 899 2085; x_wconf 91' lang='lat' dir='ltr'><strong>ac</strong></span> <span class='ocrx_word' id='word_1_128' title='bbox 922 2041 981 2085; x_wconf 89' lang='lat' dir='ltr'><strong>sua</strong></span> <span class='ocrx_word' id='word_1_129' title='bbox 1002 2021 1225 2085; x_wconf 84' lang='lat' dir='ltr'><strong>benevolentia</strong></span> <span class='ocrx_word' id='word_1_130' title='bbox 1247 2022 1412 2086; x_wconf 87' lang='lat' dir='ltr'><strong>voluntate</strong></span> <span class='ocrx_word' id='word_1_131' title='bbox 1435 2030 1631 2106; x_wconf 78' lang='lat' dir='ltr'><strong>praetactum</strong></span> <span class='ocrx_word' id='word_1_132' title='bbox 1655 2024 1746 2087; x_wconf 87' lang='lat' dir='ltr'><strong>terri-</strong></span> 
     </span>
     <span class='ocr_line' id='line_1_15' title="bbox 345 2124 1747 2210; baseline 0.001 -21"><span class='ocrx_word' id='word_1_133' title='bbox 345 2126 464 2190; x_wconf 87' lang='lat' dir='ltr'><strong>torium</strong></span> <span class='ocrx_word' id='word_1_134' title='bbox 486 2124 564 2209; x_wconf 92' lang='lat' dir='ltr'><strong>ipsis</strong></span> <span class='ocrx_word' id='word_1_135' title='bbox 586 2124 714 2189; x_wconf 88' lang='lat' dir='ltr'><strong>villanis</strong></span> <span class='ocrx_word' id='word_1_136' title='bbox 736 2146 809 2189; x_wconf 87' lang='lat' dir='ltr'><strong>cum</strong></span> <span class='ocrx_word' id='word_1_137' title='bbox 826 2127 912 2188; x_wconf 90' lang='lat' dir='ltr'><strong>omni</strong></span> <span class='ocrx_word' id='word_1_138' title='bbox 927 2126 996 2189; x_wconf 90' lang='lat' dir='ltr'><strong>iure</strong></span> <span class='ocrx_word' id='word_1_139' title='bbox 1022 2145 1085 2207; x_wconf 91' lang='lat' dir='ltr'><strong>quo</strong></span> <span class='ocrx_word' id='word_1_140' title='bbox 1108 2127 1287 2208; x_wconf 90' lang='lat' dir='ltr'><strong>antiquitus</strong></span> <span class='ocrx_word' id='word_1_141' title='bbox 1309 2128 1414 2210; x_wconf 89' lang='lat' dir='ltr'><strong>ipsum</strong></span> <span class='ocrx_word' id='word_1_142' title='bbox 1430 2126 1588 2191; x_wconf 87' lang='lat' dir='ltr'><strong>habebant</strong></span> <span class='ocrx_word' id='word_1_143' title='bbox 1609 2127 1747 2191; x_wconf 89' lang='lat' dir='ltr'><strong>reddidit</strong></span> 
     </span>
     <span class='ocr_line' id='line_1_16' title="bbox 345 2230 1814 2314; baseline -0.004 -19"><span class='ocrx_word' id='word_1_144' title='bbox 345 2235 378 2295; x_wconf 91' lang='lat' dir='ltr'><strong>et</strong></span> <span class='ocrx_word' id='word_1_145' title='bbox 400 2230 583 2313; x_wconf 70' lang='lat' dir='ltr'><strong>resignavit,</strong></span> <span class='ocrx_word' id='word_1_146' title='bbox 613 2234 645 2293; x_wconf 90' lang='lat' dir='ltr'><strong>et</strong></span> <span class='ocrx_word' id='word_1_147' title='bbox 674 2231 803 2314; x_wconf 88' lang='lat' dir='ltr'><strong>propria</strong></span> <span class='ocrx_word' id='word_1_148' title='bbox 824 2230 856 2292; x_wconf 92' lang='lat' dir='ltr'><strong>in</strong></span> <span class='ocrx_word' id='word_1_149' title='bbox 880 2249 1017 2314; x_wconf 88' lang='lat' dir='ltr'><strong>persona</strong></span> <span class='ocrx_word' id='word_1_150' title='bbox 1038 2230 1143 2293; x_wconf 86' lang='lat' dir='ltr'><strong>dictus</strong></span> <span class='ocrx_word' id='word_1_151' title='bbox 1172 2251 1278 2294; x_wconf 83' lang='lat' dir='ltr'><strong>comas</strong></span> <span class='ocrx_word' id='word_1_152' title='bbox 1301 2231 1464 2312; x_wconf 87' lang='lat' dir='ltr'><strong>Nycolaus</strong></span> <span class='ocrx_word' id='word_1_153' title='bbox 1487 2230 1526 2294; x_wconf 91' lang='lat' dir='ltr'><strong>de</strong></span> <span class='ocrx_word' id='word_1_154' title='bbox 1547 2231 1714 2294; x_wconf 84' lang='lat' dir='ltr'><strong>Thoimaoz</strong></span> <span class='ocrx_word' id='word_1_155' title='bbox 1723 2232 1744 2308; x_wconf 93' lang='lat'><strong>¹)</strong></span> <span class='ocrx_word' id='word_1_156' title='bbox 1783 2241 1814 2290; x_wconf 77' lang='lat' dir='ltr'><strong>lo</strong></span> 
     </span>
     <span class='ocr_line' id='line_1_17' title="bbox 344 2334 1746 2415; baseline -0.001 -17"><span class='ocrx_word' id='word_1_157' title='bbox 344 2334 488 2399; x_wconf 88' lang='lat' dir='ltr'><strong>ascendit</strong></span> <span class='ocrx_word' id='word_1_158' title='bbox 516 2353 637 2415; x_wconf 92' lang='lat' dir='ltr'><strong>equum</strong></span> <span class='ocrx_word' id='word_1_159' title='bbox 666 2352 762 2396; x_wconf 90' lang='lat' dir='ltr'><strong>suum</strong></span> <span class='ocrx_word' id='word_1_160' title='bbox 792 2338 824 2396; x_wconf 92' lang='lat' dir='ltr'><strong>et</strong></span> <span class='ocrx_word' id='word_1_161' title='bbox 853 2352 960 2397; x_wconf 89' lang='lat' dir='ltr'><strong>comes</strong></span> <span class='ocrx_word' id='word_1_162' title='bbox 990 2334 1135 2415; x_wconf 87' lang='lat' dir='ltr'><strong>Mychael</strong></span> <span class='ocrx_word' id='word_1_163' title='bbox 1165 2336 1204 2399; x_wconf 89' lang='lat' dir='ltr'><strong>do</strong></span> <span class='ocrx_word' id='word_1_164' title='bbox 1233 2334 1330 2398; x_wconf 89' lang='lat' dir='ltr'><strong>Helta</strong></span> <span class='ocrx_word' id='word_1_165' title='bbox 1361 2342 1393 2399; x_wconf 89' lang='lat' dir='ltr'><strong>et</strong></span> <span class='ocrx_word' id='word_1_166' title='bbox 1422 2353 1529 2398; x_wconf 87' lang='lat' dir='ltr'><strong>comes</strong></span> <span class='ocrx_word' id='word_1_167' title='bbox 1551 2334 1685 2397; x_wconf 82' lang='lat' dir='ltr'><strong>Michael</strong></span> <span class='ocrx_word' id='word_1_168' title='bbox 1714 2341 1746 2397; x_wconf 87' lang='lat' dir='ltr'><strong>et</strong></span> 
     </span>
     <span class='ocr_line' id='line_1_18' title="bbox 346 2436 1746 2522; baseline -0.001 -20"><span class='ocrx_word' id='word_1_169' title='bbox 346 2439 444 2502; x_wconf 86' lang='lat' dir='ltr'><strong>trater</strong></span> <span class='ocrx_word' id='word_1_170' title='bbox 466 2438 607 2502; x_wconf 89' lang='lat' dir='ltr'><strong>eiusdem</strong></span> <span class='ocrx_word' id='word_1_171' title='bbox 639 2456 745 2501; x_wconf 87' lang='lat' dir='ltr'><strong>comes</strong></span> <span class='ocrx_word' id='word_1_172' title='bbox 767 2436 888 2500; x_wconf 90' lang='lat' dir='ltr'><strong>Paulus</strong></span> <span class='ocrx_word' id='word_1_173' title='bbox 917 2436 975 2500; x_wconf 91' lang='lat' dir='ltr'><strong>filii</strong></span> <span class='ocrx_word' id='word_1_174' title='bbox 997 2439 1121 2501; x_wconf 87' lang='lat' dir='ltr'><strong>comitis</strong></span> <span class='ocrx_word' id='word_1_175' title='bbox 1144 2437 1277 2519; x_wconf 85' lang='lat' dir='ltr'><strong>Nycolai</strong></span> <span class='ocrx_word' id='word_1_176' title='bbox 1308 2438 1347 2500; x_wconf 93' lang='lat' dir='ltr'><strong>de</strong></span> <span class='ocrx_word' id='word_1_177' title='bbox 1370 2438 1612 2522; x_wconf 80' lang='lat' dir='ltr'><strong>Eppondorth,⁹)</strong></span> <span class='ocrx_word' id='word_1_178' title='bbox 1633 2439 1746 2520; x_wconf 83' lang='lat' dir='ltr'><strong>Heyn-</strong></span> 
     </span>
     <span class='ocr_line' id='line_1_19' title="bbox 344 2540 1745 2624; baseline -0.001 -18"><span class='ocrx_word' id='word_1_179' title='bbox 344 2562 490 2624; x_wconf 80' lang='lat' dir='ltr'><strong>mannus,</strong></span> <span class='ocrx_word' id='word_1_180' title='bbox 511 2542 676 2606; x_wconf 73' lang='lat' dir='ltr'><strong>iohannes</strong></span> <span class='ocrx_word' id='word_1_181' title='bbox 690 2540 862 2622; x_wconf 81' lang='lat' dir='ltr'><strong>Hoybit‚¹⁰)</strong></span> <span class='ocrx_word' id='word_1_182' title='bbox 885 2540 1048 2622; x_wconf 83' lang='lat' dir='ltr'><strong>Nycolaus</strong></span> <span class='ocrx_word' id='word_1_183' title='bbox 1063 2541 1211 2621; x_wconf 69' lang='lat' dir='ltr'><strong>Schrutil,</strong></span> <span class='ocrx_word' id='word_1_184' title='bbox 1235 2541 1399 2623; x_wconf 88' lang='lat' dir='ltr'><strong>Nycolaus</strong></span> <span class='ocrx_word' id='word_1_185' title='bbox 1421 2543 1685 2619; x_wconf 83' lang='lat' dir='ltr'><strong>Schakensmit¹¹)</strong></span> <span class='ocrx_word' id='word_1_186' title='bbox 1708 2562 1745 2605; x_wconf 88' lang='lat' dir='ltr'><strong>ac</strong></span> 
     </span>
     <span class='ocr_line' id='line_1_20' title="bbox 344 2645 1745 2728; baseline -0.001 -17"><span class='ocrx_word' id='word_1_187' title='bbox 344 2646 509 2728; x_wconf 88' lang='lat' dir='ltr'><strong>Nycolaus</strong></span> <span class='ocrx_word' id='word_1_188' title='bbox 543 2645 809 2728; x_wconf 85' lang='lat' dir='ltr'><strong>Soharienberger</strong></span> <span class='ocrx_word' id='word_1_189' title='bbox 842 2645 929 2708; x_wconf 89' lang='lat' dir='ltr'><strong>cives</strong></span> <span class='ocrx_word' id='word_1_190' title='bbox 962 2645 1002 2708; x_wconf 90' lang='lat' dir='ltr'><strong>de</strong></span> <span class='ocrx_word' id='word_1_191' title='bbox 1035 2647 1103 2728; x_wconf 90' lang='lat' dir='ltr'><strong>ipsa</strong></span> <span class='ocrx_word' id='word_1_192' title='bbox 1135 2646 1300 2709; x_wconf 85' lang='lat' dir='ltr'><strong>Tholmacz</strong></span> <span class='ocrx_word' id='word_1_193' title='bbox 1310 2647 1331 2723; x_wconf 82' lang='lat'><strong>¹)</strong></span> <span class='ocrx_word' id='word_1_194' title='bbox 1376 2668 1449 2711; x_wconf 86' lang='lat' dir='ltr'><strong>cum</strong></span> <span class='ocrx_word' id='word_1_195' title='bbox 1484 2646 1595 2710; x_wconf 91' lang='lat' dir='ltr'><strong>eodem</strong></span> <span class='ocrx_word' id='word_1_196' title='bbox 1629 2646 1745 2709; x_wconf 90' lang='lat' dir='ltr'><strong>comite</strong></span> 
     </span>
     <span class='ocr_line' id='line_1_21' title="bbox 345 2748 1814 2832; baseline -0.003 -17"><span class='ocrx_word' id='word_1_197' title='bbox 345 2750 489 2832; x_wconf 81' lang='lat' dir='ltr'><strong>Nycolao</strong></span> <span class='ocrx_word' id='word_1_198' title='bbox 513 2756 546 2814; x_wconf 90' lang='lat' dir='ltr'><strong>et</strong></span> <span class='ocrx_word' id='word_1_199' title='bbox 568 2749 733 2814; x_wconf 90' lang='lat' dir='ltr'><strong>nobiscum</strong></span> <span class='ocrx_word' id='word_1_200' title='bbox 756 2750 862 2832; x_wconf 89' lang='lat' dir='ltr'><strong>ipsum</strong></span> <span class='ocrx_word' id='word_1_201' title='bbox 885 2748 1078 2812; x_wconf 87' lang='lat' dir='ltr'><strong>territorium</strong></span> <span class='ocrx_word' id='word_1_202' title='bbox 1102 2750 1279 2813; x_wconf 88' lang='lat' dir='ltr'><strong>secundnm</strong></span> <span class='ocrx_word' id='word_1_203' title='bbox 1301 2752 1438 2815; x_wconf 86' lang='lat' dir='ltr'><strong>animam</strong></span> <span class='ocrx_word' id='word_1_204' title='bbox 1462 2750 1696 2815; x_wconf 84' lang='lat' dir='ltr'><strong>reambulantes</strong></span> <span class='ocrx_word' id='word_1_205' title='bbox 1712 2755 1745 2813; x_wconf 88' lang='lat' dir='ltr'><strong>et</strong></span> <span class='ocrx_word' id='word_1_206' title='bbox 1779 2757 1814 2811; x_wconf 84' lang='lat'><strong>20</strong></span> 
     </span>
     <span class='ocr_line' id='line_1_22' title="bbox 343 2851 1745 2939; baseline -0.003 -20"><span class='ocrx_word' id='word_1_207' title='bbox 343 2860 416 2939; x_wconf 90' lang='lat' dir='ltr'><strong>post</strong></span> <span class='ocrx_word' id='word_1_208' title='bbox 445 2853 729 2919; x_wconf 83' lang='lat' dir='ltr'><strong>reambuiationem</strong></span> <span class='ocrx_word' id='word_1_209' title='bbox 758 2859 976 2935; x_wconf 88' lang='lat' dir='ltr'><strong>praenotatam</strong></span> <span class='ocrx_word' id='word_1_210' title='bbox 1006 2859 1134 2936; x_wconf 90' lang='lat' dir='ltr'><strong>propter</strong></span> <span class='ocrx_word' id='word_1_211' title='bbox 1164 2851 1283 2916; x_wconf 88' lang='lat' dir='ltr'><strong>bonum</strong></span> <span class='ocrx_word' id='word_1_212' title='bbox 1314 2853 1401 2937; x_wconf 88' lang='lat' dir='ltr'><strong>pacis</strong></span> <span class='ocrx_word' id='word_1_213' title='bbox 1423 2861 1455 2918; x_wconf 91' lang='lat' dir='ltr'><strong>et</strong></span> <span class='ocrx_word' id='word_1_214' title='bbox 1480 2854 1639 2918; x_wconf 88' lang='lat' dir='ltr'><strong>commodi</strong></span> <span class='ocrx_word' id='word_1_215' title='bbox 1661 2854 1745 2916; x_wconf 90' lang='lat' dir='ltr'><strong>inter</strong></span> 
     </span>
     <span class='ocr_line' id='line_1_23' title="bbox 344 2956 1745 3043; baseline -0.001 -22"><span class='ocrx_word' id='word_1_216' title='bbox 344 2959 429 3043; x_wconf 89' lang='lat' dir='ltr'><strong>ipsas</strong></span> <span class='ocrx_word' id='word_1_217' title='bbox 458 2964 565 3042; x_wconf 88' lang='lat' dir='ltr'><strong>partes</strong></span> <span class='ocrx_word' id='word_1_218' title='bbox 596 2978 632 3021; x_wconf 92' lang='lat' dir='ltr'><strong>ac</strong></span> <span class='ocrx_word' id='word_1_219' title='bbox 654 2957 827 3021; x_wconf 90' lang='lat' dir='ltr'><strong>earundem</strong></span> <span class='ocrx_word' id='word_1_220' title='bbox 859 2976 1058 3021; x_wconf 88' lang='lat' dir='ltr'><strong>successores</strong></span> <span class='ocrx_word' id='word_1_221' title='bbox 1088 2956 1266 3020; x_wconf 88' lang='lat' dir='ltr'><strong>habendum</strong></span> <span class='ocrx_word' id='word_1_222' title='bbox 1297 2964 1450 3041; x_wconf 88' lang='lat' dir='ltr'><strong>perpetue</strong></span> <span class='ocrx_word' id='word_1_223' title='bbox 1481 2964 1513 3022; x_wconf 92' lang='lat' dir='ltr'><strong>et</strong></span> <span class='ocrx_word' id='word_1_224' title='bbox 1541 2958 1745 3021; x_wconf 89' lang='lat' dir='ltr'><strong>retinendum</strong></span> 
     </span>
     <span class='ocr_line' id='line_1_24' title="bbox 344 3061 1745 3145; baseline -0.003 -18"><span class='ocrx_word' id='word_1_225' title='bbox 344 3063 384 3126; x_wconf 87' lang='lat' dir='ltr'><strong>ad</strong></span> <span class='ocrx_word' id='word_1_226' title='bbox 399 3062 527 3127; x_wconf 82' lang='lat' dir='ltr'><strong>futurae</strong></span> <span class='ocrx_word' id='word_1_227' title='bbox 549 3062 613 3125; x_wconf 91' lang='lat' dir='ltr'><strong>litis</strong></span> <span class='ocrx_word' id='word_1_228' title='bbox 632 3062 796 3125; x_wconf 82' lang='lat' dir='ltr'><strong>materiam</strong></span> <span class='ocrx_word' id='word_1_229' title='bbox 811 3062 1040 3145; x_wconf 83' lang='lat' dir='ltr'><strong>praecavendo.</strong></span> <span class='ocrx_word' id='word_1_230' title='bbox 1063 3067 1162 3125; x_wconf 88' lang='lat' dir='ltr'><strong>metas</strong></span> <span class='ocrx_word' id='word_1_231' title='bbox 1184 3080 1226 3124; x_wconf 79' lang='lat' dir='ltr'><strong>ex</strong></span> <span class='ocrx_word' id='word_1_232' title='bbox 1248 3067 1337 3145; x_wconf 88' lang='lat' dir='ltr'><strong>parte</strong></span> <span class='ocrx_word' id='word_1_233' title='bbox 1360 3062 1461 3145; x_wconf 87' lang='lat' dir='ltr'><strong>ipsius</strong></span> <span class='ocrx_word' id='word_1_234' title='bbox 1483 3061 1633 3126; x_wconf 85' lang='lat' dir='ltr'><strong>territorii</strong></span> <span class='ocrx_word' id='word_1_235' title='bbox 1648 3061 1745 3124; x_wconf 88' lang='lat' dir='ltr'><strong>collo·</strong></span> 
     </span>
     <span class='ocr_line' id='line_1_25' title="bbox 343 3163 1742 3252; baseline -0.003 -21"><span class='ocrx_word' id='word_1_236' title='bbox 343 3172 498 3231; x_wconf 81' lang='lat' dir='ltr'><strong>cavarunt</strong></span> <span class='ocrx_word' id='word_1_237' title='bbox 519 3185 576 3252; x_wconf 90' lang='lat' dir='ltr'><strong>per</strong></span> <span class='ocrx_word' id='word_1_238' title='bbox 601 3166 687 3229; x_wconf 89' lang='lat' dir='ltr'><strong>hunc</strong></span> <span class='ocrx_word' id='word_1_239' title='bbox 709 3165 848 3228; x_wconf 91' lang='lat' dir='ltr'><strong>modum.</strong></span> <span class='ocrx_word' id='word_1_240' title='bbox 886 3165 993 3228; x_wconf 84' lang='lat' dir='ltr'><strong>Prima</strong></span> <span class='ocrx_word' id='word_1_241' title='bbox 1015 3165 1126 3248; x_wconf 92' lang='lat' dir='ltr'><strong>incipit</strong></span> <span class='ocrx_word' id='word_1_242' title='bbox 1148 3166 1231 3228; x_wconf 91' lang='lat' dir='ltr'><strong>circa</strong></span> <span class='ocrx_word' id='word_1_243' title='bbox 1253 3166 1408 3248; x_wconf 88' lang='lat' dir='ltr'><strong>lapideam</strong></span> <span class='ocrx_word' id='word_1_244' title='bbox 1432 3166 1516 3228; x_wconf 83' lang='lat' dir='ltr'><strong>viam</strong></span> <span class='ocrx_word' id='word_1_245' title='bbox 1540 3183 1622 3247; x_wconf 90' lang='lat' dir='ltr'><strong>qnae</strong></span> <span class='ocrx_word' id='word_1_246' title='bbox 1646 3163 1742 3247; x_wconf 86' lang='lat' dir='ltr'><strong>vulgo</strong></span> 
     </span>
     <span class='ocr_line' id='line_1_26' title="bbox 343 3269 1811 3353; baseline -0.002 -19"><span class='ocrx_word' id='word_1_247' title='bbox 343 3270 460 3335; x_wconf 89' lang='lat' dir='ltr'><strong>dicitur</strong></span> <span class='ocrx_word' id='word_1_248' title='bbox 482 3269 655 3353; x_wconf 81' lang='lat' dir='ltr'><strong>Steynweg</strong></span> <span class='ocrx_word' id='word_1_249' title='bbox 684 3270 764 3333; x_wconf 89' lang='lat' dir='ltr'><strong>citra</strong></span> <span class='ocrx_word' id='word_1_250' title='bbox 793 3288 890 3332; x_wconf 88' lang='lat' dir='ltr'><strong>uuam</strong></span> <span class='ocrx_word' id='word_1_251' title='bbox 914 3287 1077 3351; x_wconf 83' lang='lat' dir='ltr'><strong>quercum,</strong></span> <span class='ocrx_word' id='word_1_252' title='bbox 1109 3289 1192 3351; x_wconf 88' lang='lat' dir='ltr'><strong>quae</strong></span> <span class='ocrx_word' id='word_1_253' title='bbox 1214 3270 1464 3352; x_wconf 86' lang='lat' dir='ltr'><strong>circumquaque</strong></span> <span class='ocrx_word' id='word_1_254' title='bbox 1491 3274 1539 3333; x_wconf 91' lang='lat' dir='ltr'><strong>est</strong></span> <span class='ocrx_word' id='word_1_255' title='bbox 1561 3288 1635 3332; x_wconf 91' lang='lat' dir='ltr'><strong>cum</strong></span> <span class='ocrx_word' id='word_1_256' title='bbox 1657 3274 1742 3332; x_wconf 88' lang='lat' dir='ltr'><strong>terra</strong></span> <span class='ocrx_word' id='word_1_257' title='bbox 1777 3276 1811 3331; x_wconf 78' lang='lat'><strong>25</strong></span> 
     </span>
     <span class='ocr_line' id='line_1_27' title="bbox 344 3372 1743 3456; baseline -0.004 -17"><span class='ocrx_word' id='word_1_258' title='bbox 344 3372 605 3456; x_wconf 61' lang='lat' dir='ltr'><strong>enoumvulsasst</strong></span> <span class='ocrx_word' id='word_1_259' title='bbox 636 3380 669 3437; x_wconf 90' lang='lat' dir='ltr'><strong>et</strong></span> <span class='ocrx_word' id='word_1_260' title='bbox 697 3372 812 3436; x_wconf 88' lang='lat' dir='ltr'><strong>deinde</strong></span> <span class='ocrx_word' id='word_1_261' title='bbox 842 3373 1002 3456; x_wconf 91' lang='lat' dir='ltr'><strong>protendit</strong></span> <span class='ocrx_word' id='word_1_262' title='bbox 1032 3373 1151 3437; x_wconf 87' lang='lat' dir='ltr'><strong>directo</strong></span> <span class='ocrx_word' id='word_1_263' title='bbox 1181 3374 1275 3436; x_wconf 90' lang='lat' dir='ltr'><strong>modo</strong></span> <span class='ocrx_word' id='word_1_264' title='bbox 1306 3393 1419 3438; x_wconf 89' lang='lat' dir='ltr'><strong>versus</strong></span> <span class='ocrx_word' id='word_1_265' title='bbox 1452 3393 1567 3455; x_wconf 89' lang='lat' dir='ltr'><strong>aquam</strong></span> <span class='ocrx_word' id='word_1_266' title='bbox 1600 3373 1743 3448; x_wconf 82' lang='lat' dir='ltr'><strong>Zcoth¹¹)</strong></span> 
     </span>
     <span class='ocr_line' id='line_1_28' title="bbox 343 3477 1744 3560; baseline -0.003 -17"><span class='ocrx_word' id='word_1_267' title='bbox 343 3484 488 3543; x_wconf 82' lang='lat' dir='ltr'><strong>vocatam</strong></span> <span class='ocrx_word' id='word_1_268' title='bbox 518 3484 550 3542; x_wconf 90' lang='lat' dir='ltr'><strong>et</strong></span> <span class='ocrx_word' id='word_1_269' title='bbox 581 3477 663 3541; x_wconf 87' lang='lat' dir='ltr'><strong>ultra</strong></span> <span class='ocrx_word' id='word_1_270' title='bbox 692 3478 793 3560; x_wconf 90' lang='lat' dir='ltr'><strong>ipsam</strong></span> <span class='ocrx_word' id='word_1_271' title='bbox 823 3497 939 3558; x_wconf 89' lang='lat' dir='ltr'><strong>aquam</strong></span> <span class='ocrx_word' id='word_1_272' title='bbox 973 3477 1107 3540; x_wconf 86' lang='lat' dir='ltr'><strong>ulterius</strong></span> <span class='ocrx_word' id='word_1_273' title='bbox 1138 3497 1240 3559; x_wconf 89' lang='lat' dir='ltr'><strong>usque</strong></span> <span class='ocrx_word' id='word_1_274' title='bbox 1270 3478 1309 3541; x_wconf 89' lang='lat' dir='ltr'><strong>ad</strong></span> <span class='ocrx_word' id='word_1_275' title='bbox 1340 3478 1461 3557; x_wconf 80' lang='lat' dir='ltr'><strong>silvam,</strong></span> <span class='ocrx_word' id='word_1_276' title='bbox 1493 3498 1575 3560; x_wconf 90' lang='lat' dir='ltr'><strong>quae</strong></span> <span class='ocrx_word' id='word_1_277' title='bbox 1603 3477 1744 3541; x_wconf 84' lang='lat' dir='ltr'><strong>Tanwalt</strong></span> 
     </span>
     <span class='ocr_line' id='line_1_29' title="bbox 344 3580 1743 3666; baseline 0 -21"><span class='ocrx_word' id='word_1_278' title='bbox 344 3581 522 3666; x_wconf 88' lang='lat' dir='ltr'><strong>appellatur</strong></span> <span class='ocrx_word' id='word_1_279' title='bbox 551 3585 583 3643; x_wconf 93' lang='lat' dir='ltr'><strong>et</strong></span> <span class='ocrx_word' id='word_1_280' title='bbox 611 3580 655 3643; x_wconf 93' lang='lat' dir='ltr'><strong>ibi</strong></span> <span class='ocrx_word' id='word_1_281' title='bbox 685 3581 790 3665; x_wconf 88' lang='lat' dir='ltr'><strong>ipsum</strong></span> <span class='ocrx_word' id='word_1_282' title='bbox 812 3582 1006 3644; x_wconf 88' lang='lat' dir='ltr'><strong>territorium</strong></span> <span class='ocrx_word' id='word_1_283' title='bbox 1030 3582 1226 3663; x_wconf 71' lang='lat' dir='ltr'><strong>terminatur,</strong></span> <span class='ocrx_word' id='word_1_284' title='bbox 1250 3589 1282 3645; x_wconf 92' lang='lat' dir='ltr'><strong>et</strong></span> <span class='ocrx_word' id='word_1_285' title='bbox 1310 3589 1400 3666; x_wconf 84' lang='lat' dir='ltr'><strong>prata</strong></span> <span class='ocrx_word' id='word_1_286' title='bbox 1430 3602 1511 3664; x_wconf 87' lang='lat' dir='ltr'><strong>quae</strong></span> <span class='ocrx_word' id='word_1_287' title='bbox 1542 3588 1618 3645; x_wconf 85' lang='lat' dir='ltr'><strong>sunt</strong></span> <span class='ocrx_word' id='word_1_288' title='bbox 1640 3582 1743 3659; x_wconf 81' lang='lat' dir='ltr'><strong>sita¹¹)</strong></span> 
     </span>
     <span class='ocr_line' id='line_1_30' title="bbox 343 3685 1742 3769; baseline -0.001 -20"><span class='ocrx_word' id='word_1_289' title='bbox 343 3705 385 3749; x_wconf 87' lang='lat' dir='ltr'><strong>ex</strong></span> <span class='ocrx_word' id='word_1_290' title='bbox 415 3686 469 3748; x_wconf 83' lang='lat' dir='ltr'><strong>illa</strong></span> <span class='ocrx_word' id='word_1_291' title='bbox 490 3691 580 3769; x_wconf 90' lang='lat' dir='ltr'><strong>parte</strong></span> <span class='ocrx_word' id='word_1_292' title='bbox 609 3703 711 3766; x_wconf 86' lang='lat' dir='ltr'><strong>aquae</strong></span> <span class='ocrx_word' id='word_1_293' title='bbox 740 3692 932 3748; x_wconf 88' lang='lat' dir='ltr'><strong>memoratae</strong></span> <span class='ocrx_word' id='word_1_294' title='bbox 962 3685 1024 3749; x_wconf 85' lang='lat' dir='ltr'><strong>iilis</strong></span> <span class='ocrx_word' id='word_1_295' title='bbox 1047 3686 1086 3749; x_wconf 94' lang='lat' dir='ltr'><strong>de</strong></span> <span class='ocrx_word' id='word_1_296' title='bbox 1107 3685 1304 3763; x_wconf 68' lang='lat' dir='ltr'><strong>Tholmacffl)</strong></span> <span class='ocrx_word' id='word_1_297' title='bbox 1327 3685 1444 3749; x_wconf 91' lang='lat' dir='ltr'><strong>debent</strong></span> <span class='ocrx_word' id='word_1_298' title='bbox 1470 3707 1538 3750; x_wconf 85' lang='lat' dir='ltr'><strong>esse</strong></span> <span class='ocrx_word' id='word_1_299' title='bbox 1569 3686 1667 3750; x_wconf 78' lang='lat' dir='ltr'><strong>libera</strong></span> <span class='ocrx_word' id='word_1_300' title='bbox 1696 3687 1742 3749; x_wconf 91' lang='lat' dir='ltr'><strong>uti</strong></span> 
     </span>
     <span class='ocr_line' id='line_1_31' title="bbox 343 3790 1813 3873; baseline -0.002 -20"><span class='ocrx_word' id='word_1_301' title='bbox 343 3790 383 3854; x_wconf 92' lang='lat' dir='ltr'><strong>de</strong></span> <span class='ocrx_word' id='word_1_302' title='bbox 405 3791 524 3855; x_wconf 89' lang='lat' dir='ltr'><strong>eisdem</strong></span> <span class='ocrx_word' id='word_1_303' title='bbox 548 3796 703 3872; x_wconf 88' lang='lat' dir='ltr'><strong>quantum</strong></span> <span class='ocrx_word' id='word_1_304' title='bbox 726 3796 870 3873; x_wconf 71' lang='lat' dir='ltr'><strong>possunt</strong></span> <span class='ocrx_word' id='word_1_305' title='bbox 892 3790 948 3854; x_wconf 90' lang='lat' dir='ltr'><strong>sed</strong></span> <span class='ocrx_word' id='word_1_306' title='bbox 973 3790 1086 3854; x_wconf 90' lang='lat' dir='ltr'><strong>rubeta</strong></span> <span class='ocrx_word' id='word_1_307' title='bbox 1101 3790 1218 3854; x_wconf 89' lang='lat' dir='ltr'><strong>ibidem</strong></span> <span class='ocrx_word' id='word_1_308' title='bbox 1241 3790 1358 3855; x_wconf 92' lang='lat' dir='ltr'><strong>debent</strong></span> <span class='ocrx_word' id='word_1_309' title='bbox 1381 3810 1451 3854; x_wconf 88' lang='lat' dir='ltr'><strong>esse</strong></span> <span class='ocrx_word' id='word_1_310' title='bbox 1473 3790 1655 3853; x_wconf 88' lang='lat' dir='ltr'><strong>communia</strong></span> <span class='ocrx_word' id='word_1_311' title='bbox 1676 3810 1742 3852; x_wconf 88' lang='lat' dir='ltr'><strong>am·</strong></span> <span class='ocrx_word' id='word_1_312' title='bbox 1779 3796 1813 3850; x_wconf 86' lang='lat'><strong>30</strong></span> 
     </span>
     <span class='ocr_line' id='line_1_32' title="bbox 343 3892 1741 3978; baseline -0.001 -20"><span class='ocrx_word' id='word_1_313' title='bbox 343 3894 446 3959; x_wconf 83' lang='lat' dir='ltr'><strong>batus</strong></span> <span class='ocrx_word' id='word_1_314' title='bbox 467 3894 610 3978; x_wconf 90' lang='lat' dir='ltr'><strong>partibus</strong></span> <span class='ocrx_word' id='word_1_315' title='bbox 633 3899 696 3957; x_wconf 90' lang='lat' dir='ltr'><strong>tam</strong></span> <span class='ocrx_word' id='word_1_316' title='bbox 721 3893 784 3958; x_wconf 83' lang='lat' dir='ltr'><strong>iilis</strong></span> <span class='ocrx_word' id='word_1_317' title='bbox 807 3894 845 3958; x_wconf 89' lang='lat' dir='ltr'><strong>de</strong></span> <span class='ocrx_word' id='word_1_318' title='bbox 859 3894 1056 3970; x_wconf 82' lang='lat' dir='ltr'><strong>Tholmacz¹)</strong></span> <span class='ocrx_word' id='word_1_319' title='bbox 1081 3914 1176 3976; x_wconf 91' lang='lat' dir='ltr'><strong>quam</strong></span> <span class='ocrx_word' id='word_1_320' title='bbox 1200 3893 1263 3957; x_wconf 88' lang='lat' dir='ltr'><strong>illis</strong></span> <span class='ocrx_word' id='word_1_321' title='bbox 1285 3893 1324 3958; x_wconf 91' lang='lat' dir='ltr'><strong>de</strong></span> <span class='ocrx_word' id='word_1_322' title='bbox 1340 3892 1594 3977; x_wconf 81' lang='lat' dir='ltr'><strong>Schellenberg¹)</strong></span> <span class='ocrx_word' id='word_1_323' title='bbox 1618 3893 1741 3957; x_wconf 84' lang='lat' dir='ltr'><strong>nullum</strong></span> 
     </span>
     <span class='ocr_line' id='line_1_33' title="bbox 344 3997 1742 4082; baseline -0.001 -21"><span class='ocrx_word' id='word_1_324' title='bbox 344 3998 533 4063; x_wconf 86' lang='lat' dir='ltr'><strong>offendendo</strong></span> <span class='ocrx_word' id='word_1_325' title='bbox 548 3997 582 4061; x_wconf 93' lang='lat' dir='ltr'><strong>in</strong></span> <span class='ocrx_word' id='word_1_326' title='bbox 598 3998 726 4079; x_wconf 80' lang='lat' dir='ltr'><strong>eisdem,</strong></span> <span class='ocrx_word' id='word_1_327' title='bbox 749 3998 805 4062; x_wconf 89' lang='lat' dir='ltr'><strong>sed</strong></span> <span class='ocrx_word' id='word_1_328' title='bbox 821 3999 887 4081; x_wconf 82' lang='lat' dir='ltr'><strong>agri</strong></span> <span class='ocrx_word' id='word_1_329' title='bbox 903 3999 1038 4063; x_wconf 88' lang='lat' dir='ltr'><strong>arabiles</strong></span> <span class='ocrx_word' id='word_1_330' title='bbox 1060 4018 1103 4062; x_wconf 80' lang='lat' dir='ltr'><strong>ex</strong></span> <span class='ocrx_word' id='word_1_331' title='bbox 1125 3999 1185 4062; x_wconf 89' lang='lat' dir='ltr'><strong>ista</strong></span> <span class='ocrx_word' id='word_1_332' title='bbox 1200 4004 1289 4082; x_wconf 88' lang='lat' dir='ltr'><strong>parte</strong></span> <span class='ocrx_word' id='word_1_333' title='bbox 1304 3998 1405 4082; x_wconf 89' lang='lat' dir='ltr'><strong>ipsius</strong></span> <span class='ocrx_word' id='word_1_334' title='bbox 1427 4018 1530 4080; x_wconf 89' lang='lat' dir='ltr'><strong>aquae</strong></span> <span class='ocrx_word' id='word_1_335' title='bbox 1553 4003 1585 4062; x_wconf 91' lang='lat' dir='ltr'><strong>ot</strong></span> <span class='ocrx_word' id='word_1_336' title='bbox 1606 4004 1697 4082; x_wconf 89' lang='lat' dir='ltr'><strong>prata</strong></span> <span class='ocrx_word' id='word_1_337' title='bbox 1707 3998 1742 4074; x_wconf 88' lang='lat'><strong>¹¹)</strong></span> 
     </span>
     <span class='ocr_line' id='line_1_34' title="bbox 343 4100 1741 4186; baseline 0 -21"><span class='ocrx_word' id='word_1_338' title='bbox 343 4101 460 4166; x_wconf 90' lang='lat' dir='ltr'><strong>debent</strong></span> <span class='ocrx_word' id='word_1_339' title='bbox 475 4101 675 4165; x_wconf 89' lang='lat' dir='ltr'><strong>solummodo</strong></span> <span class='ocrx_word' id='word_1_340' title='bbox 691 4102 730 4164; x_wconf 87' lang='lat' dir='ltr'><strong>ad</strong></span> <span class='ocrx_word' id='word_1_341' title='bbox 752 4100 825 4164; x_wconf 90' lang='lat' dir='ltr'><strong>illos</strong></span> <span class='ocrx_word' id='word_1_342' title='bbox 847 4101 932 4180; x_wconf 80' lang='lat' dir='ltr'><strong>de¹⁶)</strong></span> <span class='ocrx_word' id='word_1_343' title='bbox 948 4101 1172 4186; x_wconf 83' lang='lat' dir='ltr'><strong>Schellenberg</strong></span> <span class='ocrx_word' id='word_1_344' title='bbox 1186 4103 1345 4186; x_wconf 88' lang='lat' dir='ltr'><strong>pertinere</strong></span> <span class='ocrx_word' id='word_1_345' title='bbox 1368 4110 1400 4166; x_wconf 89' lang='lat' dir='ltr'><strong>et</strong></span> <span class='ocrx_word' id='word_1_346' title='bbox 1421 4101 1468 4165; x_wconf 92' lang='lat' dir='ltr'><strong>illi</strong></span> <span class='ocrx_word' id='word_1_347' title='bbox 1491 4102 1741 4179; x_wconf 81' lang='lat' dir='ltr'><strong>de·Tholmacz¹)</strong></span> 
     </span>
    </p>
   </div>
   <div class='ocr_carea' id='block_1_3' title="bbox 486 4253 1811 5625">
    <p class='ocr_par' dir='ltr' id='par_1_3' title="bbox 501 4253 1384 4324">
     <span class='ocr_line' id='line_1_35' title="bbox 501 4253 1384 4324; baseline -0.001 -16"><span class='ocrx_word' id='word_1_348' title='bbox 501 4256 522 4323; x_wconf 87' lang='lat'><strong>¹)</strong></span> <span class='ocrx_word' id='word_1_349' title='bbox 540 4257 623 4308; x_wconf 81' lang='lat'><em>1372:</em></span> <span class='ocrx_word' id='word_1_350' title='bbox 641 4253 800 4323; x_wconf 80' lang='lat' dir='ltr'><strong>Eppendori.</strong></span> <span class='ocrx_word' id='word_1_351' title='bbox 821 4257 902 4308; x_wconf 75' lang='lat' dir='ltr'><strong>uos:</strong></span> <span class='ocrx_word' id='word_1_352' title='bbox 920 4254 1086 4324; x_wconf 81' lang='lat' dir='ltr'><strong>Eppendorff.</strong></span> <span class='ocrx_word' id='word_1_353' title='bbox 1107 4258 1189 4308; x_wconf 74' lang='lat'><strong><em>1412.-</em></strong></span> <span class='ocrx_word' id='word_1_354' title='bbox 1208 4254 1384 4323; x_wconf 73' lang='lat' dir='ltr'><strong>Eppendrosh.</strong></span> 
     </span>
    </p>

    <p class='ocr_par' dir='ltr' id='par_1_4' title="bbox 497 4338 1811 4498">
     <span class='ocr_line' id='line_1_36' title="bbox 497 4338 1811 4411; baseline 0 -17"><span class='ocrx_word' id='word_1_355' title='bbox 497 4344 520 4411; x_wconf 86' lang='lat'><strong>¹)</strong></span> <span class='ocrx_word' id='word_1_356' title='bbox 538 4344 621 4395; x_wconf 77' lang='lat' dir='ltr'><strong>mos:</strong></span> <span class='ocrx_word' id='word_1_357' title='bbox 638 4338 766 4394; x_wconf 71' lang='lat' dir='ltr'><strong>numam.</strong></span> <span class='ocrx_word' id='word_1_358' title='bbox 1777 4341 1811 4394; x_wconf 76' lang='lat'><strong>35</strong></span> 
     </span>
     <span class='ocr_line' id='line_1_37' title="bbox 497 4426 1163 4498; baseline 0 -16"><span class='ocrx_word' id='word_1_359' title='bbox 497 4431 520 4498; x_wconf 85' lang='lat'><strong>⁸)</strong></span> <span class='ocrx_word' id='word_1_360' title='bbox 538 4431 621 4484; x_wconf 77' lang='lat'><strong><em>1408.-</em></strong></span> <span class='ocrx_word' id='word_1_361' title='bbox 638 4426 849 4496; x_wconf 82' lang='lat' dir='ltr'><strong>Schellenperch.</strong></span> <span class='ocrx_word' id='word_1_362' title='bbox 869 4429 952 4482; x_wconf 75' lang='lat'><strong><em>1412.-</em></strong></span> <span class='ocrx_word' id='word_1_363' title='bbox 969 4426 1163 4497; x_wconf 80' lang='lat' dir='ltr'><strong>Schelamberg.</strong></span> 
     </span>
    </p>

    <p class='ocr_par' dir='ltr' id='par_1_5' title="bbox 498 4514 716 4583">
     <span class='ocr_line' id='line_1_38' title="bbox 498 4514 716 4583; baseline -0.005 -14"><span class='ocrx_word' id='word_1_364' title='bbox 498 4516 520 4583; x_wconf 89' lang='lat'><strong>¹)</strong></span> <span class='ocrx_word' id='word_1_365' title='bbox 538 4514 621 4569; x_wconf 72' lang='lat' dir='ltr'><strong>Fetus</strong></span> <span class='ocrx_word' id='word_1_366' title='bbox 638 4517 716 4569; x_wconf 81' lang='lat'><strong><em>1372.</em></strong></span> 
     </span>
    </p>

    <p class='ocr_par' dir='ltr' id='par_1_6' title="bbox 499 4599 833 4671">
     <span class='ocr_line' id='line_1_39' title="bbox 499 4599 833 4671; baseline -0.003 -16"><span class='ocrx_word' id='word_1_367' title='bbox 499 4601 521 4671; x_wconf 91' lang='lat'><strong>¹)</strong></span> <span class='ocrx_word' id='word_1_368' title='bbox 539 4604 622 4656; x_wconf 77' lang='lat' dir='ltr'><strong>uae:</strong></span> <span class='ocrx_word' id='word_1_369' title='bbox 639 4599 833 4671; x_wconf 79' lang='lat' dir='ltr'><strong>Schelamberg.</strong></span> 
     </span>
    </p>

    <p class='ocr_par' dir='ltr' id='par_1_7' title="bbox 497 4686 850 4758">
     <span class='ocr_line' id='line_1_40' title="bbox 497 4686 850 4758; baseline -0.006 -15"><span class='ocrx_word' id='word_1_370' title='bbox 497 4688 520 4756; x_wconf 78' lang='lat'><strong>⁴)</strong></span> <span class='ocrx_word' id='word_1_371' title='bbox 537 4690 621 4743; x_wconf 77' lang='lat'><strong><em>1408:</em></strong></span> <span class='ocrx_word' id='word_1_372' title='bbox 638 4686 850 4758; x_wconf 82' lang='lat' dir='ltr'><strong>Schellenperoh.</strong></span> 
     </span>
    </p>

    <p class='ocr_par' dir='ltr' id='par_1_8' title="bbox 498 4773 784 4842">
     <span class='ocr_line' id='line_1_41' title="bbox 498 4773 784 4842; baseline 0.003 -14"><span class='ocrx_word' id='word_1_373' title='bbox 498 4775 519 4842; x_wconf 83' lang='lat'><strong>¹)</strong></span> <span class='ocrx_word' id='word_1_374' title='bbox 537 4778 620 4830; x_wconf 75' lang='lat'><strong><em>1408:</em></strong></span> <span class='ocrx_word' id='word_1_375' title='bbox 637 4773 784 4829; x_wconf 74' lang='lat' dir='ltr'><strong>Thatmacz.</strong></span> 
     </span>
    </p>

    <p class='ocr_par' dir='ltr' id='par_1_9' title="bbox 497 4860 825 4932">
     <span class='ocr_line' id='line_1_42' title="bbox 497 4860 825 4932; baseline -0.003 -15"><span class='ocrx_word' id='word_1_376' title='bbox 497 4864 520 4929; x_wconf 86' lang='lat'><strong>⁸)</strong></span> <span class='ocrx_word' id='word_1_377' title='bbox 537 4865 620 4917; x_wconf 78' lang='lat'><strong><em>1372.-</em></strong></span> <span class='ocrx_word' id='word_1_378' title='bbox 637 4860 825 4932; x_wconf 81' lang='lat' dir='ltr'><strong>Schallinbarg.</strong></span> 
     </span>
    </p>

    <p class='ocr_par' dir='ltr' id='par_1_10' title="bbox 496 4948 1085 5020">
     <span class='ocr_line' id='line_1_43' title="bbox 496 4948 1085 5020; baseline 0 -16"><span class='ocrx_word' id='word_1_379' title='bbox 496 4948 519 5017; x_wconf 83' lang='lat'><strong>¹)</strong></span> <span class='ocrx_word' id='word_1_380' title='bbox 537 4952 620 5005; x_wconf 78' lang='lat'><strong><em>1372.-</em></strong></span> <span class='ocrx_word' id='word_1_381' title='bbox 637 4949 797 5019; x_wconf 74' lang='lat' dir='ltr'><strong>Eppendori</strong></span> <span class='ocrx_word' id='word_1_382' title='bbox 816 4952 900 5004; x_wconf 73' lang='lat'><em>1408:</em></span> <span class='ocrx_word' id='word_1_383' title='bbox 918 4949 1085 5020; x_wconf 80' lang='lat' dir='ltr'><strong>Eppendorff.</strong></span> 
     </span>
    </p>

    <p class='ocr_par' dir='ltr' id='par_1_11' title="bbox 486 5034 717 5102">
     <span class='ocr_line' id='line_1_44' title="bbox 486 5034 717 5102; baseline 0 -13"><span class='ocrx_word' id='word_1_384' title='bbox 486 5034 519 5102; x_wconf 90' lang='lat'><strong>¹⁰)</strong></span> <span class='ocrx_word' id='word_1_385' title='bbox 538 5038 620 5089; x_wconf 77' lang='lat'><em>1372:</em></span> <span class='ocrx_word' id='word_1_386' title='bbox 638 5035 717 5090; x_wconf 82' lang='lat' dir='ltr'><strong>Hobt</strong></span> 
     </span>
    </p>

    <p class='ocr_par' dir='ltr' id='par_1_12' title="bbox 487 5119 835 5189">
     <span class='ocr_line' id='line_1_45' title="bbox 487 5119 835 5189; baseline 0.003 -15"><span class='ocrx_word' id='word_1_387' title='bbox 487 5124 519 5189; x_wconf 88' lang='lat'><strong>¹¹)</strong></span> <span class='ocrx_word' id='word_1_388' title='bbox 538 5124 620 5176; x_wconf 75' lang='lat'><em>1412:</em></span> <span class='ocrx_word' id='word_1_389' title='bbox 637 5119 835 5177; x_wconf 76' lang='lat' dir='ltr'><strong>Schnlrensmit</strong></span> 
     </span>
    </p>

    <p class='ocr_par' dir='ltr' id='par_1_13' title="bbox 486 5208 1495 5363">
     <span class='ocr_line' id='line_1_46' title="bbox 486 5208 1495 5280; baseline 0 -17"><span class='ocrx_word' id='word_1_390' title='bbox 486 5209 519 5278; x_wconf 88' lang='lat'><strong>¹¹)</strong></span> <span class='ocrx_word' id='word_1_391' title='bbox 537 5212 620 5264; x_wconf 78' lang='lat'><strong><em>13⁷2:</em></strong></span> <span class='ocrx_word' id='word_1_392' title='bbox 637 5209 805 5265; x_wconf 76' lang='lat' dir='ltr'><strong>circumwlla</strong></span> <span class='ocrx_word' id='word_1_393' title='bbox 823 5213 908 5265; x_wconf 76' lang='lat'><strong><em>1412.-</em></strong></span> <span class='ocrx_word' id='word_1_394' title='bbox 925 5208 1086 5265; x_wconf 75' lang='lat' dir='ltr'><strong>circumsita</strong></span> <span class='ocrx_word' id='word_1_395' title='bbox 1102 5210 1234 5280; x_wconf 72' lang='lat' dir='ltr'><strong>qedudert</strong></span> <span class='ocrx_word' id='word_1_396' title='bbox 1250 5210 1283 5264; x_wconf 78' lang='lat' dir='ltr'><strong>s‘rt</strong></span> <span class='ocrx_word' id='word_1_397' title='bbox 1301 5208 1495 5264; x_wconf 71' lang='lat' dir='ltr'><strong>dmnmwilata</strong></span> 
     </span>
     <span class='ocr_line' id='line_1_47' title="bbox 488 5295 712 5363; baseline 0.009 -14"><span class='ocrx_word' id='word_1_398' title='bbox 488 5295 520 5363; x_wconf 84' lang='lat'><strong>¹¹)</strong></span> <span class='ocrx_word' id='word_1_399' title='bbox 538 5298 623 5351; x_wconf 76' lang='lat' dir='ltr'><strong>uos:</strong></span> <span class='ocrx_word' id='word_1_400' title='bbox 640 5297 712 5353; x_wconf 74' lang='lat' dir='ltr'><strong>Czot.</strong></span> 
     </span>
    </p>

    <p class='ocr_par' dir='ltr' id='par_1_14' title="bbox 487 5381 715 5448">
     <span class='ocr_line' id='line_1_48' title="bbox 487 5381 715 5448; baseline 0.004 -12"><span class='ocrx_word' id='word_1_401' title='bbox 487 5382 519 5448; x_wconf 89' lang='lat'><strong>¹¹)</strong></span> <span class='ocrx_word' id='word_1_402' title='bbox 537 5381 620 5437; x_wconf 75' lang='lat' dir='ltr'><strong>Fetlt</strong></span> <span class='ocrx_word' id='word_1_403' title='bbox 637 5387 715 5438; x_wconf 80' lang='grc'><strong><em>1408.</em></strong></span> 
     </span>
    </p>

    <p class='ocr_par' dir='ltr' id='par_1_15' title="bbox 487 5467 1207 5539">
     <span class='ocr_line' id='line_1_49' title="bbox 487 5467 1207 5539; baseline 0.003 -17"><span class='ocrx_word' id='word_1_404' title='bbox 487 5467 520 5537; x_wconf 85' lang='lat'><strong>¹¹)</strong></span> <span class='ocrx_word' id='word_1_405' title='bbox 542 5467 675 5539; x_wconf 73' lang='lat' dir='ltr'><strong>Vorlope:</strong></span> <span class='ocrx_word' id='word_1_406' title='bbox 692 5471 782 5538; x_wconf 85' lang='lat' dir='ltr'><strong>prata;</strong></span> <span class='ocrx_word' id='word_1_407' title='bbox 800 5486 831 5524; x_wconf 85' lang='lat' dir='ltr'><strong>ao</strong></span> <span class='ocrx_word' id='word_1_408' title='bbox 849 5470 920 5525; x_wconf 74' lang='lat' dir='ltr'><strong>auct</strong></span> <span class='ocrx_word' id='word_1_409' title='bbox 938 5474 1016 5538; x_wconf 82' lang='lat'><strong><em>1372,</em></strong></span> <span class='ocrx_word' id='word_1_410' title='bbox 1035 5474 1111 5538; x_wconf 82' lang='grc'><strong><em>1408,</em></strong></span> <span class='ocrx_word' id='word_1_411' title='bbox 1130 5474 1207 5525; x_wconf 79' lang='lat' dir='ltr'><strong>ura.</strong></span> 
     </span>
    </p>

    <p class='ocr_par' dir='ltr' id='par_1_16' title="bbox 487 5553 714 5625">
     <span class='ocr_line' id='line_1_50' title="bbox 487 5553 714 5625; baseline 0 -15"><span class='ocrx_word' id='word_1_412' title='bbox 487 5557 520 5625; x_wconf 78' lang='lat'><strong>¹⁴)</strong></span> <span class='ocrx_word' id='word_1_413' title='bbox 537 5553 620 5612; x_wconf 68' lang='lat' dir='ltr'><strong>Fau</strong></span> <span class='ocrx_word' id='word_1_414' title='bbox 637 5558 714 5610; x_wconf 76' lang='lat'><strong><em>1412.</em></strong></span> 
     </span>
    </p>
   </div>
   <div class='ocr_carea' id='block_1_4' title="bbox 0 0 2046 6293">
    <p class='ocr_par' dir='ltr' id='par_1_17' title="bbox 0 0 2046 6293">
     <span class='ocr_line' id='line_1_51' title="bbox 0 0 2046 6293; baseline 0 0"><span class='ocrx_word' id='word_1_415' title='bbox 0 0 2046 6293; x_wconf 95' lang='lat' dir='ltr'><strong> </strong></span> 
     </span>
    </p>
   </div>
  </div>
 </body>
</html>
