4088 6292
1029 647 1093 710 238

355 836 454 914 sante,
488 833 659 916 compelles
691 832 817 897 veritati
850 833 1068 899 testimonium
1101 836 1274 920 perhibere.
1316 835 1435 902 Datum
1463 837 1613 922 Pictauis,
1645 838 1757 904 Idibus

354 935 508 1018 Ianuarii,
531 936 735 1020 pontificatus
757 937 859 1001 nostri
881 958 966 1001 anno
989 940 1116 1003 tertio..

509 1075 584 1157 Aes
599 1074 655 1138 der
676 1075 851 1139 Rmmeio:
883 1074 1041 1159 Rogerius
1063 1077 1103 1141 dc
1125 1077 1238 1142 Rocca

509 1195 584 1278 Aes
610 1197 665 1260 der
694 1195 852 1260 Rectene
884 1197 949 1277 aas
976 1196 1043 1260 dem
1075 1205 1202 1262 aalma
1233 1198 1447 1283 unmeboqenen
1476 1198 1758 1284 Paryameutraud:

355 1321 377 1363 n
400 1299 559 1383 Raynulii.
1790 1313 1807 1365 5

1012 1561 1102 1644 313.

430 1724 578 1797 Poitiers
613 1725 722 1795 1308
757 1724 917 1796 Februor
953 1729 987 1796 4.
1042 1725 1151 1817 Popet
1187 1725 1341 1799 Clemens
1380 1724 1418 1797 V.
1456 1726 1655 1816 teouflropt
1690 1727 1757 1799 den

353 1845 668 1918 Hermanaetoear
693 1843 830 1936 Propst,
867 1846 933 1918 deu
958 1846 1124 1919 ewisdaea
1150 1847 1215 1919 deu
1240 1847 1417 1936 Pforreru
1450 1847 1509 1919 des
1535 1846 1757 1920 Medioecher

354 1965 553 2039 Detuaotas
580 1967 654 2038 acui
679 1966 757 2036 dem
791 1964 1073 2057 Weisaeabarper
1097 1966 1242 2057 Kopitel
1272 1966 1407 2057 botreffa
1432 1967 1492 2038 dee
1517 1966 1671 2040 Mateta
1696 1966 1755 2039 ab·

352 2087 605 2179 peecttoeseueu
640 2085 817 2178 Verpteiet
843 2087 1003 2176 eufreett
1027 2109 1072 2157 aa
1097 2087 1261 2159 ertotten.
1790 2105 1826 2162 10

513 2250 589 2320 On'p.
607 2252 689 2321 Pero.
706 2249 917 2319 Kapealarctie
934 2249 1087 2305 Mediuech.
1105 2249 1241 2305 Bles'bulle
1257 2250 1308 2306 wie
1326 2250 1369 2306 oe·
1386 2250 1441 2306 Nr.
1458 2254 1519 2306 309.

511 2371 623 2427 Druck:
644 2371 720 2425 lucil
737 2389 765 2425 u.
791 2371 906 2426 Werner
928 2371 1010 2426 Urleb.
1030 2375 1056 2425 6.

512 2547 658 2613 Clemens
689 2550 858 2633 episcopus
881 2568 995 2614 servus
1017 2567 1185 2612 servorum
1207 2550 1257 2613 dei
1280 2548 1394 2613 dilecto
1415 2548 1481 2613 filio
1510 2593 1519 2611 .
1543 2595 1551 2612 .
1575 2551 1755 2633 praeposito

355 2652 506 2716 ecclesiae
535 2650 725 2717 Cibiniensis
747 2651 974 2736 Strigoniensis
1003 2651 1137 2715 diocesis
1160 2652 1296 2716 salutem
1317 2658 1350 2716 ct
1371 2652 1576 2736 apostolicam
1606 2652 1755 2717 benedic-

355 2756 482 2820 tionem.
507 2754 573 2819 Sua
595 2756 687 2819 nobis
709 2755 815 2820 dilecti
837 2756 895 2819 filii
917 2802 926 2820 .
950 2802 958 2819 .
982 2756 1123 2820 decanus
1142 2756 1315 2820 decanatus
1337 2756 1377 2821 de
1399 2762 1485 2821 terra
1498 2757 1620 2822 Medico
1643 2762 1675 2822 ot
1688 2776 1757 2822 rec·
1792 2764 1825 2817 15

357 2865 442 2923 tores
476 2859 681 2923 ecclesiarum
714 2859 748 2922 in
783 2859 866 2923 dicto
901 2861 1057 2924 decanatu
1091 2859 1333 2924 consistentium
1362 2859 1588 2925 Transiluanae
1622 2859 1757 2925 diocesis

355 2963 507 3048 petitione
537 2968 766 3045 monstrarunt,
801 2963 887 3045 quod
917 2983 991 3026 curn
1020 2963 1104 3028 inter
1132 2964 1220 3047 ipsos
1247 2982 1289 3027 ex
1318 2968 1408 3048 parte
1430 2984 1497 3028 una
1527 2970 1559 3028 et
1581 2964 1757 3048 capitulum

355 3067 506 3132 Albensis
528 3067 679 3131 ecclesiae
709 3067 811 3131 dictae
841 3065 976 3131 diocesis
1005 3085 1047 3131 ex
1070 3067 1170 3131 altera
1184 3086 1281 3151 super
1301 3067 1492 3150 quibusdum
1514 3067 1653 3149 decimis,
1676 3087 1757 3150 quas

356 3171 432 3235 dicti
454 3172 593 3235 decanus
623 3176 655 3234 et
684 3175 824 3234 rectores
853 3171 894 3233 ad
916 3190 972 3234 eos
1001 3172 1213 3235 communiter
1242 3171 1428 3254 dictumque
1457 3171 1633 3257 capitulum
1660 3170 1700 3235 sd
1722 3189 1757 3236 se

355 3280 498 3360 spectare
521 3275 677 3357 dicebant,
700 3280 770 3338 ortu
784 3275 899 3339 inisset
912 3276 1045 3339 materia
1064 3275 1268 3357 quaestionis,
1291 3275 1420 3339 tandem
1435 3275 1648 3340 mediantibus
1663 3276 1755 3340 bonis
1791 3279 1826 3335 20

356 3381 434 3443 viris
457 3380 614 3461 quaedem
636 3379 721 3443 inter
742 3383 848 3462 partes
870 3396 967 3461 super
988 3377 1038 3440 his
1059 3377 1232 3441 amicabilis
1254 3379 1441 3463 compositio
1457 3378 1638 3462 intervenit,
1660 3398 1757 3444 vene-

355 3483 464 3547 rabilis
494 3483 600 3546 fratris
629 3483 731 3546 nostri
753 3482 840 3546 Petri
863 3482 1002 3565 episcopi
1024 3480 1224 3545 Transiluani
1254 3482 1294 3544 ad
1323 3480 1357 3544 id
1387 3481 1556 3546 accedente
1588 3502 1757 3565 consensu,

355 3592 453 3671 prout
482 3587 515 3649 in
545 3586 728 3670 patentibus
760 3586 860 3649 literis
889 3585 965 3649 inde
998 3585 1150 3648 conlectis
1183 3585 1283 3668 ipsius
1316 3584 1455 3668 episcopi
1488 3584 1590 3667 sigillo
1624 3584 1757 3649 munitis

355 3692 482 3777 plenius
511 3691 627 3754 dicitur
660 3690 824 3754 contineri
870 3687 1026 3765 Quocirca
1054 3688 1237 3752 discretioni
1267 3693 1342 3752 tuae
1366 3707 1425 3772 per
1446 3688 1619 3772 apostolica
1640 3688 1757 3771 scripta

355 3794 552 3877 mundamus,
576 3799 735 3876 quatenus
751 3792 1012 3876 compositionem
1034 3791 1144 3875 ipsam,
1167 3791 1251 3855 sicut
1271 3791 1332 3854 rite
1354 3791 1423 3855 sine
1445 3791 1602 3873 pravitate
1624 3811 1660 3854 ac
1682 3810 1756 3874 pro·
1791 3796 1826 3850 25

356 3898 430 3962 vide
459 3897 542 3961 facta
571 3903 620 3961 est
649 3903 682 3961 et
710 3896 750 3960 ab
781 3902 918 3978 utruque
946 3900 1036 3978 parte
1064 3900 1178 3978 sponte
1209 3900 1337 3978 recepta
1366 3899 1398 3957 et
1430 3895 1550 3959 diutius
1580 3894 1756 3977 observata,

356 4002 454 4066 iacias
482 4020 540 4085 per
571 4019 740 4065 censuram
769 3998 1014 4063 ecclesiasticam
1043 3998 1254 4082 appellatione
1283 4003 1405 4061 remota
1430 3995 1564 4061 firmiter
1585 3996 1756 4062 observari.

356 4103 476 4169 Datum
497 4105 647 4187 Pictauis,
670 4103 702 4167 Π
723 4102 834 4167 Nonas
855 4101 1029 4184 Februarii,
1051 4100 1255 4184 pontificatus
1278 4102 1380 4165 nostn'
1401 4121 1485 4165 anno
1509 4101 1612 4164 tertio.

511 4243 586 4325 Ans
602 4243 657 4306 der
678 4241 854 4306 Rueteeite:
875 4240 1033 4324 Rogerius
1054 4241 1094 4305 de
1116 4240 1230 4304 Rocca

509 4365 586 4447 Auf
608 4364 663 4427 der
691 4361 848 4426 Raickeeite
879 4361 944 4441 auf
971 4360 1038 4424 dem
1070 4368 1196 4425 materen
1227 4360 1442 4445 uespeboemen
1473 4357 1754 4443 Peryameutrond:
1790 4364 1825 4419 ³0

355 4491 378 4534 n
399 4467 559 4551 Raynulfi.

1011 4706 1101 4791 313.

434 4877 544 4948 1308
569 4872 755 4946 December
781 4875 818 4944 2.
851 4871 927 4944 Der
951 4872 1110 4944 Koneeat
1137 4871 1200 4943 der
1216 4869 1430 4962 Aupustiaer
1445 4891 1490 4941 eu
1515 4866 1757 4957 Weissentarq

357 4996 548 5089 opaeum
576 4995 632 5067 die
657 4993 822 5066 Urtunde
852 4994 912 5091 dcc
937 4992 1101 5081 Biectoss
1127 4990 1252 5063 Petrae
1277 5014 1343 5064 voa
1368 4992 1475 5062 1303
1503 4987 1570 5059 Nr.
1590 4989 1676 5058 298
1701 4986 1754 5059 be-

356 5118 502 5208 treffeud
535 5117 591 5189 die
625 5114 892 5204 Ucbmeintaafl
926 5113 1092 5185 emischeu
1126 5112 1192 5184 dea
1226 5112 1404 5202 Pfurrern
1438 5112 1498 5183 des
1528 5107 1757 5180 Mttlbueter
1791 5122 1826 5178 35

355 5239 553 5311 Detouotes
578 5239 653 5310 aad
678 5238 754 5309 dem
788 5234 1069 5326 Waeseeorper
1095 5233 1247 5326 Kopitel.

514 5400 591 5470 Otto.
609 5401 689 5470 Pero.
707 5398 916 5468 Kopitetorcts'o
933 5397 1101 5466 Korleture.
1125 5395 1214 5466 Siepel
1230 5413 1290 5450 wer
1306 5394 1393 5450 ima
1411 5392 1599 5464 auspedntdd.

513 5521 625 5593 Repcot:
643 5520 730 5589 Fejlr
749 5519 840 5576 &ow
861 5518 950 5586 VIII,
969 5523 993 5587 1,
1011 5521 1072 5573 312.
1097 5516 1260 5572 Tortlnclma'
1276 5516 1323 5570 atr
1340 5519 1417 5583 1889,
1434 5518 1496 5570 579.
