4084 6302
978 571 1134 667 ..Q

355 759 563 824 nihilominus
577 757 684 824 Siuka
705 758 896 824 castellanus
918 759 993 824 dicti
1015 760 1152 826 Thomas
1175 762 1215 826 (16
1236 760 1400 825 1166611166
1423 760 1462 823 (16
1484 759 1634 823 mandato
1657 759 1758 844 ipsius

355 863 491 928 11161666
521 863 716 948 Stephanum
747 863 787 927 de
817 862 941 926 Zovach
972 863 1167 927 sacerdotem
1202 864 1403 927 collectorem
1433 857 1628 926 decimarum
1645 856 1759 948 'ipsius
1826 847 1840 852 ⁸

357 968 497 1052 episcopi
521 987 674 1033 unacum
698 967 837 1048 quodam
859 966 921 1030 alio
940 967 1103 1031 sacerdote
1126 968 1299 1052 captivavit
1321 973 1352 1031 61
1375 967 1530 1031 (16666166
1546 987 1668 1031 6161666
1682 968 1756 1030 1661

354 1071 478 1154 argenti
500 1070 602 1155 ipsius
617 1072 756 1155 episcopi
772 1071 873 1135 eidem
889 1070 1048 1154 Stephano
1064 1071 1218 1135 sacerdoti
1234 1070 1365 1134 abstulit
1381 1070 1537 1134 violenter
1559 1076 1591 1135 et
1606 1071 1756 1134 1661111661

355 1192 446 1238 suam
468 1172 617 1258 spoliavit
638 1174 787 1238 omnibus
809 1174 902 1238 bouis
927 1193 1039 1239 eorum
1061 1181 1093 1239 et
1115 1176 1263 1239 atrociter
1289 1173 1480 1238 vulueravit
1510 1173 1552 1237 111
1574 1174 1635 1238 alie
1657 1173 1758 1238 multa
1791 1183 1808 1233 6

354 1276 498 1340 enormia
518 1280 631 1341 contra
659 1278 775 1343 dictam
797 1279 962 1343 ecclesiam
983 1278 1280 1343 Transilvaneusem
1307 1283 1372 1341 tam
1393 1278 1536 1357 Thomas,
1569 1297 1665 1360 (166111
1689 1277 1757 1341 offi-

355 1379 452 1445 ciales
481 1386 514 1445 et
543 1382 713 1466 complices
735 1383 786 1446 sui
808 1383 968 1467 praedicti.
989 1383 1184 1446 commisisse
1207 1387 1386 1446 noscuntur
1407 1382 1441 1444 in
1471 1401 1601 1464 gravem
1631 1382 1757 1446 divinae

354 1484 527 1548 maiestatis
550 1484 711 1567 offensam,
733 1487 923 1570 apostolicae
947 1486 1031 1550 sedis
1053 1486 1202 1549 iniuriam
1225 1490 1257 1550 et
1278 1491 1506 1570 contemptum,
1529 1487 1677 1570 episcopi,
1706 1507 1755 1549 ca·

357 1588 449 1673 pituli
479 1594 512 1653 61
541 1590 691 1654 6661661116
714 1590 947 1673 praedictorum
979 1610 1043 1653 non
1067 1590 1226 1653 modicum
1258 1589 1485 1673 praeiudicium
1515 1596 1548 1654 61
1577 1610 1756 1673 gravamen.

357 1692 492 1777 Propter
516 1712 597 1775 quae
619 1693 702 1756 idem
726 1694 894 1777 episcopus
913 1694 946 1756 in
962 1693 1101 1758 eundem
1115 1693 1265 1757 Thomam
1280 1699 1313 1757 61
1335 1694 1405 1756 6166
1428 1692 1587 1769 officiales,
1611 1694 1757 1758 videlicet
1794 1700 1827 1751 10

357 1795 490 1860 Petrum
519 1796 760 1860 11661611οά661
788 1797 890 1880 ipsius
918 1797 1064 1878 Thomae,
1097 1795 1266 1860 Nicolaum
1300 1804 1332 1861 et
1361 1796 1547 1861 Michaelem
1577 1798 1617 1862 de
1645 1798 1756 1879 Ryma,

357 1900 521 1964 Andream
544 1900 664 1964 dictum
685 1901 823 1983 Junhus,
847 1900 1036 1983 Gregorium
1058 1901 1177 1964 (lictum
1201 1899 1328 1964 Gender
1348 1900 1499 1985 Tumpus,
1521 1900 1697 1965 Fabianum
1718 1902 1757 1965 (16

355 2003 542 2085 Bouchyda,
563 2003 743 2085 Lucasium,
766 2003 954 2086 Gregorium
978 2004 1017 2070 (16
1032 2005 1141 2087 Ρ6611,
1163 2005 1295 2069 Petrum
1317 2005 1525 2069 castellanum
1547 2006 1587 2069 de
1608 2004 1757 2087 Kuholm,

358 2106 457 2172 Sinka
478 2113 512 2173 et
533 2107 728 2192 Stephanum
759 2107 876 2171 dictum
901 2108 1008 2192 Pagae
1040 2109 1125 2172 etin
1157 2109 1236 2172 alios
1258 2108 1428 2191 complices
1458 2108 1599 2172 eiusdem
1621 2108 1757 2172 Thomas

358 2218 435 2276 tunc
466 2211 643 2276 habitantes
665 2213 698 2275 in
722 2212 839 2275 diocesi
870 2214 1037 2296 praedicta,
1067 2213 1219 2276 canonice
1241 2214 1388 2292 monitos,
1420 2212 1757 2275 excommunicationis
1795 2219 1824 2268 15

356 2315 546 2380 sententiam
568 2316 792 2399 promulgavit,
823 2316 896 2381 licet
919 2317 978 2400 ipsi
1001 2324 1163 2398 tamquam
1187 2336 1263 2380 suae
1290 2315 1402 2380 salutis
1424 2316 1625 2380 immemores
1648 2316 1757 2379 huius-

355 2419 442 2483 modi
465 2419 541 2484 dicti
563 2419 702 2504 episcopi
717 2439 901 2503 processum
923 2426 956 2484 et
970 2423 1161 2485 sententiam
1182 2420 1402 2484 damnabiliter
1424 2419 1629 2502 vilipendant
1652 2418 1756 2495 Quare

355 2522 441 2586 idem
464 2523 633 2608 episcopus
663 2522 755 2586 nobis
785 2523 946 2586 humiliter
969 2524 1167 2608 supplicavit,
1197 2532 1233 2587 61
1256 2523 1314 2587 6111
1337 2530 1370 2586 61
1392 2523 1542 2586 ecclesiae
1568 2542 1645 2586 6666
1668 2541 1757 2605 prae·

355 2626 458 2691 dictae
481 2645 579 2711 super
600 2627 768 2711 praedictis
790 2628 959 2711 providere
989 2628 1028 2691 (16
1052 2634 1231 2710 opportuno
1260 2628 1398 2690 remedio
1422 2627 1667 2690 misericorditer
1689 2626 1756 2708 dig·

356 2749 514 2795 ueremur.
537 2729 605 2794 Nos
627 2730 733 2814 igitir,
757 2732 812 2813 qui
834 2750 946 2794 sumus
969 2729 1117 2793 omnibus
1136 2732 1169 2793 in
1192 2731 1313 2794 iustitia
1335 2730 1502 2811 debitores,
1525 2731 1552 2793 si
1574 2730 1756 2814 praemissis
1791 2734 1825 2787 20

356 2834 474 2899 veritas
496 2833 695 2917 suffragetur,
722 2835 875 2913 nolentes,
905 2840 942 2896 ut
963 2839 1070 2897 1611166
1101 2835 1285 2898 temeritatis
1315 2853 1467 2898 excessus
1492 2840 1677 2897 remaneant
1697 2835 1756 2896 im-

355 2938 468 3022 puniti,
490 2938 679 3002 fraternitati
698 2944 823 3002 vestrae
844 2956 901 3021 per
923 2938 1096 3020 apostolica
1117 2939 1235 3021 scripta
1256 2939 1483 3000 committimus
1505 2944 1537 3000 61
1560 2937 1755 3017 mandamus,

357 3047 517 3124 quatenus
540 3060 598 3106 vos
621 3042 672 3105 vel
690 3042 754 3105 duo
776 3050 832 3105 aut
854 3061 940 3105 unus
963 3047 1106 3105 vestrum
1128 3061 1186 3125 per
1208 3061 1265 3104 vos
1289 3041 1339 3104 vel
1362 3040 1460 3104 alium
1479 3060 1537 3105 seu
1558 3039 1638 3103 alios
1660 3060 1756 3125 super

355 3146 537 3230 praemissis
561 3145 709 3208 omnibus
733 3151 766 3209 61
780 3145 914 3224 singulis
937 3146 1121 3229 simpliciter
1143 3153 1175 3209 et
1197 3146 1237 3208 de
1256 3145 1350 3228 plano
1367 3145 1435 3208 61116
1452 3145 1586 3229 strepitu
1609 3156 1641 3207 et
1655 3144 1758 3227 ligura

355 3249 465 3313 iudicii
480 3250 653 3313 summaria
667 3250 891 3312 informatione
906 3256 1041 3333 recepta
1064 3250 1090 3313 61
1106 3250 1293 3313 inveneritis
1310 3249 1354 3311 ita
1368 3267 1446 3331 esse,
1467 3247 1619 3311 1116166111
1634 3254 1666 3312 61
1681 3267 1756 3312 suos
1792 3252 1827 3306 25

355 3352 534 3437 praedictos
563 3353 734 3436 complices
757 3353 787 3414 in
821 3354 878 3416 hac
900 3358 989 3436 parte
1013 3354 1142 3435 tamdiu,
1173 3354 1384 3437 appellatione
1409 3359 1539 3435 remota
1569 3353 1757 3417 auctoritate

355 3462 466 3520 nostra
487 3456 781 3521 excommunicatos
803 3456 929 3540 publice
959 3457 1126 3537 666616116,
1156 3462 1188 3520 61
1210 3457 1304 3520 611661
1332 3476 1389 3540 per
1410 3456 1606 3540 provinciam
1637 3455 1756 3539 811116-

356 3560 510 3640 61666616,
540 3558 596 3623 611
618 3559 717 3642 aliqui
740 3580 781 3623 ex
805 3560 881 3644 ipsis
911 3561 1087 3625 inhabitare
1113 3561 1272 3641 (11666161,
1302 3560 1485 3624 1661611661
1509 3560 1579 3622 aliis
1602 3560 1756 3639 nunciati,

357 3671 390 3727 et
411 3663 450 3726 ab
473 3663 543 3727 aliis
572 3664 673 3727 artius
695 3664 816 3742 evitari,
846 3665 948 3728 donec
971 3685 1067 3748 super
1097 3664 1276 3748 praemissis
1306 3664 1516 3728 satisfecerint
1541 3669 1757 3746 competenter

358 3772 390 3830 61
412 3766 536 3831 debitae
558 3768 733 3831 meruerint
755 3767 963 3832 absolutionis
985 3768 1175 3832 beneficium
1199 3769 1350 3831 obtinere.
1374 3768 1445 3831 Non
1470 3766 1669 3831 obstantibus
1692 3773 1756 3831 tam
1792 3773 1829 3826 30

358 3872 397 3934 (16
412 3870 538 3934 duabus
552 3870 586 3932 in
602 3871 735 3934 concilio
751 3872 899 3953 generali,
916 3892 1011 3953 quam
1029 3872 1128 3935 1611616
1145 3872 1371 3936 recordationis
1382 3872 1538 3935 Boniiacil
1554 3892 1653 3955 papae
1669 3871 1756 3935 VIII.

357 3973 609 4058 praedecessoris
638 3976 738 4038 nostri
771 3976 809 4038 de
840 3996 905 4038 una
927 3976 1038 4040 diaetis
1068 3981 1100 4039 61
1122 3975 1317 4057 quibuslibet
1343 3975 1413 4039 aliis
1434 3977 1716 4040 constitutionibus
1739 3996 1758 4040 a

357 4078 652 4164 praedecessoribus
676 4080 793 4143 6661116
807 4078 959 4143 Romanis
982 4079 1185 4163 pontificibus
1207 4080 1239 4142 in
1263 4081 1456 4144 contrarium
1473 4081 1575 4159 editis,
1597 4100 1655 4164 per
1678 4099 1757 4162 quas

357 4188 482 4247 vestrae
515 4183 742 4247 iurisdictionis
770 4183 939 4267 explicatio
970 4190 1078 4267 posset
1107 4185 1141 4246 in
1171 4184 1228 4247 hac
1263 4189 1353 4267 parte
1388 4184 1626 4267 quomodolibet
1658 4185 1757 4267 impc-

357 4287 427 4369 diri,
457 4306 515 4351 666
544 4287 572 4350 61
601 4287 761 4369 aliquibus
795 4288 1006 4352 communiter
1032 4288 1083 4352 vel
1107 4289 1231 4352 divisim
1258 4288 1374 4353 asede
1402 4289 1443 4352 sit
1472 4288 1632 4352 indultum
1664 4306 1755 4370 prae-
1791 4294 1826 4345 36

358 4390 450 4473 dicta
480 4390 567 4472 quod
596 4390 751 4473 interdici,
781 4393 932 4475 suspendi
956 4393 1008 4456 vel
1031 4393 1301 4457 excommunicari
1324 4393 1535 4475 nonpossint
1563 4410 1620 4475 per
1649 4392 1757 4455 literas

357 4492 546 4577 apostolicas
568 4512 632 4557 non
656 4493 807 4558 facientes
829 4495 955 4579 plenam
979 4502 1010 4560 et
1031 4515 1225 4579 expressam,
1252 4516 1288 4559 66
1314 4496 1352 4559 (16
1375 4498 1474 4560 16116
1497 4496 1537 4559 ad
1559 4494 1695 4559 verbum
1717 4494 1757 4558 de

358 4596 483 4660 indulto
505 4596 689 4661 huiusmodi
704 4599 897 4662 mentionem
913 4599 1162 4663 contradictores
1181 4619 1421 4684 percensuram
1436 4598 1679 4662 ecclesiasticam
1701 4617 1756 4681 ap-

358 4700 528 4784 pellatione
549 4702 725 4785 postposita
746 4703 984 4786 compescendo.
1013 4702 1121 4766 Testes
1144 4710 1249 4766 autem
1267 4703 1322 4785 (161
1345 4703 1465 4766 1661161
1487 4702 1649 4779 nominati,
1672 4702 1698 4765 si
1722 4722 1756 4766 66

358 4804 468 4887 gratia,
498 4803 570 4867 odio
601 4805 651 4869 vel
675 4805 787 4869 timore
817 4805 1045 4886 subtraxerint,
1074 4827 1210 4871 censura
1239 4807 1342 4889 simili,
1372 4806 1582 4890 appellatione
1604 4812 1756 4887 cessante,
1791 4812 1829 4863 40

358 4907 555 4990 compellatis
583 4908 709 4972 veritati
739 4910 955 4973 testimonium
978 4909 1151 4993 perhibere.
1185 4909 1303 4975 Datum
1334 4911 1503 4992 Avinione,
1534 4909 1573 4972 Π.
1596 4908 1757 4973 Kalendas

358 5009 559 5094 Novembris,
582 5031 666 5076 anno
688 5011 760 5076 vu
