4084 6302
1001 590 1153 685 st

376 779 530 844 hactenus
552 780 585 842 in
608 779 727 845 eisdem
750 780 1005 863 possessionibus
1019 779 1182 844 habuisset
1197 779 1247 844 vel
1268 780 1383 844 habere
1398 782 1554 865 potuisset
1569 777 1602 847 in
1616 782 1775 864 futurum,

379 890 412 949 et
433 885 535 969 ipsum
560 884 611 948 ius
632 904 669 947 ao
692 883 866 947 dominium
898 884 932 946 in
953 882 1086 947 eandem
1117 884 1277 947 dominam
1301 890 1333 948 et
1359 905 1435 948 suos
1458 886 1598 966 heredes,
1628 892 1776 969 919199-

377 988 523 1068 mittitur,
546 987 774 1051 transferendo.
807 988 844 1050 ln
868 987 960 1051 cuius
983 988 1028 1049 rei
1052 987 1235 1051 memoriam
1258 993 1509 1071 perpetuamque
1532 988 1713 1055 firmitatem
1736 990 1776 1053 ad

376 1091 559 1156 instantiam
583 1097 615 1154 et
635 1092 821 1174 petitionem
845 1091 969 1154 comitis
991 1090 1114 1153 Nicolai
1136 1091 1288 1174 praedicti
1317 1098 1499 1174 praesentes
1523 1098 1647 1156 9991199
1668 1093 1777 1157 literas

378 1195 593 1259 concessimus
616 1194 710 1277 sigilli
733 1194 833 1257 nostri
856 1194 1024 1277 pendentis
1046 1193 1223 1258 munimine
1245 1195 1417 1260 roboratas.
1438 1194 1556 1259 Datum
1580 1196 1659 1259 fen'a
1680 1202 1773 1261 sexta
1808 1206 1824 1256 5

375 1298 522 1382 proxima
543 1304 617 1362 ante
648 1298 838 1362 dominicam
860 1296 1155 1381 Ramispalmarum,
1182 1317 1266 1362 anno
1289 1299 1409 1362 domini
1432 1276 1473 1362 il.
1497 1276 1599 1364 'cdd
1616 1300 1774 1364 1119991199

377 1407 478 1466 sexto.
501 1400 669 1465 Dominice
684 1402 874 1485 praeposito,
890 1402 987 1465 Sento
1002 1408 1142 1483 cantore,
1156 1402 1276 1466 Thema
1290 1404 1422 1468 custode
1434 1408 1467 1467 et
1480 1402 1631 1485 magistro
1643 1401 1774 1467 Nioclao

376 1506 596 1570 archidiacono
620 1505 659 1569 de
682 1504 802 1569 Hunad
826 1505 945 1570 decano
969 1504 1120 1569 ecclesiae
1142 1512 1270 1571 9991199
1293 1507 1512 1572 existentibus.

1038 1870 1129 1953 522.

456 2054 563 2123 1336
590 2051 783 2123 11111122.
811 2052 889 2123 Dos
913 2051 1194 2141 Weisscaburper
1211 2051 1356 2142 Kopitcl
1381 2051 1528 2143 bcacupt,
1556 2051 1637 2122 dass
1660 2050 1793 2122 Comes»
1813 2066 1848 2121 10

379 2174 549 2245 Niboluus
565 2197 630 2246 999
651 2172 828 2246 Telmessii
844 2175 937 2245 scine
954 2174 1144 2264 Recitauap
1160 2172 1409 2260 Murtinsdorf
1419 2173 1486 2244 den
1504 2171 1640 2244 Silanae
1664 2172 1778 2243 saner

379 2294 576 2383 Scbwcstcr,
604 2294 760 2367 idioma
785 2295 860 2367 und
884 2294 977 2366 Paul
1001 2318 1067 2366 oon
1092 2294 1280 2385 1191911911
1294 2294 1475 2385 9999199911
1500 2293 1569 2363 hut.

534 2459 739 2530 Einpcsclroltet
761 2475 815 2513 con
838 2459 898 2512 dem
921 2457 1146 2526 Weissenburper
1163 2457 1364 2525 1199119113θό
1389 2457 1448 2510 aad
1470 2455 1520 2509 mit
1537 2455 1626 2509 dieser
1649 2454 1778 2510 creanda

480 2561 533 2599 rou
550 2544 797 2612 (1199911991399,
818 2544 894 2613 0119.
918 2544 1022 2613 Uesper.
1041 2543 1250 2598 Loudsscrcbic
1267 2543 1419 2612 Badupcst.

533 2666 645 2721 Dmolr:
663 2666 748 2736 Napy
768 2665 833 2721 con.
852 2664 1059 2735 Andeqaccnsis
1077 2664 1140 2732 ΙΙΙ,
1157 2668 1218 2719 263.
1813 2663 1846 2716 15

534 2787 647 2858 Rapest:
665 2787 752 2855 Fejar
772 2787 862 2843 (191199
880 2787 937 2854 ΧΙ,
955 2790 1015 2841 171.

534 2962 716 3046 0991191919
728 2963 879 3028 ecclesiae
889 2962 1115 3027 Transilnanae
1131 2961 1280 3025 omnibus
1292 2961 1405 3025 Christi
1418 2960 1566 3025 fidelibus
1578 2966 1777 3044 praesentem

377 3066 527 3149 paginam
550 3067 741 3149 inspecturis
764 3067 899 3130 salutem
921 3068 955 3128 in
978 3065 1090 3129 salutis
1111 3064 1268 3147 largitore.
1305 3064 1357 3128 Ad
1385 3065 1608 3129 universorum
1631 3064 1777 3127 notitiam

379 3174 443 3232 tarn
471 3170 686 3253 praesentium
710 3190 806 3251 quarn
836 3170 1019 3233 futurorum
1053 3169 1165 3230 harum
1195 3169 1276 3231 serie
1306 3168 1456 3232 volumus
1483 3169 1660 3251 pervenire,
1691 3166 1777 3249 quod

379 3273 493 3336 comite
509 3272 640 3337 Nicolao
662 3272 727 3337 lilio
744 3273 893 3337 Corrardi
916 3273 955 3336 de
969 3270 1117 3335 Tolmach
1141 3269 1180 3333 ab
1203 3290 1268 3334 una
1289 3277 1379 3355 parte
1401 3276 1434 3336 et
1448 3270 1601 3335 Michaele
1624 3290 1661 3334 ac
1676 3269 1776 3333 Paulo
1812 3276 1848 3330 20

378 3373 451 3439 liliis
473 3375 596 3440 Nicolai
625 3378 664 3441 de
690 3376 847 3460 Epindorf
876 3376 915 3440 ab
946 3375 1045 3439 altera
1074 3393 1180 3437 ceram
1211 3375 1305 3439 nobis
1335 3376 1525 3458 constitutis,
1558 3375 1643 3439 idem
1672 3394 1778 3438 eomes

380 3479 531 3544 Nicolaus
553 3479 639 3545 filius
662 3480 809 3545 Corrardi
840 3480 922 3544 dixit
944 3486 976 3544 et
997 3478 1172 3563 proposuit
1205 3479 1291 3560 quod
1315 3480 1391 3560 quia
1416 3480 1567 3562 praedicti
1590 3478 1725 3543 Michael
1747 3483 1779 3542 et

379 3581 499 3645 Paulus
527 3581 584 3645 filii
606 3583 727 3648 Nicolai
758 3591 865 3648 essent
894 3584 950 3646 filii
973 3582 1129 3668 procreati
1159 3582 1198 3645 de
1230 3601 1338 3646 sorore
1369 3602 1428 3645 999
1457 3582 1591 3662 uterina,
1621 3581 1693 3645 ideo
1724 3599 1778 3643 eos

379 3686 506 3768 speciali
528 3706 635 3751 amore
655 3695 687 3751 et
702 3688 810 3752 lavore
834 3688 945 3752 volens
960 3693 992 3752 et
1013 3687 1146 3770 cupiens
1160 3691 1352 3768 pertractare
1368 3686 1526 3767 quandam
1544 3686 1777 3769 possessionem

379 3808 469 3852 suem
500 3789 685 3854 donatitiam
715 3811 772 3875 per
802 3792 964 3873 quondam
987 3790 1167 3855 ladislaum
1200 3809 1307 3872 regern
1337 3790 1521 3872 Hungariae
1551 3787 1778 3853 Mortunfolwa
1813 3794 1848 3849 25

380 3900 524 3957 vocatam
554 3901 587 3959 et
617 3895 756 3960 insede
786 3896 825 3960 de
856 3895 929 3959 Sellr
958 3896 1162 3959 constitutam
1198 3893 1338 3957 dedisset
1368 3901 1400 3957 et
1430 3894 1579 3957 donasset
1610 3891 1779 3975 praedictis

379 3995 524 4061 Michaeli
547 4004 580 4061 et
593 3999 694 4062 Paulo
717 3998 791 4063 filiis
813 4000 931 4063 9919119
947 4018 1032 4080 suae,
1055 4005 1087 4062 et
1101 4017 1158 4082 per
1173 4017 1228 4062 eos
1243 4017 1352 4062 eorum
1369 3997 1539 4061 heredibus
1560 3995 1778 4075 heredumque

379 4119 511 4164 suorum
534 4102 780 4183 successoribus,
802 4123 873 4167 cum
899 4103 985 4166 omni
1015 4122 1053 4167 99
1076 4103 1145 4166 1919
1175 4106 1208 4165 91
1229 4101 1378 4181 dominio,
1401 4119 1540 4182 cumque
1562 4100 1630 4182 ipse
1659 4098 1779 4179 habuit,

379 4204 484 4267 tenuit
512 4210 545 4268 et
573 4207 722 4289 possedit
755 4226 792 4270 ac
821 4207 881 4271 sub
910 4206 1028 4270 eisdem
1060 4206 1153 4269 metis
1182 4211 1214 4269 et
1245 4206 1388 4269 terminis
1418 4204 1479 4268 sub
1511 4202 1629 4286 quibus
1651 4208 1683 4266 et
1705 4220 1779 4265 cnm

380 4305 498 4388 quibus
512 4308 580 4391 ipse
596 4310 707 4392 tenuit
730 4310 842 4373 habuit
856 4317 888 4374 et
904 4310 1051 4393 possedit
1074 4309 1223 4374 videlicet
1242 4310 1335 4373 terris
1350 4307 1531 4388 arabilibus,
1554 4306 1652 4386 silvis,
1675 4306 1777 4388 aquis,
1813 4312 1849 4365 30

379 4411 478 4493 pratis
508 4419 540 4476 et
568 4415 751 4479 nemoribus
780 4415 820 4478 ad
849 4414 981 4479 eandem
1012 4413 1245 4497 pertinentibus
1280 4419 1433 4497 perpetuo
1465 4418 1496 4476 et
1529 4408 1779 4474 irrevocabiliter

380 4515 559 4598 tenendam,
590 4518 813 4601 possidendam
835 4516 965 4601 pacifice
989 4518 1095 4599 quiete
1118 4523 1150 4581 et
1171 4517 1358 4596 habendam,
1384 4522 1417 4581 et
1439 4535 1545 4579 coram
1567 4513 1660 4578 nobis
1683 4512 1778 4593 dedit,

380 4619 511 4682 tradidit
532 4626 565 4684 91
586 4622 761 4705 assignavit
782 4621 886 4702 modo,
909 4621 1020 4685 ordine
1042 4641 1079 4685 ac
1101 4623 1204 4685 forma
1219 4620 1337 4703 quibus
1360 4640 1457 4704 supra
1479 4619 1666 4683 declaratur.
1689 4617 1731 4681 nt
1745 4617 1778 4679 in

380 4722 505 4805 signum
529 4724 615 4807 pleni
638 4726 771 4789 dominii
786 4732 819 4789 et
833 4724 982 4809 pacificae
1003 4725 1214 4808 possessionis
1230 4725 1336 4788 omnia
1356 4723 1521 4808 privilegia
1535 4727 1568 4787 et
1581 4721 1780 4785 munimenta

380 4845 477 4910 super
505 4828 676 4905 donatione
706 4835 739 4892 91
761 4829 900 4892 dominio
923 4829 1102 4912 praedictae
1132 4830 1341 4913 possessionis
1374 4834 1407 4893 et
1436 4828 1530 4890 villae
1552 4824 1780 4889 Mortunfclwa
1814 4832 1849 4884 35

380 4937 511 4995 1999199
533 4932 677 4995 99919919
699 4933 799 4997 eidem
823 4930 970 4996 Michaeli
992 4939 1024 4995 91
1042 4930 1143 4995 Ρ9919
1166 4932 1296 4995 tradidit
1317 4952 1424 4996 coram
1447 4930 1539 4995 nobis
1561 4928 1779 4993 renunciando

380 5033 467 5097 omni
488 5034 551 5098 iuri
573 5041 606 5100 91
629 5035 778 5118 dominio,
802 5037 889 5119 quod
904 5037 1058 5099 hactenus
1073 5036 1107 5098 in
1130 5035 1238 5099 eadem
1259 5037 1336 5100 villa
1357 5042 1389 5100 et
1404 5035 1603 5119 possessione
1619 5032 1781 5096 habuisset

379 5136 431 5201 vel
465 5138 581 5203 habere
610 5141 767 5223 potuisset
796 5140 829 5203 in
863 5140 1010 5204 futurum
1040 5143 1073 5203 91
1101 5138 1207 5222 ipsum
1236 5140 1288 5204 199
1317 5160 1354 5204 ac
1386 5137 1561 5204 dominium
1593 5137 1627 5199 in
1652 5136 1779 5200 eosdem

380 5241 566 5306 Michaelem
589 5252 621 5307 et
643 5244 779 5307 Paulum
811 5244 952 5327 plenarie
984 5242 1212 5307 transferendo.
1257 5241 1781 5323 199919919191991911919991-

380 5352 573 5429 petramque
603 5346 784 5411 firmitatem
815 5347 853 5410 ad
884 5346 1066 5412 instantiam
1097 5352 1130 5410 et
1159 5346 1343 5430 petitionem
1374 5345 1608 5431 praedictarum
1641 5345 1778 5428 partium
1814 5351 1850 5404 40

380 5456 564 5533 praesentes
578 5457 703 5515 nostras
725 5449 832 5515 literas
855 5451 1070 5514 concessimus
1086 5450 1180 5533 sigilli
1195 5450 1296 5514 nostri
1311 5449 1479 5533 pendentis
1494 5448 1671 5512 munimine
1686 5447 1781 5511 robo-
