4088 6292
271 788 392 852 ordinis
406 788 542 852 fratrum
557 787 814 852 Praedioatoruru
832 789 871 853 de
894 791 987 853 domo
1004 789 1138 853 Albensi
1155 808 1191 852 ao
1207 793 1386 853 conventus
1402 788 1522 851 ordinis
1537 789 1672 851 fratrum

269 892 507 957 Heremitarum
529 892 630 956 saneti
645 893 819 975 Augustini
841 895 937 957 etiam
959 892 999 957 de
1021 892 1115 955 domo
1133 892 1266 955 Albensi
1288 892 1525 955 inclinationem
1549 896 1581 955 et
1603 911 1674 955 ora-

270 996 374 1060 tiones
394 997 428 1058 in
452 995 581 1059 domino
604 996 726 1060 debitas
748 1016 785 1059 ao
807 996 947 1060 devotas,
974 997 1054 1061 Cum
1076 996 1187 1080 populi
1211 997 1309 1059 vostri
1332 995 1372 1059 de
1393 995 1470 1058 villa
1491 995 1617 1059 Karako
1640 1002 1674 1059 et

271 1099 311 1163 de
340 1099 416 1162 villu
437 1099 556 1183 Yguen
578 1120 676 1163 eausa
697 1100 859 1165 statuendi
881 1102 914 1163 iu
937 1101 1035 1164 vostri
1065 1099 1244 1183 praesentia
1266 1099 1431 1183 privilegia
1452 1119 1550 1183 super
1578 1099 1673 1162 liber·

219 1210 236 1263 5
271 1203 390 1266 tatibus
418 1204 562 1286 ipsorum
584 1209 730 1267 emanata
757 1223 815 1286 per
837 1204 1002 1267 dominum
1024 1203 1205 1267 Ladislaum
1238 1202 1405 1266 vaivodarn
1427 1203 1672 1266 Transiluanum

271 1307 335 1370 sint
356 1307 453 1389 citati,
475 1307 571 1371 iidem
594 1307 705 1391 populi
719 1314 849 1391 propter
869 1307 1051 1371 distantiam
1072 1308 1134 1370 looi
1152 1328 1188 1371 ao
1211 1308 1335 1370 viarum
1359 1307 1541 1370 discrimina
1563 1306 1673 1370 eadem

269 1410 436 1494 privilegia
457 1429 567 1475 seoum
589 1411 712 1476 deterre
734 1431 799 1474 non
822 1417 1071 1495 praesumentes
1103 1432 1122 1474 a
1144 1411 1236 1475 nobis
1258 1410 1421 1475 humiliter
1443 1430 1516 1474 oum
1544 1430 1674 1494 precum

269 1513 422 1578 instantia
443 1515 613 1598 petierunt
637 1515 724 1597 quod
747 1515 858 1580 eadem
879 1515 1047 1599 privilegia
1066 1515 1196 1579 rescribi
1219 1534 1278 1579 seu
1300 1514 1476 1597 exemplari
1498 1514 1675 1577 taceremus

271 1623 304 1681 et
318 1617 378 1681 sub
393 1619 511 1682 nostris
534 1619 645 1702 sigillis
668 1623 793 1683 vestrae
809 1619 966 1681 maiestati
980 1618 1187 1683 mitteremus
1216 1618 1360 1694 Quorum
1376 1618 1568 1702 populorum
1583 1618 1676 1681 iustis

203 1730 238 1784 10
271 1721 420 1806 precibus
449 1722 593 1787 inclinati
622 1729 797 1786 memorata
826 1721 992 1806 privilegia
1020 1742 1085 1786 non
1115 1722 1297 1805 cancellata,
1327 1742 1392 1784 non
1420 1721 1532 1785 abrasa
1561 1740 1620 1784 neo
1642 1721 1676 1783 in

272 1825 381 1908 aliqua
409 1827 461 1889 sui
481 1831 571 1909 parte
593 1826 713 1908 vitiata,
743 1827 892 1891 Andreae
923 1826 1078 1907 videlieet,
1109 1827 1214 1908 Belae,
1240 1825 1392 1909 Stephani
1421 1830 1519 1906 atque
1539 1823 1676 1888 Ladislai

271 1948 384 2012 regum
405 1929 580 1994 illustrium
603 1937 784 1994 vestrorum
806 1930 1046 2013 progenitorum
1061 1930 1156 1993 modo
1176 1930 1271 1993 simili
1287 1930 1403 1994 vestris
1425 1928 1676 2012 privilegialibus

271 2032 373 2097 literis
388 2038 551 2115 renovata,
574 2032 614 2096 de
629 2033 727 2097 verbo
751 2034 791 2097 ad
814 2033 949 2097 verbum
971 2052 1045 2096 oum
1068 2052 1194 2097 summa
1215 2034 1378 2117 diligentia
1396 2032 1527 2096 rescribi
1542 2032 1676 2096 feoirnus

273 2142 305 2200 et
325 2137 548 2220 praesentibus
569 2136 677 2219 inseri,
707 2137 767 2201 sub
790 2138 908 2201 nostris
931 2136 1042 2220 sigillis
1074 2143 1199 2201 restrae
1221 2136 1403 2201 eelsitudini
1425 2137 1676 2200 transmittentes

203 2249 238 2302 15
274 2244 307 2303 et
321 2244 461 2304 vestram
475 2240 672 2304 maiestatem
687 2246 858 2305 exorantes
873 2240 1009 2324 genibus
1030 2240 1218 2324 provolutis,
1242 2246 1401 2322 quatenus
1424 2240 1525 2303 diotos
1540 2239 1677 2323 populos

272 2348 405 2425 vestros,
435 2362 561 2427 semper
583 2364 602 2406 a
623 2345 690 2408 suis
711 2345 968 2428 progenitoribus
999 2345 1083 2409 siout
1105 2351 1137 2410 et
1158 2363 1245 2408 nuno
1267 2343 1468 2407 fidelissimos
1492 2343 1532 2407 ob
1563 2345 1677 2408 merite

272 2466 405 2510 suorum
434 2445 577 2510 fidelium
607 2448 811 2512 servitiorum
841 2468 898 2532 per
920 2449 1061 2512 illustres
1083 2467 1174 2530 reges
1196 2449 1415 2532 progenitores
1448 2452 1570 2511 vestros
1599 2466 1677 2530 prae

272 2551 386 2615 ueteris
402 2551 531 2635 speciali
546 2553 768 2635 praerogativa
789 2552 908 2615 favoris
927 2551 1124 2635 amplexatus
1146 2553 1179 2613 iu
1202 2552 1270 2615 suis
1286 2550 1486 2615 libertatibus
1502 2549 1677 2633 dignemini

272 2655 463 2719 conservari„
502 2654 646 2731 Quorum
669 2655 797 2737 quidem
819 2655 1060 2739 privilegiorum
1082 2655 1161 2718 tales
1184 2661 1261 2718 sunt
1301 2662 1437 2719 tenores.
1478 2651 1608 2737 (Folpen
1629 2653 1678 2717 die

202 2767 239 2821 20
281 2755 448 2823 Urbandea
470 2756 528 2823 Nr.
553 2758 606 2841 17,
632 2758 684 2841 52,
713 2760 765 2841 75,
788 2759 848 2822 113
869 2758 935 2822 aad
957 2759 1051 2841 228.)

933 3087 1022 3172 276.

351 3255 459 3323 1290
477 3253 528 3325 bie
545 3255 654 3325 1313.
681 3252 758 3325 Der
783 3252 1074 3344 eiebeabtiryisebe
1099 3251 1270 3324 Woiwode
1287 3251 1479 3325 Lausum
1505 3254 1678 3325 urkundet

273 3372 358 3446 eber
384 3373 440 3446 die
474 3373 695 3465 Vertbeituaq
722 3373 784 3445 der
810 3372 1002 3463 Erbeobufl
1028 3374 1088 3446 des
1119 3372 1237 3446 Comes
1264 3373 1435 3446 ltiitoloue
1459 3397 1524 3446 oon
1550 3374 1676 3447 Rodreu

273 3495 348 3566 aad
372 3496 434 3568 der
460 3495 598 3567 Kinder
624 3495 684 3567 des
708 3494 869 3567 Bradera
896 3495 1078 3583 desselben,
1106 3494 1234 3567 Benna

204 3659 239 3715 25
432 3658 508 3729 Orip.
526 3660 607 3729 Perq.
631 3658 734 3727 Unger.
752 3659 960 3713 Lendesarcbio
978 3659 1129 3727 Badopcet.
1161 3659 1256 3730 Stupet,
1280 3659 1387 3712 wasser
1411 3659 1519 3725 Wacbe,
1545 3661 1676 3725 worout

377 3745 426 3799 der
438 3743 582 3799 Riteteeite
598 3762 661 3799 aum
677 3745 836 3799 Verscbiuea
849 3744 1037 3814 aafqedrr'tolrt.
1050 3775 1085 3784 —
1103 3744 1306 3814 Pbotoyrapbie
1325 3744 1505 3799 Hernaunnet.
1518 3745 1628 3799 Archia.
1641 3776 1675 3786 -

378 3831 442 3885 Dae
460 3830 544 3886 Statuit
560 3835 597 3887 iet
614 3832 674 3886 dora
693 3830 942 3899 &memorabor
958 3848 994 3885 aa
1014 3832 1100 3901 Folpe
1119 3848 1164 3884 am
1182 3831 1234 3884 doe
1252 3830 1326 3885 Jebr
1344 3835 1413 3885 1300
1429 3832 1608 3901 qesobra'eben.
1631 3832 1676 3885 Im

378 3917 465 3972 Jahn
483 3922 552 3973 1296
569 3918 668 3972 lcornmt
686 3917 841 3985 Rotundus,
866 3918 898 3971 in
921 3917 975 3971 den
992 3917 1100 3971 Jaarm
1119 3921 1191 3972 1297
1207 3918 1249 3972 bis
1268 3921 1337 3971 1313
1354 3917 1509 3972 Ladielaua
1534 3918 1577 3972 ale
1599 3918 1675 3972 Wei-

377 4005 452 4059 wode
469 4021 522 4060 oon
540 4005 743 4075 Siebeabttrqen
765 4021 823 4059 vor.
853 4004 913 4058 ain
937 4004 1161 4073 Weisseaburper
1178 4004 1344 4058 Kenoniker
1363 4004 1501 4059 Nitolaus
1524 4005 1597 4058 wird
1612 4022 1675 4059 eum

378 4090 465 4146 Jaare
483 4095 552 4146 1300
567 4096 698 4162 genennt.
724 4090 788 4146 sien
811 4091 921 4146 Weaael
941 4090 1008 4145 (iod.v
1025 4090 1131 4159 Arpud.
1149 4091 1182 4159 V,
1200 4095 1259 4146 258.

429 4265 617 4330 Honorabili
646 4286 683 4330 ao
705 4267 881 4331 reverendo
904 4267 1053 4331 Albensis
1083 4267 1234 4331 eeclesiae
1256 4267 1394 4350 capitulo
1416 4265 1582 4330 Ladislaus
1604 4268 1672 4329 vai-

273 4369 358 4432 voda
380 4368 448 4447 de1)
464 4370 604 4445 sanoto¹t
620 4369 757 4434 Martino
767 4370 788 4450 ¹)
804 4371 939 4435 salutem
955 4391 1027 4435 oum
1052 4372 1139 4434 omni
1154 4370 1335 4434 reverentia
1356 4373 1388 4433 et
1402 4369 1530 4434 honore.
1553 4369 1674 4434 Notum

274 4472 408 4537 iacimus
438 4479 562 4537 vestrae
592 4474 816 4539 dominationis
847 4476 1057 4555 universitati,
1089 4475 1175 4557 quod
1198 4474 1387 4538 divisionem
1419 4475 1562 4538 omnium
1584 4474 1675 4538 here-

274 4576 409 4641 ditatum
438 4578 563 4642 comitis
584 4577 719 4660 Nyoolai
748 4580 787 4642 de
809 4578 923 4642 Rodna
952 4584 984 4643 et
1004 4598 1178 4663 puerorum
1208 4578 1315 4641 tratris
1346 4578 1396 4642 sui
1420 4579 1543 4642 comitis
1565 4578 1675 4642 Bonus

204 4688 239 4743 35
273 4681 345 4764 piae
366 4681 595 4746 reeordationis
612 4683 690 4766 ipsis
712 4702 754 4746 ex
777 4688 866 4765 parte
888 4682 1078 4746 hereditaria
1097 4683 1379 4767 praedeeessorum
1395 4702 1526 4746 suorum
1549 4683 1673 4747 eontin-

274 4785 418 4867 gentium
441 4785 509 4850 sive
524 4786 739 4850 derivatorum
761 4785 900 4850 vidimus
923 4792 955 4849 et
977 4786 1095 4850 seimus
1109 4786 1314 4869 protestando
1330 4786 1551 4869 praesentibus
1567 4806 1674 4849 coram

274 4889 424 4972 magistro
447 4888 578 4952 Nicolao
609 4889 678 4952 viro
709 4891 924 4953 concanonico
952 4890 1067 4953 foetam
1097 4895 1129 4954 et
1159 4889 1327 4954 diffinitum
1357 4891 1388 4952 in
1420 4890 1505 4954 huno
1533 4890 1676 4971 modum,

431 5063 451 5127 ¹)
469 5059 535 5127 Aes
543 5059 646 5114 eamr.
665 5059 740 5112 Eine
756 5059 938 5129 pleiobeeite'q0
950 5060 1040 5113 Haud
1056 5060 1105 5113 but
1121 5060 1327 5113 Translucanus
1339 5060 1425 5113 dareb
1443 5060 1496 5114 den
1510 5058 1676 5114 Ortoaumen

275 5151 378 5200 eructet.
395 5176 429 5185 -
446 5145 503 5200 Die
514 5146 716 5214 Acaderaegen
734 5146 793 5199 aad
805 5146 923 5199 Zuedtre
942 5151 1022 5199 auter
1040 5150 1064 5212 1,
1087 5150 1104 5199 7
1118 5145 1177 5198 aad
1193 5149 1212 5198 8
1229 5146 1286 5212 aus
1293 5144 1364 5199 Seite
1381 5149 1433 5199 204
1451 5146 1510 5199 and
1527 5146 1580 5199 due
1597 5146 1675 5199 uber-

206 5232 242 5289 40
275 5233 459 5302 praeieriebene
476 5233 574 5287 debent
591 5232 647 5299 anf
661 5230 732 5285 Seite
748 5235 801 5285 205
818 5232 866 5285 but
884 5233 934 5286 der
952 5232 1093 5286 Sobreiber
1110 5232 1159 5285 der
1181 5231 1310 5285 Urtuade
1327 5232 1455 5302 genuerint,
1473 5231 1605 5285 wdbrend
1622 5232 1675 5285 olle

275 5319 390 5389 0005900
415 5320 615 5389 Aenderunqen
638 5317 698 5371 aad
721 5318 840 5372 Zuedtee
862 5335 916 5372 oon
941 5319 1017 5373 eim
1040 5319 1155 5385 andren,
1178 5317 1379 5387 eiciebadtiqen
1403 5318 1493 5372 Hand
1515 5317 1675 5372 berrdbren.

278 5404 318 5461 Ob
341 5406 415 5461 diere
438 5406 527 5461 Hand
550 5407 616 5461 abor
638 5403 684 5459 die
707 5404 764 5472 aas
782 5404 1043 5459 eboracensen
1072 5404 1181 5459 Wdrter
1205 5405 1238 5458 de
1261 5406 1352 5458 sancto
1369 5404 1482 5459 Martino
1505 5404 1677 5475 yesoluiebea

275 5491 332 5560 but,
348 5491 387 5547 iet
404 5492 548 5563 ungarus.
