4086 6300
1040 613 1104 675 416

992 700 1146 708 .—

471 813 509 849 απ
528 797 614 850 damn
632 797 699 851 Pon
717 798 831 864 abead,
849 814 898 853 nor
915 799 1038 853 walchem
1054 798 1172 853 Maera
1184 799 1325 853 Personas
1341 798 1463 868 rimend5
1479 801 1615 855 darunter
1632 800 1679 855 ein
1695 801 1767 856 drei-

470 883 574 951 ecla'per
593 883 806 951 Wapmenacbild
823 885 873 939 mil
890 886 1029 954 adrrdpem
1041 886 1157 940 Bellen.
1187 886 1336 953 Umscbrift
1353 886 1469 954 kapitol,
1489 886 1519 939 Ε
1533 886 1593 941 aad
1611 887 1645 940 N
1657 887 1753 942 auriol
1759 906 1768 940 :

470 970 488 1023 S
505 993 510 1003 ·
527 970 626 1023 DINI·
647 970 975 1037 D’MARENRSELmlu
991 998 997 1009 ·
1016 972 1219 1027 pneumon·
1240 972 1408 1027 homulus
1425 997 1430 1007 ·
1450 972 1565 1028 PPOI'lI
1581 998 1586 1008 ·
1603 974 1764 1029 murnu-

522 1091 633 1146 Druck:
657 1092 733 1146 laed
750 1093 809 1147 und
832 1092 947 1148 Werner
969 1094 1051 1148 Urltb.
1070 1095 1097 1149 d.
1115 1094 1190 1148 Med.
1208 1093 1337 1163 Kopitala
1354 1098 1379 1149 6.

521 1249 558 1313 In
584 1252 713 1314 nomine
736 1252 854 1314 domini
879 1253 978 1316 nostri
1000 1253 1102 1317 Jhesu
1125 1252 1240 1316 Christi
1263 1272 1364 1317 amen.
1394 1253 1526 1318 Dudum
1548 1255 1767 1319 sanctissimus
1802 1263 1819 1313 5

368 1352 399 1414 in
425 1352 550 1416 Christo
580 1361 670 1438 pater
700 1361 732 1418 et
762 1356 911 1420 dominus
943 1362 1050 1420 noster
1072 1356 1220 1419 dominus
1242 1356 1406 1421 Johannes
1437 1358 1546 1421 divina
1567 1358 1769 1441 providentia

364 1474 447 1538 papa
476 1455 584 1521 XXII.
615 1478 728 1522 causas
761 1459 980 1543 appellationis
1010 1480 1067 1524 seu
1098 1460 1345 1543 appellationum
1376 1481 1413 1525 ac
1443 1461 1537 1526 etiam
1566 1462 1767 1543 negotiorum

367 1560 599 1644 principalium,
633 1582 715 1644 qrrae
749 1564 957 1628 vertebantur
991 1584 1048 1628 seu
1082 1565 1163 1628 verti
1198 1564 1407 1647 sperabantur
1439 1565 1522 1629 inter
1555 1565 1767 1630 reverendum

366 1670 487 1747 patrem
519 1665 683 1729 dominum
707 1668 868 1732 Andream
900 1669 1083 1753 episcopum
1106 1667 1281 1733 Albensem
1311 1669 1344 1732 in
1370 1668 1514 1752 partibus
1535 1668 1768 1733 Transsiluanis

366 1787 402 1830 ac
425 1769 603 1845 canonicos,
636 1772 808 1854 capitulum
841 1792 876 1835 ac
899 1773 1137 1837 archidiaconos
1169 1771 1315 1835 videlicet
1336 1772 1515 1836 Johannem
1538 1772 1712 1838 albensem
1734 1779 1767 1838 et
1804 1780 1837 1834 10

367 1870 532 1934 Schamam
563 1873 602 1936 dc
624 1873 758 1938 Kuhulu
781 1876 892 1938 maiori
923 1884 955 1940 ct
981 1877 1094 1940 minori
1126 1876 1228 1940 dictae
1258 1875 1409 1938 ecclesiae
1432 1875 1581 1940 Albensis
1612 1883 1766 1961 exparte

367 1993 441 2054 una,
472 1981 504 2039 et
534 1978 731 2042 venerabiles
762 1980 847 2043 viros
870 1980 1015 2044 dominos
1039 2026 1047 2042 .
1071 2027 1079 2044 .
1104 1982 1240 2044 decanos
1271 1985 1303 2043 et
1325 1985 1465 2042 rectores
1491 1979 1703 2044 decanatuum
1726 1982 1766 2046 de

366 2075 493 2158 Schebs,
524 2078 563 2143 de
586 2079 675 2163 Kizd,
706 2082 745 2145 de
769 2082 865 2161 Gord,
895 2083 935 2145 de
957 2082 1091 2147 Kuhulu
1122 2083 1231 2146 maiori
1255 2087 1287 2147 et
1310 2083 1424 2146 minori
1451 2088 1483 2147 et
1504 2084 1544 2148 de
1566 2091 1675 2149 sancto
1707 2084 1766 2149 Ia-

368 2180 478 2263 dizlao,
501 2182 631 2247 Petrum
648 2186 687 2249 de
703 2186 798 2270 Ygim
814 2175 1016 2270 plebanuin²)
1039 2193 1136 2269 atque
1152 2188 1191 2251 de
1206 2187 1326 2251 Medias
1341 2187 1553 2251 communiter
1568 2187 1620 2253 vel
1640 2189 1766 2253 divisim

367 2305 409 2348 ex
432 2285 540 2368 altera,
563 2308 659 2371 super
682 2290 820 2371 decimis,
851 2291 1010 2373 censibuS,
1039 2292 1132 2355 bonis
1155 2291 1347 2355 decanorum
1370 2296 1402 2354 et
1423 2297 1584 2355 rectorum
1607 2291 1764 2357 dictorum
1803 2300 1835 2352 15

365 2389 576 2454 decanatuum
605 2392 836 2475 decedentium,
866 2396 985 2459 iurium
1015 2396 1232 2478 denegatione,
1263 2395 1435 2458 violatione
1464 2395 1704 2478 privilegiorum
1734 2403 1767 2461 et

365 2492 529 2558 literarum
553 2496 758 2561 ecclesiarum
781 2498 938 2563 dictorum
962 2500 1156 2563 decanorum
1179 2506 1211 2563 et
1233 2506 1391 2562 rectorum
1414 2498 1662 2582 gravammibus,
1693 2519 1766 2583 cap-

365 2596 573 2663 tivationibus
603 2605 635 2664 et
664 2601 915 2684 spoliationibus,
945 2622 1028 2685 quae
1059 2603 1150 2666 dictis
1180 2601 1308 2666 decanis
1331 2608 1363 2665 et
1385 2601 1562 2665 rectoribus
1582 2601 1767 2666 inferuntur

364 2719 422 2783 per
444 2702 545 2767 dictos
575 2704 720 2768 dominos
751 2706 933 2789 episcopum
957 2713 989 2770 et
1022 2707 1258 2771 archidiaconos
1281 2706 1314 2768 in
1337 2705 1572 2770 visitationibus
1601 2724 1711 2769 eorum
1735 2712 1767 2769 et

364 2807 643 2887 procurationibus
672 2809 861 2892 recipiendis
892 2816 924 2872 et
955 2809 1143 2890 quibusdam
1175 2810 1383 2893 pecuniarum
1414 2809 1555 2889 summis,
1576 2827 1666 2889 ¹quas
1688 2808 1763 2871 dicti
1799 2818 1835 2872 20

365 2908 483 2972 domini
515 2912 683 2996 episcopus
714 2920 745 2976 et
775 2913 986 2986 archidiaconi
1009 2918 1198 2996 receperunt
1220 2933 1239 2976 a
1261 2913 1353 2977 dictis
1374 2912 1503 2977 decanis
1532 2916 1565 2975 et
1586 2911 1765 2975 rectoribus

364 3032 422 3094 pro
445 3033 555 3078 eorum
579 3016 820 3080 confirmatione
843 3023 875 3080 et
897 3017 1099 3080 institutione
1122 3036 1180 3081 seu
1203 3035 1313 3079 eorum
1338 3035 1453 3080 occasu
1476 3016 1651 3080 secundum
1674 3034 1765 3100 prae-

365 3114 522 3180 dictorum
553 3118 745 3183 decanorum
777 3128 809 3185 et
839 3127 998 3184 rectorum
1030 3126 1271 3204 procuratorum
1303 3121 1511 3184 assertionem
1542 3118 1633 3183 nobis
1658 3117 1765 3200 Dyn0,

364 3222 542 3303 praeposito
565 3222 731 3303 Jauuensi,
761 3224 893 3306 praelati
924 3225 1042 3287 domini
1075 3224 1176 3286 nostri
1199 3243 1298 3307 papae
1330 3224 1492 3307 capellano
1523 3225 1658 3306 eiusque
1684 3223 1765 3287 sacri

363 3323 470 3408 palatii
493 3326 630 3389 auditori
661 3328 835 3392 audiendas
866 3329 1024 3391 commisit
1046 3334 1078 3391 et
1105 3327 1170 3391 fine
1201 3327 1306 3390 debito
1337 3326 1535 3392 decidendas.
1572 3328 1764 3411 Compareu·
1799 3338 1834 3391 ‘25

363 3426 450 3492 tibus
472 3429 581 3509 itaque
603 3431 805 3513 postmodum
836 3432 869 3493 in
897 3433 1014 3495 iudicio
1045 3451 1152 3495 coram
1183 3432 1275 3495 nobis
1305 3432 1442 3495 dominis
1464 3432 1611 3496 Johanne
1632 3431 1763 3495 Heurici

364 3531 498 3614 plebano
533 3534 572 3597 de
606 3535 764 3618 Appoldia
801 3536 956 3618 superiori
995 3542 1027 3601 ct
1059 3536 1206 3601 debanna
1239 3537 1373 3621 Henrigi
1410 3537 1545 3621 plebano
1584 3536 1623 3600 de
1656 3535 1765 3599 Bazna

364 3636 588 3718 asserentibus
618 3657 652 3701 se
683 3645 905 3721 procuratores
934 3641 1167 3723 praedictorum
1201 3641 1401 3704 dominorum
1426 3642 1619 3705 decanorum
1642 3646 1674 3704 et
1696 3658 1763 3703 rec-

364 3745 479 3822 torum,
502 3746 535 3805 et
556 3740 738 3824 petentibus
760 3742 849 3805 citari
879 3743 1044 3807 dominmu
1067 3743 1261 3827 Stephanum
1285 3745 1474 3809 canonicum
1497 3743 1668 3808 Albensem
1691 3762 1764 3826 pro·

363 3848 552 3927 curatorem,
583 3850 619 3908 ut
648 3847 840 3928 asserebant,
862 3848 1097 3930 praedictorum
1127 3849 1327 3911 dominorum
1360 3848 1508 3931 episcopi,
1538 3846 1763 3910 canonicorum
1799 3857 1835 3910 30

364 3952 396 4010 et
418 3948 546 4031 capituli
570 3970 606 4012 ac
629 3949 688 4013 sibi
711 3951 862 4032 mandari,
887 3952 972 4033 quod
996 3972 1059 4015 non
1084 3952 1211 4016 recedat
1234 3952 1273 4015 de
1296 3951 1543 4015 curiaRomana
1564 3951 1632 4014 sine
1655 3955 1764 4014 nostra

365 4049 501 4133 licentia,
524 4071 648 4115 necnon
672 4059 705 4117 et
726 4055 890 4118 dominum
913 4056 1118 4119 Ambrosium
1143 4055 1181 4118 de
1204 4054 1384 4118 Mediolano
1406 4054 1625 4137 iurisperitum
1648 4074 1763 4137 procu-

365 4159 510 4235 ratorem,
533 4163 570 4219 ut
584 4158 776 4239 asserebant,
796 4159 986 4223 venerabilis
1002 4160 1061 4222 viri
1079 4159 1198 4222 domini
1210 4158 1366 4222 Johannis
1381 4158 1592 4221 archidiaconi
1604 4157 1762 4235 Albensis,

364 4276 423 4320 nos
452 4259 630 4341 praedictos
660 4262 806 4325 dominos
828 4262 1025 4346 Stephanum
1056 4270 1088 4327 et
1110 4261 1316 4326 Ambrosium
1346 4261 1434 4324 citari
1463 4280 1570 4325 coram
1601 4260 1693 4324 nobis
1722 4260 1761 4323 ad

362 4368 479 4425 certam
503 4363 586 4426 diem
610 4366 831 4430 mandavimus
861 4385 897 4428 ac
920 4365 980 4428 sibi
1002 4366 1149 4449 praecipi,
1180 4365 1267 4447 quod
1289 4365 1416 4429 interim
1447 4365 1486 4428 de
1508 4365 1652 4429 Romana
1674 4365 1762 4428 curia
1797 4376 1832 4430 35

363 4464 484 4546 absque
507 4473 616 4530 nostra
637 4468 766 4533 licentia
795 4470 854 4533 sub
886 4468 1226 4533 excommunicationis
1247 4487 1351 4552 poena
1373 4489 1438 4532 non
1461 4471 1653 4534 recederent
1692 4468 1763 4546 Qua

363 4568 414 4633 die
436 4572 693 4653 comparentibus
722 4574 754 4636 in
786 4574 904 4638 iudicio
935 4592 1042 4637 coram
1073 4571 1165 4636 nobis
1194 4573 1228 4635 iu
1258 4573 1419 4656 praedicto
1450 4573 1566 4656 palatio
1589 4573 1760 4656 apostolico

361 4674 531 4755 praedictis
553 4678 813 4759 procuratoribus
830 4677 1022 4742 decanorum
1046 4682 1079 4740 ct
1100 4683 1261 4741 rectorum
1284 4698 1321 4740 ac
1344 4677 1420 4760 ipsis
1443 4676 1579 4740 dominis
1601 4675 1760 4760 Stephano

363 4783 395 4839 et
413 4777 592 4861 Ambrosie,
616 4800 675 4843 nos
696 4782 958 4865 procuratoribus
981 4781 1150 4862 utriusque
1172 4781 1272 4865 partis
1294 4781 1334 4843 ad
1355 4780 1451 4844 fidem
1474 4780 1654 4844 iaciendum
1670 4780 1762 4843 nobis

363 4880 394 4942 in
430 4881 546 4945 iudicio
582 4882 620 4946 de
654 4904 764 4947 eorum
799 4885 956 4948 mandatis
986 4890 1107 4947 certum
1144 4884 1316 4947 terminum
1345 4890 1578 4968 competentem
1609 4883 1762 4946 duximus
1796 4892 1833 4947 40

363 4985 576 5048 statuendum.
598 4987 635 5049 In
661 5007 725 5070 quo
749 4988 884 5051 termino
907 4986 1166 5071 comparentibus
1187 4987 1219 5050 in
1243 4987 1360 5051 iudicio
1384 4988 1554 5069 utriusque
1575 4988 1675 5071 partis
1688 5006 1762 5071 pro·

362 5088 564 5153 curatoribus
587 5094 620 5154 et
641 5092 681 5154 ad
703 5092 885 5155 laciendum
900 5091 995 5155 fidem
1012 5092 1051 5156 de
1068 5111 1179 5156 eorum
1195 5092 1351 5155 mandatis
1366 5090 1527 5173 aliquibus
1542 5091 1763 5155 instrumentis

362 5212 399 5255 ac
429 5193 523 5256 etiam
553 5194 653 5258 literis
683 5215 756 5259 cum
787 5195 898 5278 sigillis
931 5195 1146 5279 pendentibus
1179 5195 1403 5260 exhibentibus
1432 5215 1538 5259 coram
1568 5194 1669 5277 nobis,
1704 5214 1763 5259 nos

363 5296 596 5379 praedictorum
628 5299 913 5363 instrumentorum
937 5304 969 5363 et
990 5300 1153 5364 literarum
1177 5299 1250 5363 hinc
1275 5299 1351 5362 iude
1372 5299 1464 5383 copia
1485 5299 1612 5364 decreta
1632 5299 1763 5382 utrique

519 5434 540 5502 ¹)
558 5434 622 5489 Dae
638 5434 729 5490 swcitc
747 5435 775 5489 A
790 5435 995 5505 peecbwunden,
1012 5435 1144 5491 vulleicbt
1160 5434 1198 5490 iat
1218 5434 1241 5490 0
1257 5452 1295 5491 vu
1312 5434 1392 5490 lesem
1795 5437 1832 5490 45

517 5524 539 5589 ¹)
561 5520 694 5592 Vorlapa:
710 5520 823 5591 plebani.
