4048 6284
910 604 1066 700 —os—

285 794 406 858 Verum
430 794 457 857 si
479 793 637 877 quispiam
658 794 710 877 pie
732 793 814 875 data,
836 793 996 858 contraria
1015 791 1214 876 plenitudine
1221 792 1243 870 ¹)
1266 792 1464 875 detrectaret,
1488 792 1580 876 quasi
1601 791 1683 857 serio

285 897 427 960 divinam
447 900 635 980 provocaret
657 888 808 960 offensam
834 902 867 960 et
887 903 999 961 contra
1019 915 1054 960 se
1076 895 1172 959 corda
1199 896 1363 960 hominum
1386 901 1418 960 et
1441 896 1525 960 labia
1545 914 1684 960 commo·

284 1006 382 1083 reret,
410 1001 473 1062 iam
503 1018 570 1063 rem
600 998 736 1063 alienam
763 1000 866 1064 inrito
889 1000 1017 1063 domino
1048 999 1281 1063 contrectando.
1326 999 1409 1064 Sane
1432 1000 1539 1063 dilecti
1560 997 1618 1061 filii
1641 1042 1683 1062 ..

284 1105 434 1187 magister
455 1109 489 1167 et
510 1103 623 1166 tratres
645 1103 759 1167 domus
779 1103 944 1188 hospitalis
966 1108 1094 1166 sanctae
1110 1102 1228 1165 Mariae
1249 1102 1517 1166 Theutonicorum
1532 1094 1683 1166 Jerosoli-

218 1214 234 1267 5
285 1208 396 1270 mitani
425 1206 538 1270 humili
567 1206 660 1270 nobis
688 1213 721 1270 et
749 1207 881 1271 instanti
911 1206 1140 1287 conquestione
1170 1210 1398 1289 monstrarunt,
1428 1205 1514 1288 quod
1544 1225 1618 1269 cum
1647 1210 1684 1269 tu

285 1329 396 1375 eorum
417 1310 527 1374 domui
549 1316 666 1374 terram
680 1309 783 1374 Borze
805 1311 858 1394 pia
878 1309 1066 1374 liberalitate
1087 1308 1247 1390 donasses,
1270 1308 1354 1372 sicut
1366 1310 1402 1372 in
1423 1309 1597 1393 privilegiis
1619 1310 1684 1373 tuis

284 1413 505 1497 perspeximus
534 1412 662 1496 plenius
683 1414 848 1494 contineri,
877 1412 938 1496 ipsi
959 1431 1017 1496 pro
1040 1411 1173 1475 colenda
1202 1417 1235 1474 et
1255 1412 1429 1475 munienda
1457 1417 1543 1477 terra
1563 1412 1683 1495 eadem,

284 1534 341 1601 per
363 1535 460 1598 quam
479 1514 661 1593 Oumanis')
683 1534 818 1599 regnum
833 1515 992 1599 Ungariae
1014 1514 1231 1599 multipliciter
1252 1514 1514 1598 perturbantibus
1531 1516 1683 1598 frequens

284 1620 434 1684 introitus
464 1625 497 1683 et
518 1620 626 1683 exitus
647 1618 824 1683 habebatur
844 1638 1048 1683 numerosam
1076 1619 1245 1701 pecuniam
1274 1619 1506 1702 expenderunt,
1535 1620 1581 1683 ibi
1610 1639 1684 1683 cum

219 1729 251 1784 10
285 1723 386 1787 multo
407 1723 516 1787 labore
542 1742 578 1786 ac
600 1723 721 1806 proprii
742 1721 896 1785 effirsione
918 1722 1040 1785 cruoris
1063 1721 1206 1803 quinque
1228 1726 1332 1785 caua
1353 1722 1447 1787 tortia
1461 1724 1683 1788 construendo.

285 1825 347 1892 Sed
368 1826 444 1890 licet
473 1833 510 1889 tu
532 1826 578 1889 eis
600 1831 718 1890 terram
747 1824 932 1889 abstulisses
955 1824 1097 1907 eandem,
1126 1825 1228 1907 ipsam
1250 1826 1378 1890 undem
1408 1826 1575 1891 restituisti
1597 1832 1683 1911 post-

284 1929 415 1994 modum
437 1936 476 1993 ut
490 1928 635 2010 debebas,
658 1930 737 2011 quin
759 1929 854 1992 etiam
868 1948 926 2012 pro
948 1929 1240 2012 recompensatione
1256 1928 1445 1994 damnorum
1465 1931 1543 2014 ipsis
1561 1936 1683 2016 partem

286 2033 456 2098 (lomaniae
485 2032 571 2096 ultra
598 2038 740 2097 montem
768 2033 893 2096 nivium
914 2032 1086 2096 contulisti.
1118 2031 1157 2095 In
1181 2051 1246 2113 qua
1267 2052 1341 2096 cum
1371 2033 1446 2097 dicti
1474 2019 1625 2118 magister
1651 2039 1685 2098 et

283 2137 398 2201 naues
420 2141 559 2200 castrum
582 2135 831 2199 munitissimum
852 2137 1117 2217 construxissent,
1147 2134 1282 2199 Cumani
1303 2137 1463 2219 perterriti
1485 2143 1518 2201 et
1539 2137 1684 2202 dolentes

218 2247 250 2300 15
284 2241 462 2325 ademptam
477 2240 538 2304 sibi
559 2240 722 2322 ingressus
745 2243 778 2302 et
792 2239 900 2302 exitus
921 2237 1113 2319 facultatem,
1136 2244 1327 2321 congregata
1341 2239 1464 2324 ingenti
1478 2241 1683 2305 multitudine

283 2343 480 2424 bellatorum,
503 2343 616 2406 matres
636 2342 716 2405 inibi
732 2347 964 2405 commorantes
978 2340 1134 2405 hostiliter
1150 2343 1289 2424 aggressi
1313 2342 1453 2425 fuerunt,
1476 2344 1532 2407 sed
1554 2343 1683 2407 domino

282 2447 472 2530 propitiante
502 2445 627 2527 demoti
657 2445 782 2509 contusi
812 2450 845 2508 et
872 2444 1002 2507 reveriti
1032 2443 1232 2525 destiterunt,
1261 2445 1456 2527 quinetiam
1488 2447 1619 2529 quidam
1640 2465 1683 2510 ex

282 2550 346 2613 illis
374 2549 466 2612 dictis
496 2548 647 2613 tratribus
674 2566 709 2612 se
738 2548 915 2630 reddentes,
948 2566 1022 2610 cum
1044 2547 1202 2611 uxoribus
1231 2554 1264 2612 et
1292 2548 1436 2633 parvulis
1465 2548 1505 2612 ad
1535 2547 1683 2632 baptismi

283 2653 417 2737 gratiam
431 2652 650 2716 convolarunt
672 2652 720 2715 Tu
735 2671 812 2716 vero
835 2658 951 2716 terram
966 2651 1068 2737 ipsam
1086 2650 1268 2733 ingrediens
1290 2652 1473 2733 cultamque
1487 2650 1683 2735 prospiciens

218 2759 251 2816 20
283 2757 396 2821 trabes
414 2757 454 2820 de
468 2762 561 2838 terra,
577 2757 623 2819 eis
637 2775 695 2839 per
709 2755 817 2819 sedem
832 2754 1036 2839 apostolicam
1055 2752 1242 2818 confirmata
1259 2759 1292 2818 et
1313 2754 1373 2819 sub
1396 2755 1466 2819 eius
1487 2755 1683 2838 protectione

283 2866 437 2945 suscepta,
466 2879 524 2943 per
552 2858 736 2923 violentiam
765 2859 917 2942 expulisti
947 2878 1012 2921 non
1042 2857 1164 2940 absque
1193 2856 1356 2922 Romanae
1385 2858 1537 2923 ecclesiae
1565 2858 1684 2921 iniuria

283 2962 457 3044 manifesta,
487 2982 559 3025 cum
590 2962 700 3025 eadem
731 2968 817 3026 terra
844 2961 970 3025 nullum
991 2967 1117 3044 praeter
1142 2960 1322 3025 Romanum
1351 2959 1534 3045 pontificem
1562 2959 1683 3025 habens

283 3066 466 3150 episcopum
488 3065 540 3129 rel
562 3065 748 3148 praelatum,
777 3065 881 3130 eidem
902 3065 1054 3130 ecclesiae
1075 3064 1156 3128 duas
1183 3082 1304 3128 marcas
1327 3065 1396 3127 auri
1418 3082 1476 3148 pro
1499 3081 1598 3127 censu
1620 3063 1683 3127 sol-

284 3175 372 3233 veret
400 3170 573 3234 annuatim.
611 3168 654 3233 Et
683 3169 830 3250 quamvis
860 3169 931 3251 piae
959 3168 1130 3232 memoriae
1158 3167 1324 3230 Honorius
1350 3186 1432 3250 papa
1459 3165 1684 3250 praedecessor

220 3275 251 3329 25
283 3277 391 3335 noster
412 3291 449 3336 ac
471 3291 530 3336 nos
545 3271 748 3355 postmodum
769 3270 890 3354 pluries
912 3271 969 3334 tibi
988 3268 1175 3334 affectuosas
1190 3288 1301 3353 preces
1323 3276 1356 3334 et
1376 3271 1498 3335 monita
1520 3269 1683 3353 diligentia

284 3373 503 3456 direxerimus,
535 3382 574 3439 ut
602 3376 648 3440 eis
679 3382 796 3440 terram
823 3376 924 3457 ipsam
954 3374 1127 3439 liberaliter
1154 3373 1312 3455 redderes,
1342 3391 1546 3456 nequaquam
1575 3378 1682 3437 tamen

284 3478 402 3542 trimus
431 3479 582 3560 exauditi,
611 3480 690 3561 quin
719 3479 826 3562 potius
854 3478 939 3542 idem
961 3478 1111 3560 magister
1139 3477 1180 3540 ad
1200 3477 1412 3560 praesentiam
1445 3482 1534 3540 tuam
1562 3477 1597 3539 in
1626 3494 1683 3560 spe

283 3586 415 3646 vocatus
445 3582 598 3646 accedens
628 3583 800 3646 bustratus
828 3582 930 3661 rediit,
960 3580 1109 3664 fatigatus
1135 3581 1245 3644 multis
1273 3579 1436 3644 laboribus
1462 3585 1495 3643 et
1524 3580 1682 3664 expensis,

283 3685 360 3748 alias
374 3684 468 3748 domo
484 3705 543 3749 sua
564 3691 693 3769 propter
707 3685 767 3748 hoc
790 3686 897 3748 attrita
915 3683 1012 3748 variis
1034 3689 1066 3748 et
1088 3683 1272 3747 enormibus
1294 3681 1500 3747 detrimentis.
1521 3680 1571 3745 Ne
1585 3682 1682 3765 igitur

221 3790 252 3844 30
283 3788 488 3852 inexorabilis
502 3789 648 3869 videaris,
663 3789 690 3852 si
706 3788 792 3870 quod
808 3789 898 3869 absit,
913 3788 1064 3853 seductus
1079 3787 1186 3871 pravis
1201 3786 1458 3870 suggestionibus
1470 3784 1683 3869 malignorum

283 3891 414 3955 reddere
428 3910 554 3974 renuas,
578 3911 660 3974 quae
675 3911 741 3955 non
756 3896 846 3975 potes
862 3890 950 3954 salva
964 3890 1159 3955 conscientia
1176 3890 1322 3973 retinere,
1345 3890 1548 3955 serenitatem
1562 3889 1682 3973 regiam

282 4012 439 4077 rogamus,
469 4013 636 4059 monemus
658 3999 690 4058 et
711 3994 875 4058 hortamur
897 3995 930 4057 in
953 3994 1090 4076 domino,
1116 3994 1151 4056 in
1172 3993 1359 4059 remissione
1381 3993 1439 4058 tibi
1460 3993 1681 4078 peccaminum

282 4098 492 4179 iniungentes,
519 4102 678 4180 quatenus
700 4096 911 4162 conscientiae
933 4116 970 4159 ac
992 4097 1093 4160 famae
1116 4101 1190 4161 tuae
1211 4096 1381 4161 salubriter
1403 4096 1583 4178 consulens,
1607 4116 1681 4162 cum

282 4204 444 4282 peccatum
467 4200 596 4265 minime
624 4202 814 4280 remittatur,
843 4201 904 4265 nisi
934 4201 1122 4265 restituatur
1148 4200 1298 4279 ablatum,
1328 4199 1447 4265 eisdem
1469 4200 1620 4283 magistro
1649 4204 1683 4265 et

220 4304 251 4359 35
283 4301 433 4366 trabibus
447 4303 597 4367 restituas
611 4309 727 4367 terram
741 4305 852 4387 ipsam,
874 4303 913 4367 de
928 4304 1053 4366 damnis
1074 4309 1107 4367 et
1125 4304 1273 4386 irrogatis
1294 4303 1420 4366 iniuriis
1435 4301 1681 4367 satisfactionem

283 4422 455 4487 congruam
465 4406 687 4489 impendendo,
710 4408 756 4471 ita
767 4405 854 4489 quod
868 4405 995 4468 veritati
1012 4424 1110 4468 verax
1126 4407 1277 4489 existens,
1293 4412 1325 4471 te
1338 4405 1384 4470 illi
1396 4406 1510 4471 reddas
1520 4405 1681 4490 placidum

283 4513 314 4570 et
328 4514 501 4591 acceptum,
521 4510 577 4592 qui
592 4517 737 4594 acceptos
751 4509 898 4594 provehit
911 4511 945 4572 in
960 4508 1104 4589 salutem,
1124 4516 1157 4573 et
1170 4530 1230 4575 nos
1244 4510 1303 4574 tibi
1317 4511 1550 4575 constituamur
1564 4509 1681 4575 exinde

281 4629 346 4673 non
361 4611 517 4675 immerito
533 4612 699 4678 debitores.
722 4611 841 4677 Datum
856 4611 1012 4693 lateram,
1026 4612 1067 4676 II.
1082 4612 1243 4678 Kalendas
1257 4612 1342 4695 Maii,
1361 4611 1565 4698 pontificatus
1579 4612 1681 4677 nostri

282 4732 365 4776 anno
388 4715 510 4795 quinto.

218 4904 252 4958 to
951 4886 1015 4969 62.

359 5049 467 5118 1231.
494 5047 613 5138 Kdaip
629 5046 791 5121 Andreas
809 5048 864 5120 ΙΙ.
893 5049 1050 5141 beatdtipt
1077 5050 1133 5121 dic
1149 5048 1389 5140 Bestimmrmg
1415 5047 1478 5121 der
1494 5047 1684 5139 „poticam

282 5164 408 5239 Betw‘
435 5165 502 5238 Nr.
534 5170 596 5255 32,
624 5167 808 5258 betrcffcnd
842 5170 898 5242 die
924 5170 1070 5262 tespites
1096 5170 1160 5241 mit
1186 5170 1253 5243 dett
1285 5168 1448 5243 Wortea:
1484 5166 1680 5242 Statuimus

282 5285 477 5384 iobagiones
505 5293 697 5360 castrorum
725 5286 913 5360 secundum
940 5287 1132 5362 libertatem
1159 5312 1181 5361 a
1208 5295 1327 5363 sancto
1352 5311 1432 5386 rege
1455 5288 1679 5363 mustitutam

437 5434 459 5502 ¹)
480 5430 612 5503 Vm*
627 5432 789 5504 madiae.

222 5511 254 5565 46
438 5518 462 5587 ¹)
483 5517 615 5588 Vorlape:
632 5518 789 5575 &manum
