4106 6294
894 606 1048 702 Q

267 797 417 862 tenh'arit
437 797 522 860 inter
543 800 657 880 partes
685 795 905 877 Interrogatus
928 795 1096 877 inquibus
1118 800 1150 858 et
1173 800 1311 876 quorum
1334 794 1468 873 iudiciis,
1492 794 1672 873 intorques

268 919 421 985 personas
450 905 482 963 et
505 900 634 981 quando
665 907 697 962 et
718 900 775 963 ubi
798 908 831 963 et
854 900 971 981 quibus
994 898 1224 983 praesentibus,
1256 898 1339 961 dixit
1365 917 1399 961 se
1424 917 1488 959 uon
1510 896 1670 960 recordari

269 1006 425 1071 distincte.
455 1004 511 1067 sed
541 1004 601 1067 scit
623 1023 680 1086 pro
703 1008 799 1083 certo,
831 1005 918 1086 quod
948 1005 993 1067 sic
1017 1003 1221 1066 observatum
1250 1011 1298 1065 est
1321 1002 1360 1065 de
1383 1001 1615 1064 consuetudine
1637 1000 1671 1063 in

270 1109 354 1173 dicto
376 1128 475 1191 regno
499 1114 531 1171 et
554 1108 696 1189 quotidie
720 1107 917 1188 observatur,
939 1115 1035 1190 prout
1059 1107 1246 1171 testificatus
1265 1114 1321 1170 est,
1352 1106 1432 1169 ltem
1454 1106 1669 1190 interrogatus

218 1223 235 1277 5
272 1232 369 1296 super
392 1212 503 1276 ultimo
527 1212 661 1275 articulo
685 1211 724 1274 de
746 1210 874 1294 publica
896 1211 988 1291 fama,
1012 1211 1119 1287 dixit¹l

427 1315 626 1380 Venerabilis
656 1316 689 1377 in
713 1314 838 1379 Christo
868 1319 958 1397 pater
984 1314 1134 1378 dominus
1156 1316 1254 1378 irater
1275 1316 1478 1397 Augustinus
1501 1316 1669 1399 episcopus

268 1420 486 1503 Zagrabiensis
516 1420 648 1483 remisso
679 1419 738 1482 sibi
769 1420 948 1482 iuramento
980 1419 1020 1482 de
1043 1419 1207 1482 voluntate
1231 1426 1472 1502 procuratorum
1498 1420 1666 1501 utriusque

270 1525 369 1608 partis
392 1525 481 1588 testis
503 1525 717 1606 interrogatus
734 1542 831 1607 super
846 1524 948 1606 primo
964 1523 1107 1599 articulo,
1131 1523 1186 1604 qui
1204 1523 1314 1605 incipit
1329 1523 1487 1606 Imprimis
1510 1527 1542 1586 ot
1557 1528 1671 1597 cetera,

270 1629 352 1692 dixit
373 1647 407 1692 se
430 1628 508 1690 nihil
531 1629 619 1691 scire.
656 1627 877 1709 Interrogatus
908 1627 1001 1690 etiam
1025 1646 1122 1709 super
1145 1626 1294 1689 omuibus
1316 1626 1386 1689 aliis
1408 1646 1512 1708 usque
1539 1627 1579 1689 ad
1601 1645 1672 1710 sep-

203 1741 237 1794 10
271 1732 386 1796 timum
415 1731 584 1794 articulum
616 1730 705 1794 lectis
736 1730 795 1794 sibi
818 1730 987 1811 diligenter
1017 1749 1074 1813 per
1104 1730 1247 1793 ordinem
1279 1736 1310 1793 et
1341 1730 1496 1807 distincte,
1529 1729 1611 1792 dixit
1637 1749 1671 1793 se

270 1835 350 1898 nihil
372 1835 461 1898 scire.
499 1833 581 1897 Item
611 1835 826 1916 interrogatus
856 1835 882 1897 si
910 1834 1021 1897 literae
1050 1834 1265 1916 praelatorum
1288 1833 1341 1896 rol
1363 1834 1515 1896 comitum
1538 1833 1590 1897 vel
1616 1834 1671 1897 ba·

269 1958 386 2002 ronum
401 1937 452 2001 rel
476 1937 610 2000 alicuius
634 1938 852 2001 universitatis
868 1938 920 2001 vel
943 1938 1098 2001 nobilium
1120 1938 1217 2001 fidem
1236 1938 1354 2000 iaciant
1377 1937 1416 2000 de
1440 1938 1671 2001 cousuetudine

270 2043 361 2125 regni
375 2041 535 2124 Vnganae
557 2042 590 2104 in
614 2042 683 2104 foro
707 2041 918 2105 ecclesiastico
943 2042 981 2105 de
1005 2042 1064 2104 hiis
1087 2041 1235 2117 maxime,
1264 2060 1345 2122 quae
1368 2060 1474 2103 coram
1497 2041 1574 2124 ipsis
1596 2060 1672 2104 con-

272 2145 459 2209 cedentibus
481 2146 566 2228 ipsas
588 2144 695 2209 literas
719 2150 789 2208 acta
812 2151 844 2208 et
867 2152 956 2227 gesta
980 2165 1042 2208 non
1066 2151 1151 2219 sunt
1183 2145 1266 2208 dixit
1288 2145 1374 2226 quod
1397 2144 1486 2207 nullo
1509 2146 1604 2208 modo
1626 2152 1672 2209 ta-

205 2262 237 2314 15
272 2250 357 2313 libus
377 2249 479 2313 literis
500 2249 580 2312 fides
602 2249 804 2329 adhibebunt
836 2249 931 2311 immo
961 2249 1039 2312 tales
1062 2249 1180 2329 literae,
1203 2249 1229 2312 si
1256 2250 1517 2321 concederentur,
1540 2249 1674 2312 faciliter

271 2353 520 2437 reprobarentur
542 2353 582 2417 de
604 2353 692 2416 falso.
722 2352 813 2416 Dixit
837 2372 967 2434 quoque
991 2354 1095 2416 dictus
1112 2353 1259 2416 dominus
1282 2354 1450 2436 episcopus
1473 2354 1562 2416 testis
1586 2353 1673 2435 quod

273 2464 360 2521 certa
388 2457 459 2521 loca
480 2463 558 2521 sunt
585 2458 619 2520 in
641 2477 750 2540 regno,
783 2477 864 2538 quae
888 2458 926 2519 dc
954 2456 1186 2521 cousuetudine
1209 2457 1317 2520 literas
1343 2476 1417 2521 suas
1441 2457 1567 2520 duobus
1590 2458 1673 2520 inlra

272 2562 396 2645 scriptis
411 2562 514 2624 modis
529 2562 717 2641 concedunt,
740 2570 776 2625 ut
790 2570 870 2645 puta
894 2562 983 2625 locus
999 2562 1149 2625 ecclesiae
1165 2561 1399 2644 Strigouiensis
1415 2560 1505 2624 locus
1521 2561 1672 2624 ecclesiae

271 2666 372 2730 sancti
394 2666 481 2730 Petri
504 2666 544 2729 de
568 2667 668 2729 veteri
689 2666 791 2747 Buda,
822 2665 911 2728 locus
934 2665 1135 2729 Chasmensis
1165 2672 1197 2728 et
1223 2665 1316 2748 plura
1346 2665 1407 2728 aha
1429 2665 1672 2741 ecclesiasticall

203 2778 237 2833 20
271 2769 375 2851 local)
400 2790 482 2852 quae
504 2790 579 2834 oum
597 2770 850 2834 committeretur
872 2770 917 2832 eis
935 2769 984 2833 rel
1006 2788 1063 2853 per
1077 2789 1183 2852 regem
1200 2769 1253 2833 vel
1275 2770 1372 2833 alium
1396 2770 1560 2833 dominum
1576 2770 1670 2832 iuris-

273 2874 444 2939 dictionem
460 2874 637 2955 habentem,
658 2879 695 2936 ut
709 2875 908 2955 inquirerent
927 2894 1024 2958 super
1039 2874 1145 2957 ahquo
1161 2875 1305 2956 articulo,
1328 2876 1374 2937 eis
1390 2875 1430 2937 ad
1444 2874 1671 2956 inquirendum

273 2980 450 3060 commisso,
473 2979 565 3042 iuxta
587 2980 841 3043 commissionem
866 2978 1011 3041 traditam
1035 2978 1080 3040 eis
1101 2997 1159 3061 per
1181 2996 1215 3041 se
1232 2979 1282 3041 vel
1305 2998 1362 3061 per
1385 2977 1448 3041 fide
1471 2978 1583 3060 dignas
1602 2996 1673 3061 per·

273 3100 368 3145 sonas
397 3083 568 3163 inquirunt
596 3089 628 3146 et
659 3082 835 3147 secundum
867 3082 954 3164 quod
983 3082 1154 3145 inveniunt
1177 3082 1357 3145 rescribunt
1388 3101 1444 3165 per
1466 3081 1574 3145 literas
1597 3101 1671 3145 suas

274 3185 424 3269 sigillatos
447 3185 549 3269 sigillo
573 3186 643 3269 loci,
673 3187 729 3250 ubi
752 3187 960 3249 committitur
982 3187 1156 3267 inquisitio,
1188 3194 1219 3249 et
1242 3186 1359 3249 talibus
1382 3186 1482 3250 literis
1505 3186 1584 3249 fides
1607 3186 1672 3269 ple-

203 3296 238 3352 2b
273 3291 363 3354 naria
384 3290 559 3354 adhibetur.
586 3291 667 3355 Item
689 3291 751 3354 alio
775 3291 868 3353 modo
893 3292 937 3353 sic
953 3289 1101 3352 videlicet
1124 3290 1210 3371 quod
1233 3289 1349 3371 aliquis
1371 3291 1485 3354 citatus
1509 3290 1559 3354 vel
1585 3290 1672 3372 quod

273 3394 365 3459 aliter
386 3398 533 3459 teneatur
547 3415 654 3459 coram
669 3396 798 3458 domino
821 3414 1012 3478 comparere,
1035 3395 1131 3457 vadat
1145 3394 1183 3456 ad
1200 3394 1339 3475 aliquem
1355 3394 1511 3458 dictorum
1528 3395 1671 3458 locorum

274 3498 465 3582 praedictam
489 3504 678 3582 potestatem
700 3500 885 3563 habentium
907 3508 939 3562 et
961 3498 1046 3562 dicat
1067 3518 1173 3560 coram
1195 3499 1343 3582 praelatis
1364 3499 1442 3561 loci:
1467 3499 1534 3581 Ego
1557 3501 1673 3563 citatus

273 3620 345 3664 sum
374 3601 428 3666 vel
457 3602 548 3666 aliter
578 3602 677 3667 debeo
708 3623 815 3666 coram
846 3603 900 3665 tali
930 3603 1058 3665 domino
1089 3602 1128 3666 ad
1159 3602 1255 3666 talem
1285 3603 1455 3666 terminum
1480 3622 1671 3686 comparere,

274 3710 382 3769 tamen
412 3707 488 3787 quia
516 3713 647 3790 propter
669 3708 794 3770 riarum
824 3707 1007 3770 discrimina
1032 3706 1084 3769 rel
1114 3712 1243 3789 propter
1273 3706 1365 3769 aliam
1397 3709 1512 3769 iustam
1544 3725 1672 3769 causam

197 3816 240 3871 Ι30
274 3809 369 3873 timeo
393 3828 499 3871 coram
521 3810 590 3893 ipso
607 3810 735 3873 domino
751 3829 942 3894 comparere,
966 3816 1124 3894 protestor
1146 3829 1252 3873 coram
1268 3811 1368 3889 robis,
1392 3810 1478 3892 quod
1501 3830 1566 3873 non
1582 3830 1673 3893 prae·

271 3912 392 3976 iudicet
413 3913 498 3995 mihi,
528 3914 555 3978 si
578 3934 643 3977 non
666 3916 748 3978 vado
775 3933 881 3978 coram
902 3915 972 3996 ipso
995 3913 1131 3976 domino.
1165 3914 1207 3977 Et
1229 3913 1289 3977 hiis
1312 3914 1469 3978 similibus
1491 3913 1617 3978 casibus
1640 3921 1672 3979 et

274 4034 371 4099 super
393 4017 452 4079 hoc
474 4017 696 4081 conceduntur
718 4018 773 4082 tali
795 4020 984 4102 protestanti
1006 4018 1116 4081 literae
1139 4018 1213 4081 dicti
1241 4019 1302 4082 loci
1324 4018 1384 4082 sub
1408 4019 1463 4081 tali
1485 4019 1566 4082 serie
1589 4020 1672 4082 inter

273 4119 335 4182 alia
350 4118 448 4184 verba
465 4120 534 4185 Nos
556 4121 628 4185 talis
650 4129 682 4185 et
704 4129 810 4186 cetera
831 4129 945 4185 notum
966 4122 1100 4186 iacimus
1123 4122 1283 4186 universis
1306 4129 1339 4185 et
1360 4128 1473 4189 cetera.
1498 4122 1585 4203 quod
1601 4122 1673 4185 talis

273 4223 508 4307 inpraesentia
538 4232 648 4289 nostra
677 4226 760 4289 dixit
782 4226 827 4289 sic
849 4230 881 4289 et
902 4226 955 4289 sic.
992 4226 1084 4291 Unde
1107 4227 1146 4289 ad
1169 4227 1353 4309 petitionem
1376 4245 1467 4288 suam
1490 4230 1673 4308 praesentes

189 4313 238 4388 ¹35
273 4324 381 4390 literas
403 4332 529 4392 nostras
550 4328 684 4392 fecimus
704 4334 736 4392 et
751 4336 862 4393 cetera
893 4329 935 4393 Et
956 4331 983 4393 si
1005 4330 1084 4393 fiant
1106 4330 1215 4393 hterae
1238 4329 1421 4392 huiuamodi
1443 4327 1483 4392 de
1505 4328 1566 4391 hiis
1589 4347 1671 4411 quae

273 4449 379 4493 coram
387 4430 410 4507 ⁴)
432 4432 681 4495 concedentibus
702 4434 788 4515 ipsas
810 4431 983 4513 rontium,
1006 4434 1074 4516 ipso
1094 4434 1163 4497 iure
1179 4440 1255 4496 sunt
1270 4431 1386 4513 nullae,
1411 4433 1557 4513 quamvis
1579 4452 1673 4495 uum·

274 4550 371 4614 quam
393 4534 433 4597 de
448 4534 565 4599 talibus
587 4534 688 4599 literis
703 4536 819 4599 viderit
840 4537 908 4620 ipse
926 4537 1025 4613 testis,
1047 4542 1144 4621 prout
1158 4536 1318 4600 recordari
1338 4543 1445 4618 potest
1458 4536 1497 4599 ad
1513 4555 1672 4619 praesens.

429 4638 628 4703 Venerabihs
651 4640 685 4703 in
708 4640 833 4704 Christo
855 4646 946 4723 pater
968 4641 1118 4704 dominus
1139 4640 1333 4703 Benedictus
1360 4639 1528 4723 episcopus
1550 4639 1672 4704 Chena-

273 4740 391 4805 dIensis
421 4742 509 4805 testis
538 4743 754 4827 interrogatus
783 4764 880 4827 super
906 4744 1017 4827 primo,
1047 4723 1087 4808 II.
1108 4751 1140 4808 et
1161 4722 1218 4807 III.
1241 4744 1382 4807 articuhs
1414 4744 1474 4807 sibi
1503 4745 1593 4807 lectis
1615 4763 1672 4828 per

204 4852 239 4906 40
273 4843 417 4907 ordinem
439 4845 579 4909 seriatim
601 4852 633 4909 et
648 4847 804 4927 distincte,
827 4847 909 4911 dixit
932 4868 966 4911 se
981 4848 1059 4910 nihil
1083 4848 1171 4921 scire,
1195 4867 1269 4910 cum
1291 4866 1468 4929 numquam
1484 4848 1551 4931 ipse
1573 4847 1670 4911 fuerit

273 4947 306 5010 in
321 4947 401 5027 loco,
423 4948 479 5011 ubi
495 4951 676 5031 occurrerit
692 4950 778 5031 quod
798 4950 908 5015 hterae
924 4951 1134 5015 saecularium
1149 4951 1294 5015 valerent
1316 4952 1348 5012 in
1364 4951 1433 5014 foro
1449 4950 1670 5015 ecclesiastico.

272 5051 353 5115 Item
375 5052 590 5135 interrogatus
612 5073 709 5137 super
722 5031 796 5118 IIII.
820 5054 953 5118 articulo
977 5055 1032 5136 qui
1055 5054 1166 5137 incipit
1181 5055 1263 5117 item
1286 5054 1373 5136 quod
1395 5054 1480 5118 idem
1502 5059 1535 5118 et
1557 5054 1670 5117 eodem

431 5224 451 5289 ¹)
469 5222 599 5290 Hieratis
612 5224 657 5277 ain
675 5224 758 5278 leerer
776 5224 869 5278 Βααυι
886 5225 918 5277 ia
932 5225 981 5278 der
993 5224 1183 5293 Ausdebaaap
1201 5225 1248 5278 des
1265 5222 1367 5278 oiertca
1384 5223 1488 5279 Ibeilaa
1505 5224 1581 5278 einer
1594 5223 1672 5278 Seite.

430 5312 451 5375 ¹)
470 5308 566 5363 talibus
583 5309 665 5364 literis
683 5311 748 5364 fides
766 5311 906 5364 adhibetur
922 5311 989 5365 tiber
1007 5311 1056 5364 der
1074 5310 1149 5364 Zeila
1167 5311 1374 5380 aacbpetrapaa.

205 5396 239 5450 lb
430 5396 452 5463 ⁸)
475 5394 560 5450 Uaber
577 5397 626 5451 der
643 5396 719 5451 Zoilo
736 5397 943 5467 audepctrapaa.

429 5482 451 5547 ⁴)
470 5481 599 5550 Hieratis
612 5483 765 5538 ttrrcbrrtole.¹
783 5498 879 5538 coram.
