4086 6300
931 571 1084 666 Q

449 757 451 761 ’
464 750 627 837 [Klarolus
637 754 657 829 1)
674 755 724 819 dei
739 756 841 838 gratia
850 756 1042 841 Hungariae,
1054 759 1243 840 Dalmaciae,
1256 760 1413 843 Crouciae,
1426 759 1553 843 Ramae,
1565 761 1706 843 Seruiae,

308 856 467 940 Galliciae,
489 857 704 941 Lodomeriae,
727 859 896 925 Comaniae
918 861 1152 944 Bulgariaeque
1174 882 1242 945 rex,
1264 863 1412 946 princeps
1432 862 1650 927 Salernitanus
1673 868 1705 927 et

310 961 438 1025 honoris
460 981 497 1024 ac
518 962 636 1027 montis
658 964 759 1026 sancti
774 963 889 1046 Angeli
912 965 1060 1029 dominus
1076 965 1224 1029 omnibus
1240 965 1355 1029 Christi
1370 964 1516 1028 fidelibus
1532 971 1597 1028 taur
1612 985 1702 1049 prae-

307 1064 451 1129 sentibus
480 1085 576 1148 quam
602 1066 719 1129 futuris
741 1072 940 1149 praesentem
963 1069 1109 1151 paginam
1133 1069 1323 1152 inspecturis
1346 1069 1481 1132 salutem
1503 1069 1537 1131 in
1560 1070 1705 1132 omnium

255 1174 271 1225 5
307 1168 471 1233 salvatore.
495 1168 574 1232 Cum
598 1188 618 1233 a
640 1169 731 1232 nobis
749 1170 877 1253 petitur,
901 1172 987 1252 quod
1007 1173 1176 1236 honesturn
1192 1178 1247 1254 est,
1271 1173 1361 1236 decet
1375 1173 1572 1236 maiestatem
1587 1173 1705 1255 regiam

225 1348 227 1353 ,
307 1271 430 1336 facilem
461 1272 612 1356 praebere
642 1292 834 1336 consensum
856 1274 890 1336 in
912 1274 961 1338 his
983 1276 1161 1359 praecipue,
1194 1294 1276 1357 quae
1299 1274 1513 1340 subiectorum
1537 1276 1703 1339 commodo

308 1376 458 1439 videntur
483 1376 603 1440 utiliter
624 1377 804 1441 convenire.
838 1376 977 1442 Proinde
1007 1379 1047 1441 ad
1069 1379 1295 1443 universorum
1317 1379 1462 1443 notitiam
1485 1378 1599 1442 harum
1621 1380 1703 1443 serie

307 1478 457 1544 volumus
486 1482 663 1564 pervenire,
696 1480 782 1562 quod
811 1481 862 1543 vir
891 1480 1078 1564 magnificus
1099 1482 1234 1545 Thomas
1265 1481 1401 1545 vaivoda
1420 1481 1649 1546 Transiluanus
1672 1489 1705 1546 et

306 1600 412 1644 comes
434 1580 474 1643 de
497 1580 608 1644 Zonuh
630 1581 715 1646 filius
737 1582 875 1646 Farcasii
897 1583 1031 1649 dilectus
1047 1591 1079 1649 et
1093 1584 1195 1649 fidelis
1212 1591 1321 1650 noster
1336 1586 1376 1648 ad
1391 1591 1533 1648 nostram
1548 1586 1703 1649 accedens

240 1689 274 1742 10
309 1684 520 1766 praesentiam
554 1685 700 1749 exhibuit
732 1686 823 1749 nobie
857 1687 1016 1769 quoddam
1046 1688 1247 1772 privilegium
1277 1694 1423 1753 nostrum
1449 1687 1513 1751 sub
1543 1688 1642 1772 priori
1672 1695 1704 1753 et

307 1788 440 1869 antiquo
472 1788 574 1871 sigillo
599 1787 713 1852 ¹nostro
741 1810 837 1873 super
860 1791 1030 1855 donatione
1053 1797 1085 1855 et
1106 1792 1273 1856 collatione
1296 1793 1532 1876 possessionum
1556 1792 1704 1856 Andreae

306 1889 362 1953 filii
385 1891 483 1975 Ipoch
512 1891 649 1956 infidelis
679 1895 780 1957 nostri
809 1895 843 1956 in
873 1895 1016 1978 partibus
1045 1895 1262 1959 Transiluanie
1292 1896 1499 1959 existentium
1520 1894 1704 1978 Nogsayou,

307 1993 442 2079 Pozpus,
472 1995 576 2069 Barla,
606 1995 746 2079 Serleng,
769 1996 995 2079 Simontelulre,
1018 1998 1157 2080 Warhel,
1179 1997 1288 2079 Radla,
1311 1998 1570 2080 Hermantelulre,
1593 1997 1703 2079 SebuS,

308 2096 459 2181 Gresepb,
482 2098 617 2180 SolmuS,
640 2099 800 2182 Sarpatalr,
824 2100 1023 2183 Sarumberlr,
1046 2101 1164 2184 Pynar,
1187 2100 1326 2185 Knezeg,
1348 2101 1560 2185 anrateluke,
1582 2100 1704 2165 Kurth·

238 2206 271 2258 15
308 2200 468 2284 wyllropu,
490 2201 666 2285 Nogfilpus,
689 2202 921 2287 Kyssepfilpos,
943 2203 1148 2286 Zentushaza,
1167 2204 1327 2268 Haraztus
1347 2211 1379 2269 et
1393 2204 1704 2291 Bartaleuswyfolua

307 2311 490 2369 vocatarum
521 2306 702 2369 confectum
733 2312 765 2370 et
796 2326 982 2371 concessum
1013 2313 1125 2391 petens
1148 2308 1260 2371 humili
1282 2327 1412 2392 precum
1434 2309 1588 2373 instantia
1609 2308 1703 2372 nobis

307 2407 524 2491 supplicando,
556 2414 592 2472 ut
620 2409 726 2492 ipsum
756 2409 958 2492 privilegium
988 2431 1063 2475 cum
1092 2416 1253 2494 praetacta
1275 2411 1442 2475 collatione
1465 2416 1574 2475 nostra
1596 2415 1702 2475 ratum

305 2510 422 2574 habere
453 2516 485 2575 et
514 2512 707 2596 appensione
737 2514 814 2575 novi
844 2519 876 2576 et
898 2515 1072 2578 authentici
1094 2515 1189 2598 sigilli
1211 2514 1312 2578 nostri
1335 2514 1374 2579 de
1397 2514 1592 2598 benignitate
1614 2514 1702 2597 regia

304 2614 342 2677 ad
373 2615 525 2679 maiorem
554 2616 606 2679 sui
634 2615 713 2680 iuris
739 2617 1012 2681 conservationem
1034 2618 1255 2701 praesentibus
1278 2618 1483 2702 dignaremur
1504 2618 1700 2682 confirmare.

234 2722 269 2775 20
305 2715 404 2780 Cuius
427 2723 519 2780 tenor
541 2717 613 2781 talis
628 2725 684 2782 est
710 2717 813 2801 (aaut
828 2719 877 2782 die
900 2717 1047 2784 Urbuudc
1061 2721 1113 2784 dae
1126 2719 1245 2804 Kdnips
1259 2719 1343 2785 Kurl
1357 2743 1414 2786 oon
1428 2721 1510 2784 1319
1532 2718 1590 2783 Nr.
1607 2720 1701 2800 366.)

303 2816 424 2903 [Nlosll
453 2821 562 2902 itaque
590 2823 788 2905 praedictum
818 2823 1020 2906 privilegium
1046 2830 1190 2888 nostrum
1213 2826 1247 2888 in
1269 2824 1358 2888 nulla
1373 2824 1423 2889 sui
1437 2829 1526 2908 parte
1541 2825 1698 2905 ntiatum,

300 2930 397 3005 prout
418 2924 469 2987 hic
490 2926 647 2988 insertum
670 2931 726 3009 est,
749 2927 841 2989 iuxta
862 2926 1005 2991 eiusdem
1027 2927 1163 2991 Thomas
1186 2928 1340 2991 vaivodae
1362 2929 1549 3011 petitionem
1571 2933 1701 3012 propter

302 3027 488 3090 multimoda
501 3026 689 3091 fidelitatum
705 3029 806 3112 ipsius
822 3029 1012 3111 obsequiosa
1022 3031 1136 3095 merita
1146 3030 1368 3113 praesentibus
1381 3032 1530 3114 superius
1542 3029 1701 3094 declarata

301 3131 395 3194 simul
428 3150 502 3194 cum
532 3131 700 3196 collatione
730 3138 840 3196 nostra
869 3138 1042 3197 memorata
1071 3133 1282 3217 approbamus
1312 3140 1345 3197 et
1375 3133 1564 3197 auctoritate
1590 3133 1698 3216 regiae

231 3238 266 3291 25
303 3234 474 3298 maiestatis
496 3241 650 3318 perpetuo
670 3235 777 3300 valere
799 3235 1025 3300 confirmamus
1047 3237 1099 3318 ita,
1123 3242 1160 3300 ut
1181 3237 1258 3301 haec
1280 3256 1431 3320 praesens
1453 3242 1563 3301 nostra
1584 3234 1699 3300 confir·

301 3337 396 3401 matio
419 3344 622 3421 praenotatae
644 3338 822 3403 collationis
842 3345 968 3404 nostrae
991 3338 1089 3403 robur
1111 3340 1153 3404 sit
1167 3345 1357 3424 perpetuum
1372 3346 1405 3405 et
1418 3341 1580 3405 munimen
1598 3345 1700 3422 utque

301 3448 427 3505 nostrae
442 3442 677 3525 approbationis
693 3449 724 3506 et
739 3442 988 3506 confirmationis
1003 3444 1100 3506 series
1116 3443 1237 3525 absque
1259 3442 1431 3508 cuiuslibet
1441 3442 1700 3508 contradictionis

300 3544 462 3608 obstaculo
485 3552 639 3630 perpetua
660 3546 766 3611 valeat
784 3545 933 3610 firmitate
948 3546 1130 3627 consistere,
1153 3553 1335 3629 praesentes
1351 3547 1485 3611 fecimus
1498 3545 1607 3609 literas
1623 3544 1699 3607 nori

299 3655 331 3711 et
360 3656 417 3712 aut
404 3650 535 3713 thentici
564 3650 659 3732 sigilli
689 3656 762 3713 nost
763 3651 789 3711 ri
820 3650 955 3732 duplicis
977 3649 1187 3713 charactere
1179 3650 1332 3732 lusigniri
1363 3649 1482 3714 Datum
1504 3667 1562 3733 per
1583 3668 1699 3712 manus

230 3755 265 3809 30
300 3750 427 3814 discreti
456 3752 516 3814 viri
548 3753 689 3835 magistri
714 3752 850 3816 ladislai
880 3753 1051 3836 praepositi
1081 3752 1231 3817 ecclesiae
1261 3752 1425 3855 Albensis
1450 3751 1542 3816 aulae
1571 3756 1699 3815 nostrae

297 3855 547 3919 vicecancellarii
577 3857 744 3920 dilectit
712 3862 744 3920 et
773 3856 877 3920 fidelis
906 3857 1015 3938 nostri,
1047 3875 1131 3919 anno
1162 3855 1283 3918 domini
1308 3834 1349 3919 il
1367 3802 1469 3920 ddd.
1489 3832 1565 3918 Χῖ
1591 3855 1695 3937 tertio,

299 3958 469 4022 tredecimo
488 3958 649 4023 Kalendas
663 3960 751 4041 Julii,
775 3960 865 4043 regni
887 3966 993 4024 autem
1016 3966 1090 4023 nost
1090 3961 1118 4022 ri
1140 3979 1223 4022 anno
1247 3959 1391 4023 similiter
1413 3936 1489 4022 Χῖ.
1513 3958 1615 4022 lertio.
1634 3957 1699 4021 Ve-

297 4060 533 4126 nerabilibus
524 4082 559 4125 m
589 4062 713 4126 Christo
681 4062 891 4145 tpatribus
926 4063 1062 4125 dominis
1093 4062 1249 4145 Bogezlao
1281 4061 1507 4145 Strigoniensis
1540 4067 1572 4125 et
1601 4060 1698 4124 tratre

297 4161 442 4227 Ladislao
462 4164 644 4229 colocensis
666 4164 870 4229 ecclesiarum
892 4166 1142 4250 archiepiscopis,
1165 4165 1312 4229 Jobanne
1327 4164 1502 4246 Nytriensi,
1523 4163 1697 4228 Benedicta

228 4271 262 4324 35
298 4264 517 4347 Obanadiensi,
540 4266 675 4351 Georgia
698 4268 738 4332 de
753 4275 861 4332 sancto
876 4268 992 4350 Irineo,
1014 4270 1111 4332 fratre
1134 4268 1229 4332 Petro
1245 4267 1414 4349 Boznensi,
1436 4265 1581 4330 Ladislao
1598 4265 1698 4342 Quin·
1787 4342 1793 4352 ἱ

298 4368 552 4450 qucecclesiensi,
582 4370 713 4435 Nicolao
742 4371 911 4453 Jaurieusi,
942 4373 1073 4436 Iwanlra
1098 4371 1296 4453 Varadiensi,
1326 4371 1456 4434 Andrea
1480 4370 1698 4454 Transiluano,

299 4471 482 4535 Cbanadino
503 4474 652 4556 Agriensi
674 4481 706 4539 et
726 4475 860 4539 Herrico
883 4475 1124 4559 Wesprimiensi
1147 4475 1352 4538 ecclesiarum
1375 4473 1529 4557 episcopis
1548 4472 1698 4539 ecclesiae

297 4574 348 4639 dei
370 4575 504 4640 feliciter
524 4577 786 4659 gubernantibus.
821 4578 997 4662 Magnificis
1020 4579 1098 4642 viris
1120 4577 1265 4661 Philippo
1288 4577 1437 4661 palatino,
1460 4576 1500 4641 de
1522 4576 1643 4660 Scepus
1665 4582 1698 4642 et

297 4679 336 4742 de
358 4678 472 4760 Vyuar
493 4679 617 4762 comite,
647 4680 808 4745 Demetrio
839 4683 989 4766 magistro
1010 4682 1245 4745 tavernicorum
1275 4685 1468 4763 nostrorum,
1498 4680 1613 4744 comite
1634 4679 1697 4743 Ba·

226 4787 261 4840 40
295 4782 415 4847 chiensi
437 4789 469 4847 et
482 4783 720 4866 Tn'nchiniensi,
743 4784 909 4868 lamperto
932 4785 1035 4848 iudice
1058 4786 1165 4849 curiae
1187 4790 1324 4865 nostrae,
1347 4783 1461 4847 cernite
1484 4781 1696 4847 Chanadicnsi

295 4891 328 4948 et
349 4885 523 4967 Nytn'ensi,
546 4886 657 4950 eodem
680 4886 798 4950 'l'homa
820 4886 956 4950 vaivoda
976 4887 1193 4968 lbansiluauo,
1221 4887 1334 4950 comite
1357 4886 1396 4949 de
1419 4885 1540 4969 Zonulr,
1563 4886 1694 4950 Nicolao

294 4987 377 5051 bano
401 4989 499 5053 totius
520 4989 716 5071 Sclauoniae,
739 4991 853 5053 comite
876 4990 1097 5073 supruniensi,
1120 4990 1220 5054 Paulo
1243 4990 1326 5053 bano
1350 4989 1390 5052 de
1411 4988 1557 5071 Machou,
1579 4989 1694 5054 comite

294 5091 467 5175 Sirmiensi,
483 5093 522 5156 de
537 5091 677 5156 Wollrou
699 5099 732 5155 et
754 5092 794 5156 de
808 5092 950 5176 Budrug,
974 5092 1091 5174 Mylrch
1114 5093 1263 5175 magistro
1286 5093 1522 5157 tavernicorum
1546 5092 1693 5157 dominae

293 5195 421 5277 reginae
443 5195 624 5259 carissimae
654 5196 811 5260 consortis
833 5202 970 5278 poshac,
993 5197 1106 5260 confite
1129 5196 1168 5260 de
1191 5195 1289 5260 Saros
1311 5201 1344 5260 et
1366 5196 1405 5260 de
1427 5195 1564 5279 Zemlen,
1585 5194 1694 5260 Deseu

224 5346 260 5399 45
453 5348 475 5415 ¹)
493 5348 587 5402 Βααιιι
603 5348 654 5415 far
671 5347 704 5401 K
718 5347 772 5402 laer
787 5347 920 5417 qeloaaeu.

452 5434 475 5501 ¹)
493 5434 586 5488 Mum
602 5433 653 5501 far
671 5433 706 5487 N
718 5433 772 5489 laer
788 5433 921 5504 ocluaaen.
