4106 6294
931 589 1086 684 —a—ut-

965 794 1057 877 341.

387 957 568 1030 Tenaeeoar
602 958 703 1029 1315
732 958 812 1029 Jala·
837 961 896 1029 13.
950 959 1067 1047 Kdaip
1099 958 1193 1029 Karl
1227 958 1386 1048 beatdtipt
1426 956 1543 1029 Comes
1569 957 1706 1027 Blaaas

306 1080 356 1150 im
382 1078 501 1152 Basita
526 1079 589 1150 der
615 1102 679 1150 voa
705 1079 893 1150 amothra
919 1080 1151 1170 capetaufleo
1177 1079 1367 1169 Besitruap
1402 1078 1634 1188 Wolltoadorst

464 1242 539 1311 Orip.
558 1243 638 1312 Pera.
662 1243 765 1311 Unpar.
784 1242 1043 1297 Notioaalmusaam
1060 1244 1212 1311 Budapcst.
1243 1242 1339 1311 Siepel,
1358 1242 1441 1309 rand,
1465 1241 1572 1295 wasers
1595 1241 1704 1307 Wacta,

254 1332 271 1384 5
409 1345 469 1383 war
487 1329 605 1397 nascier
623 1329 766 1384 Ratokseite
784 1328 972 1397 auspedrttclrt.

462 1505 529 1568 Nos
551 1504 690 1568 Karolus
712 1503 763 1567 dei
785 1504 887 1586 gratia
907 1523 966 1566 rex
985 1503 1170 1586 Huugariae
1196 1501 1411 1586 significamus
1434 1502 1551 1584 quibus
1574 1504 1704 1587 expedit

306 1614 416 1672 tenore
438 1609 654 1692 praesentium
674 1608 843 1688 universis,
867 1608 953 1688 quod
972 1608 1126 1671 accedens
1148 1609 1188 1672 ad
1208 1614 1348 1671 nostram
1368 1606 1579 1691 praesentiam
1598 1626 1705 1670 comes

305 1712 430 1776 Blauuz
451 1711 537 1776 filius
553 1712 688 1776 Amoldi
701 1711 805 1775 fidelis
820 1717 929 1775 noster
943 1712 1110 1795 proposuit
1131 1711 1164 1774 in
1180 1711 1265 1774 hunc
1283 1711 1421 1791 modum,
1445 1710 1531 1791 quod
1546 1710 1704 1793 possessio

305 1815 533 1898 Wolquinlaka
563 1821 675 1879 vocata
704 1835 764 1879 sua
792 1820 876 1879 esset
898 1816 1041 1898 emptitia
1071 1822 1224 1898 petensa
1254 1815 1346 1878 nobis
1375 1833 1449 1877 cum
1478 1813 1637 1895 instantia,
1668 1818 1705 1877 ut

238 1926 272 1980 10
307 1919 408 2002 ipsam
423 1919 615 2002 emptionem
638 1926 738 1983 ratam
754 1918 906 1983 habentes
928 1919 1033 2002 ipsum
1056 1919 1189 1983 eandem
1212 1919 1251 1982 de
1274 1923 1384 1981 nostro
1400 1937 1534 1982 assensu
1556 1922 1588 1981 et
1609 1917 1704 1981 bene·

305 2021 420 2106 placito
447 2022 702 2105 permitteremus
735 2022 904 2106 possidere.
950 2023 1045 2088 Unde
1071 2042 1130 2086 nos
1164 2022 1371 2086 consideratis
1395 2020 1602 2086 fidelitatibus
1627 2020 1704 2085 fide·

306 2126 450 2207 liumque
481 2126 683 2189 servitiorum
713 2126 835 2190 meritis
864 2127 1008 2191 eiusdem
1038 2126 1163 2190 comitis
1185 2126 1309 2189 Blauuz
1337 2127 1439 2210 ipsam
1469 2124 1703 2208 possessionem

307 2248 344 2292 eo
367 2229 438 2291 iure
469 2247 533 2309 quo
555 2230 697 2311 possedit
722 2230 911 2311 reliquimus
933 2230 1165 2314 possidendam.
1210 2230 1350 2294 Proinde
1372 2228 1523 2292 volumus
1545 2228 1608 2303 et1)
1631 2228 1704 2290 uni-

305 2333 407 2397 versis
422 2331 591 2396 comitibus
607 2340 638 2397 et
653 2334 812 2397 iudicibus
827 2342 864 2397 ae
881 2334 1069 2398 officialibus
1092 2335 1210 2398 nostris
1226 2334 1341 2415 quovis
1356 2339 1498 2416 tempore
1521 2331 1703 2394 constitutis

237 2446 269 2499 15
305 2444 337 2502 et
359 2436 537 2520 specialiter
566 2436 658 2501 vobis
679 2436 825 2501 Michaeli
855 2437 921 2500 filio
943 2438 1101 2519 Helwyoh
1131 2438 1238 2501 comiti
1268 2438 1309 2501 de
1340 2436 1542 2519 Feyereghaz
1570 2434 1704 2498 firmiter
1811 2466 1820 2493 x

303 2541 417 2605 damus
439 2542 473 2604 in
504 2541 670 2623 mandatis,
703 2548 862 2622 quatenus
892 2541 1030 2605 eundem
1060 2542 1207 2606 comitem
1237 2541 1362 2605 Blauuz
1392 2541 1514 2603 ratione
1545 2538 1703 2603 iudicatus

304 2645 483 2728 praedictae
505 2645 715 2729 possessionis
737 2664 794 2709 seu
817 2645 911 2709 villae
937 2646 1162 2728 Wolquinlaka
1183 2650 1315 2709 vocatae
1341 2644 1375 2706 in
1397 2644 1504 2725 aliquo
1534 2642 1702 2707 molestare

303 2755 335 2814 et
357 2750 493 2834 populos
508 2750 547 2813 de
563 2750 673 2813 eadem
688 2756 795 2813 vestro
811 2749 928 2813 iudicio
945 2755 1047 2814 astare
1063 2749 1252 2833 compellere
1275 2747 1364 2812 nullo
1380 2748 1474 2810 modo
1490 2746 1700 2829 praesumatis

303 2853 391 2918 aliud
413 2873 478 2917 non
501 2854 617 2918 facturi
638 2873 696 2936 pro
721 2859 830 2916 nostra
852 2853 1020 2917 dilectione
1043 2854 1187 2937 pleniori.
1217 2852 1337 2916 Datum
1361 2851 1394 2914 in
1417 2850 1494 2914 villa
1514 2851 1701 2929 Temesaea

235 2962 270 3016 20
304 2958 338 3020 in
368 2957 449 3021 leste
480 2957 590 3021 beatae
618 2957 814 3040 Margaretae
844 2957 977 3040 virginis
1008 2964 1040 3021 et
1070 2957 1229 3039 martyris,
1260 2976 1344 3019 anno
1375 2955 1496 3019 domini
1525 2954 1581 3017 Mt
1602 2931 1701 3018 (³106.

304 3060 416 3142 quinto
439 3060 570 3125 decimo.

957 3320 1052 3405 342.

379 3484 479 3554 1315
496 3482 633 3575 August
658 3487 716 3555 12.
751 3484 866 3576 Kdaa’p
888 3482 984 3557 Karl
1007 3487 1138 3577 amatr
1164 3486 1220 3557 dic
1245 3483 1608 3574 Waderoereiaipanp
1639 3483 1702 3554 der

303 3604 453 3676 Quen
487 3628 552 3676 voa
577 3605 770 3693 Medioscb,
807 3605 928 3678 Schelle
961 3608 1036 3679 aad
1060 3607 1237 3679 Birtbdlm
1270 3606 1334 3677 mit
1368 3605 1434 3676 dea
1461 3603 1611 3675 Soclasea
1636 3626 1701 3675 eoa

233 3741 267 3797 25
302 3725 578 3798 Hermoaaetodt
605 3748 669 3797 aas
694 3727 769 3798 aad
792 3728 935 3799 nerbibt
961 3735 1112 3801 craterae
1138 3729 1194 3801 die
1217 3727 1372 3820 pleiotro
1399 3725 1604 3798 Freibeitea.

460 3889 536 3959 θήρ.
544 3890 624 3959 Pero.
636 3890 948 3960 Gffluaaoialbibliotbeb
956 3892 1108 3947 Madiasob.
1121 3892 1209 3961 Siepel
1216 3908 1276 3945 war
1285 3890 1449 3959 aaydtdoqt.
1456 3918 1490 3929 -
1497 3887 1701 3958 Ptooprapte

405 3975 494 4030 dieser
517 3975 647 4031 Urkande
664 3977 824 4032 berkles'nert
842 3978 1022 4032 Hmtannat.
1041 3977 1151 4032 Arabio.

458 4097 570 4152 Druck:
591 4098 884 4166 lbaaeiloania1871,
904 4102 963 4153 117.
987 4098 1172 4153 Deaaueiaaa
1188 4099 1355 4153 Documenta
1372 4100 1433 4153 575.

462 4218 685 4288 Unoollatdndip:
708 4219 917 4275 Vereiaaarebio
933 4219 1011 4274 Neue
1030 4220 1117 4290 Folpc
1134 4219 1211 4287 XII,
1227 4223 1288 4274 262.
1312 4218 1408 4274 Salaer
1426 4217 1565 4272 Birttotm
1582 4220 1643 4272 659.

233 4398 268 4454 30
457 4392 595 4457 Karolus
614 4393 665 4457 dei
681 4393 783 4476 gratia
800 4393 994 4478 Hungariae‚
1016 4393 1205 4477 Dalmaoiae,
1229 4393 1387 4477 Croaciae,
1409 4393 1536 4474 Ramae,
1559 4390 1699 4474 Samiae,

302 4494 460 4576 Gallioiae
484 4495 699 4577 lodomeriae,
715 4496 885 4562 Comaniae
908 4498 1143 4581 Bulgariaeque
1166 4518 1226 4562 rex
1249 4498 1397 4562 omnibus
1413 4496 1530 4561 Christi
1551 4495 1699 4561 fidelibus

301 4606 499 4682 praesentem
522 4601 669 4684 paginam
692 4600 882 4684 inspecturis
891 4599 913 4676 ²)
943 4601 1077 4665 salutem
1100 4602 1134 4665 in
1156 4603 1267 4666 salutis
1289 4601 1446 4686 largitore.
1486 4600 1604 4684 Regiae
1625 4620 1698 4683 pro·

301 4702 461 4767 videntiae
492 4705 702 4769 consideratio
740 4710 817 4768 tune
846 4705 928 4769 bene
957 4724 1092 4788 regnum
1129 4706 1269 4789 disponit
1298 4726 1371 4770 cum
1402 4706 1485 4770 siout
1518 4705 1699 4788 superiores

302 4805 467 4871 altioribus
489 4807 534 4871 sio
557 4808 723 4872 inferiores
745 4807 849 4891 dignis
872 4808 932 4872 sibi
954 4809 1104 4892 gradibus
1126 4829 1184 4893 pro
1205 4809 1299 4872 modo
1321 4810 1508 4873 meritorum
1531 4813 1700 4872 conservat

232 4918 266 4973 35
302 4910 464 4974 ordinatos
494 4910 621 4975 divium
650 4912 815 4995 potestatis
844 4912 945 4975 instar
976 4931 1099 4996 gerens,
1130 4932 1212 4994 quae
1235 4913 1366 4997 deponit
1394 4918 1539 4997 potentes
1562 4912 1601 4976 de
1623 4912 1699 4976 sede

301 5018 333 5077 et
354 5014 475 5078 exaltat
497 5014 641 5096 humiles,
664 5015 710 5078 sic
732 5014 809 5079 haee
832 5035 852 5077 a
873 5015 1055 5079 conditione
1078 5036 1137 5079 sua
1160 5016 1320 5098 depositos
1343 5020 1501 5081 restaurat
1524 5020 1556 5078 et
1577 5020 1697 5080 temere

301 5122 424 5181 erectos
446 5116 593 5201 deprimit
620 5118 760 5182 iustitiae
789 5120 947 5183 tramitem
970 5138 1012 5183 ex
1035 5118 1140 5183 debito
1164 5120 1213 5183 sui
1236 5120 1376 5204 suscepti
1400 5118 1494 5183 officii
1524 5119 1697 5201 utrobique

300 5219 508 5285 observando.
553 5221 692 5287 Proinde
722 5222 762 5286 ad
791 5223 1016 5287 universorum
1048 5228 1111 5287 tam
1141 5225 1357 5307 praesentium
1388 5243 1484 5305 quam
1515 5224 1697 5288 intimorum

456 5379 477 5445 ¹)
495 5375 635 5444 Hicraut':
652 5375 740 5458 uobis.

230 5463 266 5517 40
455 5464 478 5530 ¹)
500 5463 632 5533 Vorlapc:
650 5463 815 5532 inspecturis.
