4084 6302
1011 615 1164 709 gra

387 797 598 880 Zagrabiensi,
622 799 750 863 Andros
765 801 974 885 Waradiensi,
997 803 1093 866 tratre
1108 803 1273 886 Rodolpho
1286 803 1456 884 Waciensi,
1480 805 1609 869 Nicolao
1625 807 1783 889 Agrienm,

385 902 506 965 Jacobo
522 902 744 977 chanadiensi,
768 904 920 970 Meslrone
934 905 1186 990 Wesprirniensi,
1206 907 1298 971 aulae
1314 908 1460 972 dominae
1483 910 1611 991 reginas
1627 912 1784 974 consortis

387 1014 513 1071 nostrae
543 1007 723 1070 carissimae
753 1008 950 1090 cancellario,
981 1009 1138 1073 Bonnensi
1170 1018 1202 1073 et
1228 1010 1403 1092 syrmiensi
1434 1012 1564 1076 sedibus
1587 1015 1783 1085 vacantibus.

387 1114 483 1176 tratre
507 1112 580 1174 Vito
605 1112 633 1174 N
636 1112 745 1175 itrensi
777 1119 809 1176 et
838 1113 934 1178 tratre
957 1114 1058 1177 Paulo
1081 1114 1213 1178 Albensi
1244 1114 1284 1178 de
1308 1114 1438 1178 Nandor
1468 1115 1672 1180 aeclesiarum
1701 1119 1782 1201 epis·

386 1217 474 1299 copis
497 1215 644 1279 ecclesias
667 1216 717 1278 dei
740 1215 874 1279 feliciter
895 1216 1155 1299 gubernantibus.
1185 1217 1362 1301 Magnificis
1379 1219 1454 1282 viris
1469 1219 1623 1283 Villermo
1638 1219 1782 1305 Drugeth
1818 1230 1836 1279 5

386 1320 525 1403 palatino
549 1326 580 1383 et
602 1320 707 1383 iudice
730 1318 953 1400 Cumanorum,
975 1318 1136 1385 Demetrio
1159 1324 1309 1405 magistro
1333 1321 1568 1386 tavernicorum
1590 1330 1782 1405 nostrorum,

386 1424 505 1487 Thomu
520 1423 656 1486 vaivoda
670 1422 894 1487 Transsiluano
911 1431 943 1488 et
958 1427 1072 1489 comite
1089 1426 1128 1490 de
1144 1426 1265 1507 Zonulr,
1285 1424 1385 1488 Paulo
1405 1425 1510 1489 iudice
1525 1427 1632 1491 curiae
1648 1434 1783 1507 nostrae,

387 1527 504 1609 Mykch
534 1528 615 1591 bano
647 1528 744 1591 totius
773 1527 969 1608 Sclauoniae,
1000 1528 1130 1591 Nicolao
1162 1528 1244 1591 bano
1275 1528 1314 1591 de
1345 1528 1467 1610 Mache,
1500 1530 1600 1594 Paulo
1632 1531 1782 1614 magistro

386 1631 621 1695 tavernicorum
656 1631 758 1694 dictae
791 1631 938 1694 dominae
970 1632 1115 1713 reginae,
1152 1630 1307 1713 Dyonisio
1342 1632 1556 1715 dapiferorum
1591 1639 1782 1715 nostrorum,

386 1735 545 1818 Stephano
575 1754 748 1818 agasonum
779 1742 961 1799 nostrorum
993 1737 1150 1818 magistris
1180 1742 1213 1799 et
1241 1737 1391 1819 magistro
1420 1737 1552 1800 Nicolao
1581 1738 1694 1801 comite
1717 1738 1779 1802 Po·
1818 1745 1853 1798 10

386 1838 527 1902 seniensi
549 1843 582 1902 et
603 1840 673 1902 aliis
689 1859 784 1921 quam
800 1838 946 1922 pluribus
961 1840 1129 1902 comitatus
1151 1840 1240 1922 regni
1258 1841 1359 1903 nostri
1381 1839 1563 1904 tenentibus
1586 1846 1618 1904 et
1632 1841 1777 1905 honores.

1040 2135 1134 2217 524.

463 2308 570 2378 1336
595 2306 679 2377 Mai
705 2312 764 2377 16.
801 2307 879 2379 Dua
909 2307 1208 2381 Groawardeaer
1234 2312 1378 2403 Kapitel
1408 2315 1568 2388 occultet
1594 2340 1641 2388 aa
1666 2318 1783 2408 Koaiq

385 2427 480 2498 Korl
509 2427 593 2499 abar
618 2428 674 2499 die
699 2428 887 2520 chehaaq
914 2431 976 2501 der
1007 2429 1163 2502 Greaaca
1197 2455 1263 2504 voa
1289 2432 1454 2507 Zazfenes
1487 2435 1525 2507 in
1551 2437 1716 2510 comitatu
1742 2438 1782 2510 de

384 2545 511 2639 Kalus,
536 2548 599 2620 der
624 2549 814 2640 Baaitauay
839 2550 898 2622 dea
923 2549 1237 2642 aebeabmqiscltca
1262 2554 1433 2643 Biactofs.
1819 2575 1855 2628 15

462 2666 592 2784 {latum
628 2669 668 2741 in
700 2670 831 2743 octavis
869 2670 1085 2744 ascensionis
1126 2671 1270 2768 domini,
1309 2698 1401 2748 anno
1436 2676 1589 2751 eiusdem
1623 2650 1671 2751 lit.
1693 2651 1782 2752 CCC.

384 2787 507 2863 XXX
535 2795 639 2864 sexto.

543 2958 620 3030 Orio.
637 2960 719 3030 Perq.
743 2960 952 3028 Kapitelarcltiu
970 2959 1137 3030 Karlabcrq.
1166 2959 1255 3031 Sioua
1277 2977 1337 3016 war
1360 2962 1393 3016 ia
1410 2963 1518 3018 wcisaea
1540 2964 1641 3019 Wucta
1664 2967 1722 3033 aas
1733 2965 1783 3018 der

489 3044 632 3100 Euchaita
650 3046 838 3115 aasyednlclrt.

1039 3324 1131 3408 525.
1817 3354 1854 3409 20

462 3511 570 3579 1336
595 3507 679 3578 Mai
705 3512 765 3578 17.
803 3508 880 3579 Dus
910 3507 1211 3580 Groaswardeiucr
1236 3508 1381 3600 Kapitel
1411 3510 1583 3581 urtaadat
1613 3511 1697 3582 uber
1727 3511 1783 3581 die

385 3629 652 3719 Huttcrtyreaae
682 3628 982 3720 Groassclaerqicds
1005 3652 1113 3721 cayeu
1140 3628 1374 3717 Farkaatelka
1401 3630 1686 3721 Ktaascterqted
1710 3631 1784 3702 aad

384 3749 574 3821 Boiatiralt
607 3751 681 3821 aad
706 3751 799 3821 ludet
833 3751 889 3822 die
915 3750 1106 3842 beteiliytea
1136 3750 1368 3823 Gaataaer
1401 3775 1462 3824 vor
1497 3752 1563 3824 dea
1588 3751 1781 3824 suatur-

381 3872 520 3962 qaue
554 3870 758 3945 Woiwodea.

543 4037 619 4108 0249.
632 4037 712 4107 Pera.
727 4036 905 4091 Hermionam.
918 4037 1028 4091 Archiv.
1047 4036 1143 4107 Sicqct,
1157 4037 1299 4105 ερίίιουαῑ,
1317 4037 1420 4090 warin
1437 4037 1544 4092 wdaaea
1555 4037 1781 4104 Waclteausder
1816 4036 1852 4090 25
1932 4094 1935 4101 ,

489 4125 632 4180 Ruckacite
650 4124 837 4194 aufyedratctt.
856 4154 889 4163 -
909 4124 964 4178 Da
987 4123 1116 4178 Urkuade
1133 4124 1170 4177 iat
1189 4123 1259 4177 aaa
1276 4123 1465 4193 aaqeactaltct
1482 4140 1535 4177 voa
1553 4123 1703 4178 desselben
1720 4122 1780 4176 Ka·

484 4212 554 4280 pital
564 4210 710 4265 insertato
722 4211 771 4264 der
780 4210 867 4264 Jaare
881 4214 948 4265 1365
961 4210 1004 4263 bia
1017 4213 1093 4275 1375,
1109 4208 1185 4277 Oria.
1196 4209 1275 4277 Pery.
1291 4207 1781 4278 anar.naaaaarcaiv13uuapat;

488 4297 540 4350 das
553 4295 641 4365 Siraci
657 4297 694 4350 iat
711 4296 761 4350 mit
777 4297 863 4350 ciuem
876 4296 959 4350 Stura
971 4297 1143 4364 Paryameat,
1161 4296 1206 4349 dra
1219 4294 1364 4365 Datiraac
1379 4295 1552 4364 iubcqriffea,
1570 4294 1780 4364 commutatas.

545 4416 769 4486 Unoollstc'tada'y:
787 4416 872 4486 Naqy
886 4416 950 4471 God.
963 4416 1171 4486 Audaqaoeasia
1185 4415 1249 4484 ΠΙ,
1266 4419 1327 4470 274.
1346 4415 1530 4470 Dcaausa'uau
1542 4415 1708 4470 Docttmcata
1720 4418 1780 4470 643.

539 4592 814 4657 Excellentissimo
838 4593 965 4656 domiuo
989 4613 1048 4657 suo
1071 4592 1199 4655 domino
1222 4590 1340 4655 Karolo
1363 4592 1415 4655 dei
1436 4593 1537 4675 gratia
1566 4591 1682 4655 illustri
1712 4592 1780 4674 regi
1815 4599 1852 4653 30

384 4697 568 4780 Hungariae
595 4686 772 4780 capitulum
802 4697 953 4762 ecclesiae
975 4696 1185 4778 Wardyensis
1208 4696 1366 4759 orationes
1395 4696 1429 4758 in
1453 4696 1580 4758 domino
1604 4694 1726 4758 debitas
1749 4701 1781 4759 et

384 4801 524 4865 devotas.
569 4800 649 4865 Cum
680 4808 834 4884 perpetua
861 4800 1012 4865 fidelitate
1042 4800 1220 4883 recepimus
1228 4800 1249 4877 ¹)
1279 4800 1386 4863 literas
1417 4804 1541 4863 vestrae
1571 4798 1780 4863 excellentiae

383 4905 548 4988 generales
570 4905 730 4968 citatorias
752 4925 826 4968 cum
848 4905 1028 4968 reverentia
1050 4924 1115 4986 qua
1136 4903 1251 4983 decuit,
1282 4923 1339 4987 per
1361 4923 1497 4986 quarum
1521 4910 1664 4967 tenorem
1687 4901 1780 4965 nobis

384 5009 519 5073 dabatur
540 5009 573 5072 in
589 5010 774 5092 praeceptis,
798 5009 884 5091 quod
901 5008 1169 5091 quandocumque
1189 5016 1221 5071 et
1237 5010 1502 5090 quotiescumque
1525 5007 1564 5070 ab
1580 5006 1780 5070 emanatione

383 5114 555 5178 earundem
578 5132 683 5195 usque
705 5114 745 5176 ad
763 5113 996 5176 revolutionem
1012 5113 1088 5176 anni
1110 5132 1167 5196 per
1188 5113 1362 5196 capitulum
1385 5111 1536 5176 ecclesiae
1550 5108 1777 5173 Transilnanae
1812 5118 1848 5171 35

384 5218 436 5282 vel
458 5237 534 5282 suos
556 5222 779 5301 procuratores
801 5236 943 5281 essemus
965 5216 1111 5298 requisiti
1133 5216 1174 5280 ad
1188 5216 1362 5297 citationes,
1385 5215 1618 5297 inquisitiones,
1641 5212 1780 5297 prohibi·

385 5322 496 5402 nones,
511 5327 668 5386 metarum
683 5322 868 5404 erectiones,
879 5320 1144 5405 recaptivationes
1158 5320 1397 5405 possessionum
1411 5323 1445 5384 et
1459 5318 1499 5382 aa
1514 5317 1593 5384 alios
1613 5336 1781 5402 processus

540 5494 560 5563 ι)
583 5490 1051 5562 oaaaaamaaaua.
