4106 6294
918 612 1071 707 ’,39-

294 806 421 864 nostras
442 800 478 863 in
499 801 633 863 formam
647 799 806 883 privilegii
825 803 924 866 nostri
939 801 1040 884 redigi
1055 800 1189 865 fecimus
1204 800 1273 862 sine
1290 799 1483 881 praeiudicio
1499 799 1578 862 iuris
1599 798 1693 862 alieni

294 906 395 988 ipsam
418 904 621 968 donationem
644 904 733 987 prius
755 923 812 987 per
834 925 894 967 nos
916 906 1105 969 sibilantem
1121 902 1314 967 ratificantes
1337 908 1369 967 et
1393 902 1624 966 confirmantes.
1654 902 1692 965 ln

294 1010 387 1074 cuius
409 1009 455 1072 rei
478 1008 661 1072 memoriam
683 1014 934 1092 perpetuamque
955 1010 1136 1072 firnritatem
1156 1013 1338 1091 praesentes
1354 1007 1569 1071 concessimus
1584 1007 1692 1069 literas

296 1114 432 1197 duplicis
447 1113 542 1196 sigilli
557 1113 657 1176 nostri
672 1114 850 1178 munimine
862 1114 1033 1177 roboratas.
1055 1112 1174 1176 Datum
1189 1131 1247 1195 per
1263 1131 1376 1175 manus
1392 1111 1519 1174 discreti
1531 1111 1592 1173 viri
1608 1130 1694 1194 mag-

243 1225 260 1279 5
296 1217 381 1281 nifici
398 1217 555 1282 Johannis
576 1217 748 1300 praepositi
771 1216 921 1280 ecclesiae
943 1216 1102 1297 Albanas,
1126 1216 1217 1280 aulae
1239 1222 1366 1279 nostrae
1389 1215 1638 1278 vicecancellarii
1661 1222 1693 1279 et

294 1322 506 1385 archidiaconi
528 1322 568 1385 de
582 1320 747 1385 Kukullev
763 1321 868 1386 dilecti
884 1327 916 1385 et
929 1321 1032 1386 fidelis
1048 1321 1158 1401 nostri,
1180 1340 1264 1382 anno
1280 1318 1319 1381 ab
1335 1319 1552 1382 incarnatione
1572 1318 1692 1382 domini

295 1425 460 1490 millesimo
484 1403 568 1490 cdo.
592 1425 713 1489 decimo
738 1430 861 1507 quarto,
891 1426 925 1487 in
947 1425 1049 1488 Nonis
1073 1423 1228 1506 Octobris,
1258 1423 1455 1506 regniautem
1482 1423 1583 1486 nostri
1605 1442 1690 1486 anno

296 1529 441 1594 similiter
456 1529 577 1593 decimo
594 1533 716 1611 quarto.

949 1735 1042 1818 338.

227 1918 262 1971 10
383 1898 623 1990 Weissoabarp
649 1902 749 1970 1315
776 1898 858 1969 Mol
886 1902 919 1969 4.
961 1898 1140 1984 Beneditt,
1169 1897 1321 1986 Bisctof
1340 1921 1405 1969 oon
1431 1896 1692 1989 sectatorem,

296 2021 442 2112 bearunt,
470 2020 551 2092 dass
582 2020 701 2093 Comes
728 2020 898 2093 Nilcolaas
924 2021 980 2092 die
1005 2020 1089 2092 oilla
1106 2019 1190 2089 Bon
1216 2019 1294 2091 dem
1320 2017 1599 2109 Wcisscaburpcr
1616 2021 1692 2091 Ka

288 2142 379 2235 pite!
400 2141 581 2234 parmata
606 2143 676 2214 tat.

452 2287 529 2357 Θήρ.
548 2288 629 2357 Pcrg.
649 2288 827 2343 Hervaonnat.
846 2288 956 2342 Archiv.
984 2287 1072 2357 Sicqu
1089 2303 1148 2341 war
1167 2287 1330 2356 anpehdoqt.
1349 2317 1383 2327 -
1407 2286 1468 2340 Eia
1484 2287 1693 2341 oaadmmltea

398 2374 551 2442 Empta
567 2375 643 2429 einer
666 2374 795 2429 Urtunde
811 2375 931 2444 plcietm
943 2374 1067 2429 Inhaltea
1085 2374 1200 2440 botindet
1217 2373 1275 2428 sich
1292 2373 1363 2428 noch
1379 2373 1540 2427 Torttaclmi
1555 2373 1601 2427 tor
1614 2377 1690 2441 1889,

226 2462 260 2516 15
398 2465 453 2516 677
468 2460 522 2515 Nr.
539 2464 575 2515 48
591 2461 630 2515 im
647 2461 856 2530 Kopttclorcln'o
874 2461 1041 2530 Karlaburp.

449 2619 559 2683 llrater
581 2619 774 2684 Benedictus
798 2620 999 2684 miseratione
1029 2619 1138 2682 divina
1163 2618 1331 2702 episcopus
1352 2618 1597 2682 Transsiluanus
1618 2619 1691 2683 uni-

295 2722 396 2786 versis
411 2723 526 2787 Christi
548 2722 697 2787 fidelibus
719 2730 784 2788 tam
806 2724 1026 2807 praesentibus
1043 2743 1139 2805 quam
1161 2723 1279 2786 futuris
1301 2728 1485 2805 praesentes
1511 2722 1618 2786 literas
1640 2724 1689 2784 in-

295 2827 451 2909 specturis
473 2826 609 2891 salutem
632 2828 666 2890 in
689 2829 832 2891 omnium
855 2828 1020 2892 salvatore.
1054 2828 1110 2890 lus
1132 2826 1273 2910 postulat
1295 2831 1327 2889 et
1349 2831 1598 2890 consentaneum
1621 2826 1690 2890 lora

295 2929 492 3012 dignoscitur
514 2931 639 3011 rationi,
662 2937 698 2994 ut
721 2932 933 2995 humanorum
964 2939 1093 2995 actuum
1117 2930 1255 3012 effectuS,
1280 2929 1398 3011 quibus
1424 2929 1590 3013 longitudo
1614 2934 1692 2994 tem-

226 3039 262 3093 20
295 3032 381 3116 poris
409 3031 527 3095 oblivio
557 3032 691 3116 caligine
722 3034 889 3097 novercari
918 3034 1095 3115 consuevit,
1125 3035 1412 3097 instrvunentorum
1435 3031 1509 3096 fidei
1532 3053 1692 3099 commen-

296 3136 412 3199 dentur
445 3141 477 3199 et
506 3137 672 3220 scripturis
705 3137 895 3201 authenticis
929 3138 962 3200 in
996 3143 1181 3221 perpetuam
1215 3137 1262 3200 rei
1291 3137 1475 3200 memoriam
1506 3137 1692 3202 solidentur.

295 3238 433 3303 Proinde
463 3240 503 3302 ad
532 3240 757 3304 universorum
789 3241 934 3305 notitiam
963 3241 1075 3304 harum
1106 3242 1187 3305 serie
1217 3241 1367 3305 volumus
1396 3241 1573 3324 pervenire,
1605 3242 1692 3324 quod

295 3342 410 3406 nobilis
425 3342 475 3405 vir
490 3362 596 3406 comes
612 3342 763 3407 Nicolaus
778 3343 862 3408 filius
886 3345 1047 3426 quondam
1062 3345 1146 3409 Dees
1162 3344 1371 3428 personaliter
1385 3363 1491 3407 coram
1507 3344 1599 3409 nobis
1615 3365 1692 3409 con·

294 3447 426 3510 stitutus
449 3447 558 3510 divino
581 3447 698 3511 iudicio
722 3468 876 3529 asserens,
899 3468 933 3512 se
956 3454 1120 3532 expertem
1143 3447 1246 3511 solatii
1268 3448 1431 3530 heredum,
1453 3448 1623 3513 salubriter
1638 3470 1691 3513 co-

225 3557 259 3611 25
294 3549 399 3633 gitans
428 3550 574 3615 caelestia
604 3553 738 3616 terrenis
767 3572 962 3637 praeponere
991 3572 1028 3616 ac
1057 3551 1275 3641 corruptibilia
1300 3552 1596 3636 incorruptibilibus
1619 3573 1691 3637 per·

295 3659 429 3735 mutrne,
451 3655 618 3719 confessus
633 3662 682 3720 est
697 3676 733 3718 ac
748 3657 923 3740 proposuit
943 3657 1116 3741 capitulum
1132 3655 1283 3719 ecclesiae
1298 3661 1426 3720 nostrae
1441 3657 1473 3719 in
1491 3657 1691 3740 possessione

294 3776 330 3821 ac
352 3757 430 3820 villa
458 3777 518 3821 sua
539 3757 612 3822 Bun
636 3764 749 3823 vocata
770 3761 854 3823 circa
882 3759 1019 3824 fluvium
1040 3758 1205 3824 Kukulleu
1237 3761 1388 3824 maiorem
1414 3761 1573 3825 existente
1595 3762 1689 3826 titulo

293 3862 536 3944 permutationis
567 3881 664 3946 super
684 3864 939 3947 possessionibus
969 3864 1036 3928 suis
1057 3863 1256 3928 hereditariis
1279 3863 1319 3927 ad
1342 3883 1377 3929 sc
1400 3863 1551 3929 devoluta
1573 3867 1692 3930 consti·

293 3965 393 4029 tuisse
416 3965 564 4029 heredem
587 3971 620 4030 et
641 3967 807 4031 constituit
829 3987 936 4030 coram
959 3967 1052 4031 nobis
1074 3969 1240 4051 ipsamque
1255 3967 1363 4031 villam
1378 3967 1453 4031 Bun
1473 3988 1546 4032 cum
1569 3969 1690 4033 molen-

225 4072 260 4128 30
295 4069 370 4132 dino
393 4076 425 4133 et
446 4069 541 4133 unca
563 4089 599 4132 ac
622 4069 691 4134 aliis
713 4070 862 4135 omuibus
884 4071 1074 4136 utilitatibus
1104 4078 1136 4135 et
1157 4071 1359 4156 pertinentiis
1381 4073 1449 4136 suis
1472 4072 1559 4136 dedit
1580 4077 1613 4135 et
1635 4072 1691 4136 do·

294 4173 384 4237 navit
405 4173 475 4237 iure
498 4173 678 4237 donationis
700 4174 784 4238 inter
806 4176 898 4239 vivos
921 4195 958 4239 ac
979 4176 1050 4240 iura
1073 4175 1253 4239 donationis
1276 4194 1373 4239 causa
1396 4177 1506 4239 mortis
1528 4175 1689 4260 praedicto

294 4277 431 4360 capitulo
455 4278 605 4341 ecclesiae
628 4284 764 4359 nostrae,
788 4280 928 4343 sentiens
951 4286 982 4343 et
1004 4279 1186 4363 intelligens
1208 4279 1390 4363 praedictus
1413 4298 1518 4343 comes
1540 4280 1692 4345 Nicolaus

295 4380 371 4461 quia
400 4399 467 4442 non
496 4379 686 4464 intelligitur
714 4381 783 4445 sine
805 4382 920 4446 herede
943 4383 1100 4447 decedens
1121 4383 1234 4448 desum
1258 4383 1419 4448 Christum
1441 4384 1608 4448 constituit
1631 4385 1691 4448 sibi

294 4482 441 4548 heredem
464 4484 631 4567 ipsamque
653 4484 761 4547 villam
791 4486 893 4550 eidem
916 4486 1055 4570 capitulo
1086 4488 1260 4570 assignavit
1290 4488 1360 4551 iure
1382 4493 1536 4571 perpetuo
1559 4493 1592 4551 et
1612 4489 1691 4553 irre-

225 4592 259 4646 35
294 4585 479 4650 vocabiliter
494 4588 726 4671 possidendam,
750 4589 918 4653 tenendam
944 4595 976 4653 et
990 4589 1176 4671 hahendam,
1199 4590 1316 4654 talibus
1332 4596 1438 4654 tamen
1453 4592 1689 4656 conditionibus

293 4690 475 4774 interiectis,
507 4697 544 4755 ut
571 4693 677 4776 ipsum
707 4693 882 4777 capitulum
912 4695 1036 4757 fnrctus
1067 4694 1261 4758 decimarum
1291 4694 1469 4779 praedictae
1491 4694 1585 4758 villae
1616 4695 1690 4759 Bun

293 4813 398 4875 usque
420 4796 460 4858 ad
476 4795 573 4858 vitam
595 4797 696 4879 ipsius
718 4797 842 4861 comitis
857 4797 979 4861 Nicolai
1003 4798 1043 4860 ad
1067 4817 1160 4861 usum
1184 4798 1268 4860 vitae
1291 4817 1368 4861 suae
1390 4798 1583 4881 conferret‚¹)
1607 4818 1689 4880 quos

292 4897 353 4981 ipsi
376 4898 490 4962 iratres
521 4901 623 4962 nostn'
653 4900 692 4963 de
714 4900 852 4984 capitulo
875 4906 1037 4984 gratanter
1059 4900 1161 4964 eidem
1185 4920 1289 4982 usquc
1319 4900 1359 4963 ad
1381 4902 1479 4965 vitam
1501 4922 1592 4965 suam
1615 4921 1691 4966 con·

292 5000 437 5064 tulerunt
459 5020 565 5064 coram
584 5003 684 5066 nobis.
707 5005 843 5088 Insuper
858 5004 960 5069 voluit
982 5011 1014 5068 et
1037 5003 1196 5068 ordinavit
1211 5004 1391 5086 praedictus
1406 5023 1512 5068 comes
1527 5006 1689 5089 Nicolaus‚

223 5108 259 5162 40
293 5109 331 5167 ut
352 5123 409 5187 per
431 5124 489 5169 sex
511 5124 613 5171 annos
642 5127 661 5170 a
690 5107 763 5171 data
784 5108 1000 5191 praesentium
1029 5109 1265 5171 usumfructum
1296 5108 1474 5192 praedictae
1498 5108 1592 5172 villae
1614 5109 1689 5173 Bun

292 5208 327 5271 in
349 5208 498 5272 omnibus
519 5209 729 5292 proventibus
744 5216 776 5274 et
790 5210 1038 5275 obventionibus
1052 5212 1119 5274 suis
1134 5211 1272 5294 capitulo
1289 5217 1452 5293 tamquam
1468 5231 1544 5275 vero
1561 5212 1688 5277 domino

293 5313 471 5376 sustinente
492 5314 645 5397 percipiat
667 5314 749 5378 sicut
771 5315 868 5398 prius,
899 5316 926 5378 si
947 5314 1124 5399 protelatur
1145 5315 1178 5377 in
1202 5321 1326 5379 tantum
1349 5315 1409 5379 sibi
1431 5316 1506 5396 vita
1532 5316 1558 5379 si
1581 5322 1689 5380 autem

293 5421 367 5479 ante
388 5416 558 5498 medioque
573 5422 714 5500 tempore
733 5417 792 5481 deo
808 5425 942 5483 vocante
965 5419 1144 5500 decesserit
1167 5438 1209 5483 ex
1233 5424 1311 5483 tunc
1325 5424 1358 5483 et
1372 5419 1584 5484 incontinenti
1598 5440 1689 5504 prae-

449 5522 482 5619 1)-
493 5522 625 5623 thar-lopo:
642 5552 800 5607 conterrent
