4106 6294
166 773 220 830 Por
230 774 317 829 dioce-

188 870 291 909 sanum.

969 581 1124 678 -sa-a—

498 769 582 833 Item
603 769 730 833 vacarit
751 769 850 833 semel
869 769 999 852 quidam
1013 771 1219 835 canonicatrs
1233 771 1268 834 in
1284 771 1368 835 dicta
1381 771 1516 836 ecclesia
1528 771 1744 855 Pransilrana‚

347 892 442 956 quem
464 877 577 956 postea
598 871 738 937 obtinuit
756 872 873 937 Petrus
887 873 1001 938 Rufius
1023 876 1195 939 canonicus
1210 876 1447 960 Transilvanus,
1470 877 1510 941 (16
1524 877 1617 941 66166
1633 876 1744 940 tructi-

345 976 406 1040 bus
429 976 534 1040 dionis
556 975 768 1040 subcollector
789 997 846 1061 pro
869 977 1038 1042 medietate
1060 984 1223 1062 spectante
1238 981 1278 1044 ad
1294 982 1459 1046 dominum
1475 984 1620 1043 nostrum
1636 980 1745 1063 exegit

343 1080 424 1144 VIII
446 1100 570 1144 marcas
591 1080 648 1143 fini
670 1082 792 1164 argenti
815 1080 856 1143 ad
878 1082 998 1145 dictum
1020 1083 1156 1165 pondus,
1178 1084 1212 1145 in
1237 1085 1354 1166 quibus
1373 1087 1458 1150 dicta
1472 1085 1624 1149 medietas
1638 1085 1744 1148 fuerat

345 1185 510 1248 aestimata
530 1203 589 1267 per
610 1184 731 1248 dictum
747 1185 940 1268 episcopum,
963 1191 999 1249 ut
1013 1186 1081 1268 ipse
1097 1192 1130 1250 61
1144 1186 1248 1251 dictus
1264 1188 1475 1253 subcollector
1491 1189 1644 1252 dixerunt
1660 1188 1744 1252 mihi
1778 1196 1796 1247 5

345 1287 424 1351 Post
453 1287 540 1370 quod
572 1307 656 1351 anno
678 1288 855 1352 nativitatis
878 1288 998 1351 domini
1019 1288 1270 1353 MGGOXVIIII
1294 1292 1345 1356 die
1367 1293 1422 1355 VI.
1445 1292 1639 1377 Septembris
1661 1293 1746 1357 idem

345 1391 557 1456 subcollector
584 1411 641 1475 pro
665 1391 749 1455 (11616
773 1391 900 1455 domino
924 1391 1019 1455 Petro
1034 1392 1128 1455 Rufio
1151 1394 1191 1457 ds
1214 1395 1299 1459 dicta
1320 1415 1445 1459 summa
1466 1397 1546 1460 VIII
1567 1416 1746 1460 marcarum

344 1495 404 1559 fini
427 1496 549 1578 argenti
572 1495 668 1559 solvit
687 1496 764 1558 mibi
778 1494 895 1560 Rufino
912 1495 942 1556 V
957 1514 1088 1578 marcas,
1111 1496 1255 1562 valentes
1270 1499 1337 1562 XX
1352 1498 1491 1564 florenos
1507 1501 1584 1564 auri.
1606 1500 1745 1565 Domum

345 1619 429 1664 anno
452 1600 628 1664 nativitatis
651 1599 771 1663 domini
794 1599 982 1664 MOCCXX.
1005 1600 1056 1663 dis
1076 1600 1167 1664 XHI.
1189 1601 1335 1666 Ianuarii
1354 1604 1452 1668 trater
1466 1604 1601 1668 Michael
1616 1603 1746 1667 Buden-

346 1706 389 1770 sis
419 1704 540 1768 ordinis
569 1704 828 1768 Praedicatorum
862 1711 1040 1768 conventus
1070 1705 1172 1768 sancti
1201 1706 1324 1770 Nicolai
1354 1707 1514 1771 Budsnsis
1544 1708 1584 1772 de
1613 1713 1744 1790 argento
1782 1711 1815 1765 lo

345 1828 444 1894 penes
467 1827 542 1872 eum
563 1826 621 1891 per
643 1808 763 1871 dictum
786 1807 1048 1872 subcollectorem
1063 1809 1206 1891 deposito
1221 1829 1279 1892 pro
1296 1810 1380 1874 dioto
1398 1812 1526 1874 domino
1541 1811 1637 1875 Petro
1652 1811 1746 1875 Rufio

346 1913 442 1978 solvit
463 1912 541 1975 mibi
561 1910 679 1975 Rufino
702 1911 847 1975 residuas
868 1911 917 1975 ΠΙ
940 1931 1069 1993 marcas,
1100 1932 1183 1994 quae
1213 1913 1376 1978 restabant
1398 1915 1570 1979 solvendae
1592 1915 1632 1979 (16
1654 1915 1747 1979 (116116

346 2017 427 2082 VIII
448 2015 572 2080 marcis.
604 2015 647 2079 111
672 2015 718 2079 616
741 2016 873 2079 suntin
896 2015 1046 2079 universo
1068 2016 1148 2080 VIII
1170 2036 1304 2100 marcas,
1333 2019 1476 2083 valentes
1498 2018 1633 2083 XXXII
1653 2017 1748 2083 fiore-

347 2141 407 2186 nos
429 2141 507 2184 aun.

502 2225 582 2290 Item
599 2225 725 2287 vacarit
740 2223 871 2304 quidam
885 2225 1091 2288 canonicatus
1104 2225 1139 2288 in
1155 2226 1287 2289 ecclesia
1297 2227 1512 2309 Transilvana
1528 2247 1624 2309 quem
1639 2234 1749 2311 postea
1784 2230 1816 2282 15

289 2355 295 2367 ·
350 2329 489 2393 obtinuit
518 2329 632 2393 Petrus
661 2328 810 2391 Tartarus
839 2329 1012 2392 canonicus
1041 2328 1277 2411 Ibansilvanus
1312 2331 1352 2393 de
1382 2331 1475 2395 cuius
1504 2331 1661 2395 fiuctibus
1689 2350 1747 2415 pro

351 2433 518 2496 medIetate
549 2436 712 2515 spectante
742 2431 783 2494 ad
811 2431 974 2495 domiuum
1004 2438 1150 2496 nostrum
1173 2434 1281 2516 exegit
1302 2434 1382 2498 VIII
1404 2454 1527 2498 marcas
1548 2434 1604 2498 fini
1627 2436 1748 2518 argenti

348 2537 389 2600 ad
411 2537 532 2600 dictum
552 2535 689 2620 pondus,
710 2536 745 2598 in
768 2534 887 2616 quibus
909 2554 966 2618 per
988 2535 1106 2599 dictum
1131 2538 1315 2620 episcopum
1337 2537 1443 2601 fuerat
1464 2538 1574 2602 eadem
1596 2537 1748 2602 medietas

349 2641 521 2722 aestimata
552 2644 647 2723 prout
673 2639 758 2703 idem
781 2639 949 2722 episcopus
972 2645 1004 2704 et
1026 2638 1238 2703 subcollector
1259 2640 1421 2705 disserunt.
1453 2641 1532 2705 Post
1554 2641 1641 2723 quod
1663 2661 1747 2705 anno

349 2744 525 2808 nativitatis
554 2743 674 2808 domiui
702 2741 891 2807 Mcooxx.
922 2744 973 2807 die
994 2742 1085 2806 XIII
1107 2742 1253 2807 Ianuarii
1282 2743 1463 2827 praedictus
1491 2745 1589 2808 frater
1614 2744 1748 2808 Michael
1784 2747 1819 2802 20

351 2848 390 2913 de
416 2852 547 2931 argento
575 2847 718 2930 (16666116
740 2865 840 2930 penes
862 2866 937 2910 eum
958 2865 1016 2931 per
1037 2847 1159 2911 dirtum
1181 2848 1444 2912 subcollectorem
1465 2867 1523 2932 pro
1547 2849 1630 2912 dioto
1653 2848 1749 2913 Petro

348 2953 478 3016 Tartaro
501 2950 597 3014 solvit
618 2951 695 3013 mihi
713 2951 874 3034 praedicto
889 2950 1007 3014 Rufino
1027 2951 1126 3015 dictas
1141 2951 1221 3015 VIII
1236 2971 1367 3033 marcas,
1391 2952 1533 3016 valentes
1548 2952 1582 3014 in
1597 2953 1749 3016 universo

350 3054 485 3120 XXXII
506 3053 646 3118 florenos
668 3055 747 3118 auri
1457 3064 1461 3069 ’

506 3158 589 3222 Item
610 3159 737 3222 vacavit
759 3159 889 3240 quidam
912 3158 994 3222 alius
1015 3160 1222 3223 canonicatus
1240 3160 1275 3221 iu
1290 3158 1374 3224 (11616
1389 3159 1522 3223 66616616
1535 3159 1750 3242 Transilrana,

352 3281 448 3346 quem
477 3268 588 3345 postea
618 3261 755 3326 obtinuit
776 3262 941 3326 Iohannes
963 3262 1104 3326 Mauritii
1134 3263 1307 3326 canonicus
1328 3263 1565 3346 Transilvanus,
1596 3263 1636 3328 (16
1658 3264 1750 3327 ouius
1785 3265 1819 3320 25

351 3366 509 3431 fiuctibus
540 3366 644 3430 (116166
666 3366 878 3431 subcollector
899 3386 956 3450 pro
980 3366 1148 3430 medIetate
1170 3370 1332 3450 spectante
1355 3367 1395 3430 ad
1417 3366 1581 3431 dominum
1604 3373 1750 3431 nostrum

353 3472 462 3554 exegit
476 3470 556 3534 VIH
578 3489 700 3534 marcas
721 3470 780 3533 fini
802 3471 923 3553 argenti
946 3470 987 3534 ad
1008 3470 1129 3533 dictum
1151 3470 1286 3553 pondus,
1308 3471 1341 3532 iu
1365 3470 1484 3551 quibus
1498 3470 1584 3533 (11616
1597 3469 1751 3533 medietas

352 3594 409 3660 per
438 3574 557 3638 dictum
588 3574 772 3657 episcopum
802 3574 906 3638 fuerat
934 3574 1107 3653 aestimata
1135 3579 1232 3656 prout
1260 3574 1329 3657 ipse
1359 3578 1391 3637 61
1412 3573 1516 3636 dictus
1539 3572 1752 3637 subcollector

355 3678 508 3741 dixerunt
540 3675 625 3739 mibi.
662 3677 741 3742 Post
774 3677 860 3759 quod
893 3697 977 3740 anno
1011 3677 1187 3742 nativitatis
1217 3678 1337 3741 domiui
1364 3675 1553 3741 MCCCXX
1583 3676 1634 3740 (116
1659 3676 1751 3740 XIII.

354 3780 501 3846 Ianuarii
531 3779 635 3843 dictrrs
664 3780 763 3843 trater
784 3779 919 3843 Michael
946 3781 985 3844 de
1011 3787 1142 3863 argento
1164 3800 1263 3864 penes
1285 3800 1360 3844 eum
1382 3781 1524 3864 deposito
1547 3798 1605 3863 per
1626 3779 1751 3844 subcol-
1786 3785 1822 3839 30

353 3885 504 3949 tectorem
534 3883 731 3966 praedictum
760 3904 818 3967 pro
849 3884 933 3947 (11616
955 3884 1102 3948 Iohanne
1125 3883 1265 3948 Mauritii
1296 3883 1391 3947 solvit
1413 3884 1489 3946 mihi
1511 3881 1629 3947 Rufino
1652 3883 1752 3946 dictas

354 3988 434 4052 VIII
456 4006 587 4067 marcas,
609 3986 753 4052 valentes
774 3989 808 4051 in
832 3989 983 4052 universo
1005 3986 1141 4051 XXXII
1162 3986 1301 4051 florenos
1323 3987 1401 4050 auri.

509 4090 591 4155 Item
613 4091 740 4156 vacavit
761 4090 858 4155 semel
881 4091 1156 4156 archidiaconatus
1171 4091 1211 4154 (16
1226 4090 1360 4154 Cucullo
1377 4090 1479 4154 (116166
1495 4090 1638 4172 (11666616,
1660 4090 1753 4153 cuius

355 4197 519 4262 fructuum
549 4196 748 4260 medietatem
776 4195 1071 4279 (1161(16661666666
1092 4194 1320 4257 Transilranus
1343 4194 1523 4257 aestimavit
1544 4213 1601 4277 pro
1624 4193 1753 4257 domino

355 4306 465 4365 nostro
489 4298 622 4364 XXXV
645 4318 767 4362 marcas
781 4298 837 4361 fini
852 4299 975 4382 argenti
990 4298 1030 4361 ad
1045 4297 1172 4381 pondus
1185 4297 1438 4378 uransnvanum,
1461 4297 1500 4361 de
1516 4296 1634 4379 quibus
1649 4296 1753 4360 dictus
1787 4302 1822 4357 35

356 4403 577 4479 subcollector,
599 4407 637 4466 ut
659 4402 750 4484 dixit,
773 4403 881 4484 exegit
902 4407 1028 4465 tantum
1047 4401 1150 4465 XXX
1165 4420 1295 4483 marcas,
1318 4401 1357 4464 de
1373 4400 1492 4482 quibus
1507 4399 1636 4482 quidem
1653 4397 1754 4462 XXX

356 4509 471 4572 marcis
497 4507 583 4572 idem
613 4505 824 4571 subcollector
854 4505 952 4570 semet
982 4505 1079 4569 solvit
1100 4505 1177 4569 mihi
1199 4523 1293 4588 saepe
1316 4505 1400 4568 dicto
1423 4503 1539 4567 Rufino
1562 4502 1610 4566 HI
1632 4521 1755 4565 marcas

357 4613 488 4696 argenti.
519 4610 636 4675 Postea
662 4629 739 4673 vero
762 4627 847 4671 anno
869 4609 1046 4674 natimtatis
1068 4610 1189 4672 domini
1210 4607 1399 4672 MOCCXX.
1423 4608 1474 4671 (116
1497 4606 1586 4671 ΧΙΠ.
1608 4605 1754 4669 Ianuarii

358 4735 456 4800 supra
470 4715 573 4779 dIctus
588 4715 686 4778 trater
700 4712 834 4777 Michael
856 4714 986 4777 nomme
1009 4713 1084 4776 dicti
1104 4712 1343 4776 subcollectoris
1359 4711 1455 4775 solvit
1469 4711 1546 4773 mihi
1562 4728 1655 4792 saepe
1670 4709 1754 4772 dicto

358 4817 475 4883 Rufino
497 4817 614 4882 XXVI
635 4837 757 4881 marcas
785 4834 885 4900 pones
914 4836 988 4880 eum
1011 4837 1068 4900 per
1090 4817 1212 4881 dictum
1233 4815 1495 4880 subcollectorem
1518 4813 1684 4897 depositas.
1714 4811 1756 4875 Et
1789 4818 1825 4873 40

359 4923 404 4987 sic
433 4922 508 4985 11661
536 4921 619 4985 idem
650 4920 862 4985 subcollector
890 4920 1046 5003 receperit
1067 4918 1169 4983 XXX
1191 4939 1322 5001 marcas,
1352 4919 1420 5003 ipsc
1443 4923 1550 4983 tamen
1572 4935 1638 4979 non
1660 4915 1757 4979 661611

359 5045 419 5091 nec
449 5024 532 5090 solvi
560 5023 644 5107 fecit,
673 5025 736 5089 nisi
764 5030 889 5089 tantum
912 5023 1085 5105 XXVIIII,
1116 5042 1198 5105 quae
1220 5022 1371 5087 reductae
1393 5023 1434 5086 ad
1454 5021 1581 5105 pondus
1605 5020 1757 5084 Budense

359 5131 469 5195 valent
490 5128 623 5193 XXIIII
644 5147 766 5192 marcas
789 5134 821 5192 et
842 5128 891 5192 III
912 5128 1024 5192 uncias
1047 5133 1079 5191 et
1101 5127 1226 5191 tertiam
1244 5130 1368 5209 partem
1386 5126 1484 5189 unius
1499 5126 1613 5189 unciae
1630 5128 1662 5187 61
1676 5123 1756 5187 duas

362 5233 642 5317 quinquagesimas
671 5232 822 5316 septimas
850 5237 957 5315 partes
987 5233 1084 5295 unius
1106 5231 1220 5295 unciae
1242 5230 1282 5293 ad
1305 5230 1424 5293 dictum
1447 5229 1574 5313 pondus
1596 5228 1755 5309 Budense

362 5356 499 5421 quarum
521 5334 682 5417 quaelibet
702 5336 789 5400 valet
809 5336 874 5399 IIII
895 5334 1034 5400 florenos
1056 5335 1134 5399 auri.
1156 5334 1198 5399 Et
1220 5334 1266 5399 sic
1287 5338 1365 5397 sunt
1386 5333 1420 5396 in
1439 5352 1565 5398 summa
1579 5332 1619 5395 ad
1634 5331 1755 5395 dictum
1789 5336 1824 5389 45

361 5440 488 5527 pondus
509 5440 661 5504 Budense
682 5438 815 5503 XXIIII
844 5457 968 5504 marcae
998 5442 1030 5502 61
1051 5437 1101 5501 ΠΙ
1121 5438 1236 5502 unctae
1258 5442 1291 5502 61
1312 5438 1406 5501 tertia
1426 5456 1500 5520 pars
1522 5435 1620 5499 unius
1642 5434 1757 5498 unciae
