4064 6288
900 634 1056 730 -rpa-

278 821 355 884 villa
375 820 557 903 Kuluswar,
580 821 657 884 villa
679 820 770 904 Gylo,
801 822 877 886 villa
899 822 1010 907 Kopus
1033 827 1065 886 et
1087 821 1164 884 villa
1184 821 1347 904 Keresfev,
1370 823 1451 886 item
1472 823 1506 886 in
1529 824 1683 887 comitatu

277 925 317 989 de
339 924 473 988 Dobolra
494 925 571 988 villa
584 925 714 989 Herena
735 931 768 990 et
781 927 956 1010 Bylolrul,1)
978 928 1055 992 item
1077 927 1279 990 incomitata
1302 926 1341 989 de
1357 926 1469 990 Zonulr
1491 927 1568 990 villa
1583 926 1684 1008 Zylah

278 1034 310 1092 et
339 1028 415 1092 villa
441 1028 578 1111 lhrsnad,
609 1029 684 1092 item
713 1030 748 1092 in
778 1031 929 1093 comitatu
959 1031 998 1094 de
1029 1031 1155 1094 Zatmar
1185 1030 1261 1093 villa
1292 1030 1376 1093 Ebes
1406 1035 1438 1093 et
1467 1030 1500 1093 in
1530 1031 1683 1093 comitatu

277 1131 469 1212 Byhon'ensi
499 1132 575 1195 villa
596 1133 809 1217 Baratpispuh
839 1134 990 1216 inquilini
1019 1135 1197 1198 habeantur
1218 1154 1278 1199 nec
1299 1134 1364 1196 illic
1387 1133 1589 1213 conveniant,
1620 1133 1683 1196 nisi

227 1245 244 1296 5
280 1254 335 1299 eos
358 1241 391 1300 et
412 1236 490 1300 ahos
512 1238 774 1320 supervenientes
796 1238 941 1302 libertate
964 1238 1122 1302 uberioris
1136 1237 1255 1321 gratiae
1270 1237 1475 1320 dignaremur
1488 1237 1683 1321 praevenire·

278 1339 345 1404 Nos
366 1341 465 1424 igitur
487 1341 732 1425 considerantes,
765 1342 852 1423 quod
883 1361 924 1406 err
950 1342 1147 1406 incremento
1170 1341 1301 1405 honoris
1322 1340 1512 1426 pontificalis
1535 1341 1685 1404 simulet

278 1444 366 1527 regia
388 1443 524 1527 dignitas
546 1444 698 1529 suscipiat
719 1444 961 1528 incrementum,
984 1450 1021 1509 ut
1043 1446 1152 1509 eadem
1173 1444 1306 1509 ecclesia
1326 1444 1360 1508 in
1379 1445 1550 1530 pristinum
1564 1450 1683 1510 statum

278 1548 379 1632 possit
399 1547 574 1630 reformari,
604 1549 870 1631 attendentssque
895 1550 997 1633 ipsius
1018 1549 1210 1613 venerabilis
1231 1549 1330 1634 patris
1351 1548 1518 1613 fidelitates
1541 1555 1574 1613 et
1594 1556 1684 1633 grata

280 1651 442 1734 obsequia,
476 1670 559 1733 quae
588 1652 622 1715 in
650 1652 873 1736 expugnandis
903 1651 1104 1717 destruendis
1134 1652 1245 1715 castris
1277 1652 1479 1734 quorundam
1506 1653 1684 1716 incolarum

211 1762 246 1816 10
279 1755 371 1838 regni
392 1755 501 1837 nostri,
532 1756 715 1838 exquibus
745 1756 845 1839 spolia
874 1761 907 1819 et
936 1760 1046 1818 vastus
1072 1755 1106 1817 in
1128 1756 1230 1819 nostri
1251 1756 1381 1819 honoris
1403 1755 1628 1819 detrimentum
1652 1761 1684 1820 et

279 1858 370 1941 regni
392 1858 493 1921 nostri
515 1859 668 1922 damnum
690 1878 756 1923 non
779 1859 947 1941 modicum,
971 1858 1055 1921 circa
1075 1857 1213 1922 fluvium
1232 1859 1348 1922 Zomus
1371 1865 1403 1922 et
1424 1860 1509 1922 circa
1523 1859 1683 1943 publicam

279 1967 420 2043 stratam,
449 1980 507 2045 per
531 1981 628 2043 quam
656 1962 723 2026 itur
745 1963 785 2025 ad
806 1968 912 2047 partes
933 1962 1182 2043 'lraussiluanaa
1212 1962 1499 2044 committebantur,
1529 1964 1683 2047 exhibuit,

280 2084 322 2128 ex
351 2064 550 2147 indulgentia
578 2067 683 2150 regiae
712 2067 916 2150 benignitatis
945 2068 978 2129 in
1008 2067 1334 2149 recompensationem
1356 2068 1560 2131 servitiorum
1581 2068 1683 2152 ipsius

279 2169 515 2253 praedictorum
542 2170 637 2234 talem
659 2172 793 2254 gratiam
815 2170 845 2233 ei
872 2170 1024 2235 duximus
1044 2170 1229 2253 faciendam,
1251 2176 1289 2233 nt
1312 2176 1377 2234 tam
1395 2172 1518 2255 priores
1532 2172 1684 2254 inquilini

188 2283 246 2335 ·15
281 2272 419 2336 civitatis
440 2272 590 2337 Albensis
620 2280 652 2337 ct
681 2274 815 2337 aliarum
837 2274 986 2337 villarum
1008 2295 1140 2338 suarum
1161 2275 1437 2359 praescriptam,
1468 2294 1565 2357 quarn
1587 2277 1684 2340 etiam

280 2375 421 2459 hospites
442 2376 560 2441 liberae
583 2377 773 2441 conditionis
796 2378 835 2442 de
858 2398 942 2442 novo
966 2380 1193 2443 convenientes
1215 2399 1235 2441 a
1255 2378 1372 2441 iudicio
1395 2379 1550 2443 vaivodae
1570 2379 1684 2443 Trans·

281 2479 397 2543 silnani
427 2499 484 2564 pro
515 2486 657 2565 ternpore
686 2482 859 2563 constituti,
893 2484 1045 2546 comitum
1074 2482 1302 2567 parochialium
1331 2501 1456 2545 necnon
1487 2488 1519 2545 et
1549 2482 1684 2546 aliorum

282 2583 426 2645 omnium
448 2583 592 2647 iudicum
612 2586 739 2668 penitus
762 2586 827 2648 sint
845 2588 993 2671 exempti,
1016 2606 1075 2650 nec
1098 2586 1233 2649 alicuius
1256 2591 1425 2649 teneantur
1447 2591 1550 2649 astare
1565 2586 1683 2649 iudicio

281 2687 343 2750 nisi
366 2687 504 2771 episcopi
534 2687 684 2752 ecclesiae
705 2688 956 2773 Transsiluanae,
986 2690 1100 2753 iudicis
1128 2690 1230 2774 ipsius
1260 2690 1311 2753 vel
1334 2689 1430 2752 villici
1460 2709 1518 2774 pro
1542 2694 1684 2773 tempore

211 2799 248 2853 20
283 2791 448 2854 constituti
458 2791 480 2868 ¹)
503 2798 535 2855 et
557 2793 583 2855 si
605 2794 773 2877 episcopus
795 2800 850 2857 aut
870 2794 992 2858 iudices
1014 2795 1199 2879 peripsum
1221 2793 1315 2877 positi
1336 2794 1371 2855 in
1386 2792 1548 2857 reddenda
1563 2793 1686 2857 iustitia

282 2895 479 2979 negligentes
501 2895 622 2959 luerint
644 2902 700 2959 ant
722 2898 855 2979 remissi,
885 2897 1025 2961 voltam
1047 2898 1183 2961 arduum
1206 2902 1290 2961 esset
1310 2897 1483 2980 negotium,
1514 2897 1601 2979 quod
1623 2897 1685 2981 ipsi

282 3000 434 3063 iustitiam
465 2998 568 3063 iacere
590 3019 656 3063 non
678 3000 829 3084 valerent,
859 3002 929 3086 ipsa
950 3022 1046 3066 causa
1075 3001 1127 3065 vel
1153 3001 1216 3064 tale
1245 3001 1410 3083 negotium
1432 3001 1537 3083 regiae
1560 3005 1685 3064 tantum

282 3103 455 3167 maiestatis
477 3103 616 3167 examini
639 3104 838 3168 terminanda
853 3105 1021 3169 deferatur.
1050 3106 1152 3169 Prout
1174 3105 1269 3169 etiam
1291 3105 1372 3167 hanc
1387 3105 1520 3187 gratiam
1537 3104 1686 3167 dominus

283 3226 342 3270 rex
364 3207 442 3271 Bela
464 3227 544 3271 avus
566 3212 674 3270 noster
696 3209 878 3272 carissimus
901 3208 1093 3290 quibusdam
1115 3209 1200 3272 villis
1222 3214 1254 3271 et
1276 3206 1421 3271 curtibus
1442 3208 1542 3292 ipsius
1565 3209 1686 3292 episco-

213 3318 248 3373 25
283 3316 378 3395 patus
394 3317 601 3393 concesserat,
621 3312 704 3375 sicut
718 3311 752 3374 in
767 3312 910 3375 eiusdem
924 3313 1100 3396 privilegiO,
1115 3332 1173 3396 per
1187 3312 1385 3376 carissimum
1399 3316 1522 3395 patrem
1537 3318 1684 3376 nostrum

283 3413 479 3499 Stephanum
499 3414 657 3479 illustrem
678 3436 786 3499 regern
806 3416 992 3499 Hungariae
1015 3416 1200 3481 confirmato
1215 3417 1354 3480 vidimus
1369 3417 1532 3480 contineri.
1554 3416 1597 3480 nt
1611 3436 1685 3480 curn

282 3524 466 3602 praesentes
488 3519 580 3582 nobis
602 3519 722 3583 fuerint
742 3525 929 3604 reportatae,
961 3527 1105 3585 nostrum
1135 3520 1238 3584 eidem
1268 3539 1364 3604 super
1385 3520 1566 3603 praemissis
1587 3521 1685 3604 privi-

283 3621 402 3704 legium
431 3622 639 3686 conferemus.
676 3622 796 3687 Datum
825 3625 917 3687 iuxta
945 3621 1080 3686 fluvium
1103 3623 1235 3686 Hernad
1263 3643 1362 3707 prope
1392 3622 1502 3685 villam
1532 3623 1625 3705 Zalra,
1652 3624 1686 3685 in

284 3725 364 3789 festo
388 3726 471 3789 beati
489 3727 655 3791 Benedicti
680 3728 879 3811 confessoris,
902 3747 986 3790 anno
1010 3727 1129 3789 domiui
1152 3705 1193 3788 lli.
1217 3704 1275 3789 cd.
1299 3727 1513 3810 octuagesimo
1535 3726 1685 3791 secundo.

943 4019 1033 4107 201.

364 4185 674 4259 1282Jati19!
705 4187 822 4279 Kdaip
847 4186 1038 4259 Dadastana
1064 4187 1134 4259 IV.
1163 4186 1296 4260 belabat
1327 4189 1437 4279 eiaipe
1462 4184 1596 4279 Hdripe
1626 4186 1689 4259 der

288 4306 501 4397 ledniplim
512 4308 615 4400 Bury
632 4308 771 4381 Borsod
779 4310 850 4398 fiir
866 4309 943 4381 ihre
956 4309 1272 4400 Dicnetleistunpea
1288 4310 1337 4380 im
1350 4308 1491 4399 Kricpe,
1519 4308 1689 4380 daraatcr

287 4427 376 4498 auct
401 4434 520 4501 contra
538 4427 693 4501 Saxones
710 4428 973 4523 lhansiluanos,
1000 4429 1060 4524 qui
1082 4435 1201 4501 contra
1227 4436 1382 4502 nostram
1404 4427 1578 4524 procedere
1596 4427 1685 4500 nite·

286 4545 414 4620 bantur
439 4548 665 4623 maiestatem.

216 4686 252 4740 35
364 4668 495 4742 Datum
521 4693 726 4766 permanes
744 4672 884 4745 discreti
903 4671 971 4744 viri
990 4670 1153 4769 magistri
1169 4668 1403 4743 Bartholomei
1420 4669 1521 4742 aulae
1547 4675 1686 4742 nostrae

290 4788 565 4864 vicecancellarii
601 4792 717 4866 dilecti
752 4800 785 4865 et
819 4794 932 4866 fidelis
959 4792 1081 4884 nostri,
1116 4813 1208 4865 anno
1234 4790 1364 4863 domini
1390 4789 1449 4863 M⁰
1475 4790 1546 4863 00⁰
1572 4796 1687 4863 octua-

288 4910 419 5006 gesimo
447 4913 605 5007 secundo,
635 4921 755 5009 quarto
781 4914 909 4987 decimo
934 4913 1113 4986 Kalendas
1141 4911 1304 5008 Augusti,
1329 4912 1514 4985 indictione
1544 4910 1688 5002 decima,

287 5030 387 5126 regni
414 5038 530 5104 autem
556 5034 667 5106 nostri
693 5057 785 5106 anno
811 5034 999 5107 undecimo.

444 5179 556 5234 Druck.-
590 5181 698 5236 Wecael
725 5181 789 5236 (lod.
807 5182 916 5250 Aopad.
935 5180 993 5247 IX,
1019 5184 1072 5234 330
1096 5180 1166 5234 hadr
1190 5180 1251 5234 dem
1276 5178 1353 5249 Oriq.
1377 5179 1479 5233 Arellio
1502 5178 1551 5233 der
1574 5179 1689 5233 Barcae

218 5264 254 5319 40
392 5264 512 5335 Parate
528 5283 565 5320 aa
582 5266 774 5336 Napyoatuts.

445 5411 454 5442 ι
559 5425 565 5437 .

444 5406 466 5562 d
483 5404 786 5563 iiiafflaa
800 5495 895 5549 seam
907 5492 1044 5548 measa
1056 5492 1101 5561 Π,
1119 5496 1172 5548 ers
1183 5492 1254 5547 aaa
1265 5493 1314 5547 aar
1325 5491 1509 5562 saraam
1519 5490 1687 5562 aaronita

289 5579 416 5636 Martiae
431 5596 486 5636 oon
503 5585 586 5638 1474:
603 5580 746 5635 constituti.
