4106 6294
918 643 1073 739 gar—

294 832 379 914 quod
402 832 509 895 statim
533 831 629 895 vadat
650 838 683 895 et
705 832 780 897 citet
802 850 914 895 omnes
936 831 1016 914 illos,
1041 853 1122 915 quos
1145 832 1250 896 dictus
1271 831 1422 915 magister
1443 830 1611 915 Philippus
1634 831 1696 895 sibi

292 937 422 1000 duxerit
444 936 664 1017 nominandos,
687 935 774 1017 quod
790 936 840 1000 die
855 934 965 1000 Lunae
980 937 1126 1020 proxime
1141 937 1250 999 futuro
1266 940 1470 1018 compareant
1484 935 1695 1018 personaliter

293 1061 399 1104 coram
422 1060 459 1104 eo
483 1046 515 1103 et
538 1039 748 1122 peremptorie
771 1039 811 1102 ad
834 1040 1066 1123 perhibendum
1096 1040 1314 1103 testimonium
1336 1038 1493 1116 venatu)
1526 1059 1623 1124 super
1645 1059 1694 1102 ar-

293 1145 398 1208 ticuhs
421 1145 506 1227 ipsis.
545 1144 663 1207 Statuit
686 1162 816 1225 quoque
847 1145 1018 1207 terminum
1041 1144 1170 1207 domino
1193 1142 1347 1207 Bertuldo
1369 1143 1569 1226 procuratori
1595 1144 1695 1227 partis

240 1254 257 1305 5
292 1249 444 1312 adversae
474 1248 514 1310 ad
544 1247 627 1310 diem
651 1246 761 1310 Lunae
790 1247 988 1329 praedictum
1012 1248 1051 1310 ad
1074 1248 1254 1312 faciendum
1286 1254 1318 1311 et
1347 1247 1487 1309 dandum
1519 1248 1695 1329 interroga-

292 1351 408 1414 torium
436 1352 464 1414 si
485 1349 633 1431 voluerit,
664 1356 696 1413 et
718 1350 759 1413 ad
783 1350 959 1419 videndum
980 1351 1160 1415 iuramenta
1182 1353 1312 1415 testium
1334 1350 1615 1434 producendorum
1637 1370 1695 1434 per

292 1455 478 1537 magistrum
490 1453 673 1536 Philippum
689 1454 887 1536 praedictum
903 1454 942 1517 ad
958 1454 1156 1538 probandum
1173 1455 1324 1519 articulos
1340 1462 1539 1538 memoratos,
1557 1473 1695 1536 quorum

292 1557 499 1621 articulorum
522 1563 615 1621 tenor
637 1557 709 1621 talis
732 1564 788 1622 est.

448 1661 561 1724 Coram
572 1661 664 1724 vobis
676 1663 851 1726 venerabili
862 1663 930 1726 viro
947 1663 1075 1726 domiuo
1088 1664 1233 1747 Philippo
1250 1665 1289 1728 de
1303 1663 1456 1727 Sardinea
1471 1661 1623 1725 canonico
1632 1661 1694 1724 Ar·
1735 1666 1847 1755 Articuli

225 1774 258 1826 10
293 1765 428 1841 boreusi,
450 1765 650 1828 decretorum
666 1766 795 1830 doctore
811 1766 955 1830 auditore
971 1756 1138 1831 reverendi
1154 1769 1252 1850 patris
1269 1775 1301 1832 et
1316 1767 1436 1830 domini
1452 1765 1572 1828 domini
1588 1765 1694 1829 fratris
1723 1760 1858 1875 Pmmfau·

292 1869 426 1933 Gentilis
457 1869 540 1931 tituli
563 1870 663 1932 sancti
685 1869 815 1932 Martini
845 1870 877 1931 in
901 1868 1067 1933 Montibus
1089 1871 1268 1953 presbyteri
1294 1871 1472 1950 cardinalis,
1502 1869 1693 1952 apostolicae
1798 1838 1821 1875 ⁰⁰

292 1972 376 2034 sodis
399 1971 502 2054 legati,
526 1979 558 2035 ct
580 1973 612 2034 in
637 1973 694 2035 hac
717 1994 814 2036 causa
836 1973 1013 2055 specialiter
1036 1974 1195 2057 deputato,
1218 1975 1385 2059 Philippus
1408 1975 1446 2038 de
1470 1973 1606 2056 Cingulo
1621 1992 1694 2055 pro-

293 2082 421 2139 curator
444 2076 637 2139 substitutus
660 2097 679 2139 a
701 2077 829 2139 domino
850 2076 977 2140 Sanctio
1001 2085 1206 2161 procuratore
1229 2080 1358 2163 capituli
1373 2077 1599 2158 Transsiluaui,
1622 2097 1694 2160 pro-

294 2180 453 2243 curatorio
484 2181 614 2242 nomine
636 2180 737 2262 ipsius
760 2179 890 2263 capituli
921 2181 961 2244 ad
982 2183 1238 2265 reprobationem
1260 2182 1371 2246 literae
1393 2182 1545 2245 comitum
1569 2187 1601 2245 et
1622 2182 1695 2244 uni-

226 2294 258 2344 15
295 2284 454 2347 versitatis
470 2283 660 2347 cibiniensis
683 2284 856 2367 productae
879 2283 912 2346 in
935 2285 1053 2349 iudicio
1076 2306 1133 2370 per
1151 2287 1316 2350 dominum
1331 2284 1521 2349 Bertuldum
1544 2305 1694 2369 procura-

293 2392 392 2451 torem
423 2388 617 2450 decanorum
648 2394 680 2451 et
701 2388 911 2480 plebanorum
934 2389 973 2452 de
1004 2392 1151 2473 capitulis
1173 2390 1416 2455 Transsiluanae
1446 2389 1589 2472 diocesis,
1620 2408 1695 2452 cum

293 2491 411 2572 quibus
433 2499 482 2554 est
503 2492 535 2553 iu
560 2511 664 2571 causa,
688 2512 744 2575 per
761 2512 856 2574 quam
879 2493 955 2556 dicit
971 2494 1135 2557 dominum
1150 2494 1317 2557 vaivodam
1341 2494 1501 2557 hcentiam
1522 2494 1695 2577 denegasse

293 2596 411 2659 eisdem
442 2595 570 2658 decanis
599 2602 632 2658 et
653 2595 797 2679 plebanis
827 2616 863 2658 ac
894 2597 1036 2679 ipsorum
1058 2598 1328 2681 procuratoribus,
1364 2599 1451 2680 quod
1473 2604 1543 2662 tute
1565 2604 1695 2681 possent

292 2719 349 2783 per
372 2706 533 2763 terrenum
558 2706 591 2762 et
619 2700 794 2782 potentiam
823 2701 924 2783 ipsius
955 2700 1075 2764 domini
1108 2703 1264 2766 rairodae
1294 2703 1429 2766 transire
1460 2703 1500 2766 ad
1530 2702 1694 2766 dominum

223 2811 258 2865 20
292 2803 432 2888 legatum
467 2808 498 2866 et
528 2803 597 2866 eius
628 2804 757 2886 curiam,
789 2804 976 2887 excipiendo
1011 2804 1088 2870 dicit
1116 2812 1229 2869 contra
1259 2807 1373 2870 dictam
1405 2807 1528 2870 literam
1562 2812 1594 2870 et
1622 2825 1695 2890 pro-

293 2909 461 2973 ducentem
492 2907 635 2989 eandem,
666 2907 751 2988 quod
783 2908 866 2971 dicta
895 2908 987 2972 litera
1016 2912 1183 2975 veritatem
1212 2931 1279 2974 non
1308 2912 1463 2994 continet,
1493 2912 1549 2975 sed
1579 2910 1694 2974 falsum

293 3013 390 3076 etad
418 3013 477 3075 hoc

448 3116 591 3179 Intendit
612 3116 748 3200 probare
763 3122 796 3180 et
810 3114 906 3179 fidem
921 3116 1025 3179 facere
1040 3116 1207 3202 Philippus
1224 3124 1411 3203 procurator
1425 3119 1607 3203 praedictus
1622 3137 1695 3201 pro·

293 3221 452 3285 curamrio
477 3221 605 3283 nomine
629 3239 693 3302 quo
717 3240 822 3304 supra,
846 3222 932 3302 quod
956 3221 995 3283 de
1017 3241 1127 3286 mense
1142 3222 1334 3287 Novembris
1356 3223 1502 3305 proxime
1523 3221 1693 3306 praeterito

225 3333 258 3385 25
295 3333 367 3409 post
390 3332 533 3388 octavam
550 3325 634 3388 beati
649 3324 813 3405 Martini,²)
837 3325 913 3387 dum
930 3343 1027 3407 supra
1043 3325 1147 3390 dictus
1163 3327 1311 3391 dominus
1326 3326 1463 3390 vaivoda
1478 3326 1697 3408 requireretur

295 3436 450 3512 exparte
481 3429 639 3492 dictorum
670 3429 863 3493 decanorum
894 3435 927 3494 et
955 3428 1164 3512 plebanorum
1188 3436 1220 3493 et
1248 3450 1305 3513 per
1333 3431 1442 3495 literas
1464 3431 1621 3494 dictorum
1644 3449 1696 3492 co·

295 3534 407 3596 mitum
436 3553 473 3595 ac
505 3533 722 3596 universitatis
753 3532 944 3596 Cibiniensis
977 3553 1035 3616 pro
1070 3533 1163 3597 dictis
1197 3535 1324 3598 decanis
1358 3540 1390 3599 et
1421 3534 1574 3618 plebanis,
1609 3533 1697 3615 quod

293 3637 434 3721 placeret
464 3636 524 3700 sibi
555 3636 630 3699 dare
660 3636 779 3699 eisdem
811 3637 938 3700 decanis
969 3643 1001 3700 et
1031 3637 1173 3720 plebanis
1195 3659 1232 3701 ac
1254 3641 1398 3723 ipsorum
1421 3638 1546 3701 nunciis
1569 3643 1602 3701 et
1622 3657 1696 3720 pro-

294 3741 495 3805 curatoribus
517 3740 676 3803 licentiam
700 3746 732 3803 et
754 3741 957 3804 securitatem
990 3742 1176 3805 transeundi
1198 3762 1256 3825 per
1278 3748 1441 3805 terrenum
1463 3762 1499 3804 ac
1521 3741 1696 3825 potentiam

226 3850 261 3904 30
295 3845 396 3928 ipsius
419 3845 583 3925 vairodae,
605 3843 646 3905 ad
669 3844 807 3907 eundem
829 3846 868 3907 ad
885 3845 1051 3908 dominum
1073 3845 1213 3927 legatum
1235 3866 1293 3929 pro
1316 3846 1458 3928 ipsorum
1482 3846 1618 3927 negotiis
1640 3863 1696 3907 ex·

296 3949 461 4032 pediendis
477 3954 509 4012 et
524 3947 733 4032 procurandis
748 3948 852 4012 dictus
868 3950 1017 4013 dominus
1034 3950 1170 4012 vaivoda
1184 3948 1343 4012 licentiam
1358 3949 1550 4032 praedictam
1565 3948 1696 4032 petitam

295 4053 461 4133 concessit,
484 4057 516 4116 et
539 4051 627 4133 quod
648 4052 767 4115 nuncio
784 4052 851 4115 sive
866 4052 993 4116 nunciis
1008 4053 1252 4136 praedictorum,
1277 4053 1332 4134 qui
1355 4052 1462 4116 literas
1484 4072 1582 4136 supra
1597 4052 1696 4115 dictas

296 4157 472 4240 rogatorias
494 4155 534 4219 ad
550 4155 671 4219 dictum
687 4156 852 4219 dominum
867 4156 1036 4220 vaivodam
1054 4162 1268 4239 portaverant,
1290 4155 1375 4219 idem
1391 4156 1539 4219 dominus
1561 4155 1698 4218 vaivoda

206 4292 209 4297 ⁴
296 4280 371 4324 suas
393 4261 501 4324 literas
524 4260 564 4323 de
587 4260 756 4324 securitate
779 4260 936 4324 concessit
959 4265 991 4323 et
1011 4260 1213 4324 securitatem
1236 4278 1308 4321 cum
1332 4258 1400 4321 suis
1422 4258 1522 4322 literis
1543 4277 1602 4341 per
1622 4277 1696 4341 pro·

225 4370 259 4422 35
296 4364 447 4428 threiales
469 4363 596 4447 pubhce
619 4363 694 4426 iecit
714 4362 911 4445 proclamari.

449 4467 531 4531 Item
554 4466 641 4549 quod
664 4466 704 4530 de
725 4465 895 4549 praedictis
918 4471 967 4543 est
989 4471 1020 4529 et
1041 4466 1103 4530 mit
1125 4465 1252 4549 publica
1273 4486 1340 4528 vox
1362 4472 1395 4529 et
1417 4466 1508 4528 lama.

449 4570 617 4634 Praedicta
637 4570 773 4654 probare
795 4569 932 4633 intendit
953 4577 1142 4653 procurator
1163 4570 1345 4653 praedictus
1369 4569 1497 4632 nomine
1513 4588 1577 4651 quo
1600 4588 1698 4652 supra

296 4694 361 4737 non
383 4674 423 4737 ad
445 4675 553 4737 omnia
574 4692 609 4737 se
631 4674 820 4756 astringens,
845 4674 900 4737 sed
924 4674 963 4737 ad
987 4693 1024 4737 ea
1046 4679 1180 4755 tantum,
1204 4673 1362 4755 quaesibi
1386 4671 1547 4736 sufficiant
1569 4672 1609 4735 ad
1631 4672 1697 4736 vic·

295 4779 408 4841 toriam
439 4796 516 4841 suae
546 4796 669 4859 causae,
704 4796 769 4840 non
799 4778 976 4841 recedendo
1007 4776 1046 4840 ab
1078 4777 1146 4840 aliis
1169 4776 1410 4859 probationibus
1436 4781 1469 4840 et
1490 4776 1615 4840 iuribus
1637 4796 1696 4841 suo

229 4887 265 4940 40
299 4880 369 4944 loco
393 4887 425 4944 et
446 4886 589 4964 tempore
611 4881 772 4945 faciendis.

366 5016 369 5021 ·
449 4982 509 5048 Die
532 4985 642 5049 Lunae
664 4962 760 5048 vim
790 4986 866 5048 dicti
888 4986 1008 5049 mensis
1029 4985 1120 5049 Junii
1143 4985 1269 5048 Zuccha
1294 4986 1432 5049 nuncius
1455 4985 1579 5048 iuratus
1601 5004 1698 5068 supra
1741 4990 1843 5045 Rolafio

295 5089 399 5152 dictus
428 5089 537 5152 retulit
568 5089 651 5152 dicto
682 5089 811 5152 domino
843 5090 980 5152 auditori
1003 5096 1036 5152 et
1057 5089 1133 5151 mihi
1163 5090 1296 5171 notario,
1331 5108 1365 5152 se
1396 5089 1463 5152 heri
1491 5089 1604 5152 citasse
1627 5108 1698 5171 per·
1727 5068 1857 5157 ⁰ll⁸ll⁰¹³i³

295 5192 447 5256 sonaliter
469 5191 664 5275 subscriptas
686 5211 838 5275 personas
858 5194 898 5256 ad
921 5194 1107 5275 petitionem
1130 5193 1206 5289 dicti
1229 5193 1371 5276 magistri
1386 5194 1525 5279 Philippi
1547 5213 1698 5278 procura·
1737 5151 1852 5202 mum

295 5297 374 5360 toris
397 5297 574 5360 secundum
597 5296 730 5358 formam
753 5296 984 5360 commissionis
1007 5317 1104 5380 supra
1126 5297 1228 5361 dictae
1251 5298 1399 5364 videlicet

227 5433 261 5486 to
454 5403 584 5499 ²)—Ucbcr
601 5431 650 5485 der
667 5430 742 5485 Zeila
761 5432 969 5502 compatrum.

451 5520 473 5587 ¹)
491 5518 573 5572 Nooh
590 5516 741 5572 Novanhcr
760 5521 802 5572 18.

402 5618 595 5669 Urkundonbueu
