4064 6288
1020 601 1064 665 84

1011 787 1077 870 93.

422 952 523 1019 1261
547 948 656 1020 Mors
673 951 738 1021 23.
765 948 883 1039 Kdaio
900 948 990 1021 Belo
1007 948 1078 1022 IV.
1098 951 1256 1042 60010091
1273 952 1329 1023 dic
1355 949 1520 1023 ortanae
1537 951 1596 1023 des
1609 951 1742 1042 Koniqs

343 1068 598 1142 11100οἐ06000
623 1071 730 1140 1203
757 1068 824 1140 Nr.
851 1071 900 1139 14
918 1069 990 1157 fdfr
1015 1071 1071 1142 dic
1101 1070 1400 1145 Groscwordctacr
1425 1072 1564 1143 Kirctc.

422 1189 525 1261 Anno
556 1189 600 1262 ab
625 1189 863 1262 incarnatione
900 1190 1084 1263 millesimo
1120 1191 1352 1264 ducentesimo
1380 1192 1596 1287 sexagesimo
1621 1192 1742 1288 primo,

344 1308 472 1382 decimo
498 1308 676 1383 Kalendas
700 1309 843 1406 Apriiis,
868 1311 967 1407 regni
995 1319 1110 1384 antem
1137 1312 1193 1384 sui
1220 1334 1311 1384 anno
1337 1311 1506 1408 vigesimo
1533 1320 1635 1386 sexto.
1776 1334 1793 1386 o

499 1473 637 1528 Eowdtnt
659 1479 758 1527 commt
780 1474 834 1527 den
857 1474 1199 1544 Beatdtipuopcurkundcn
1225 1476 1274 1529 dcr
1297 1474 1406 1545 Koniqc
1430 1475 1553 1544 Stcptao
1575 1493 1624 1531 rea
1646 1477 1742 1532 iunior

446 1576 501 1616 ooo
518 1565 595 1626 1262,
613 1560 768 1615 Lodislouc
785 1561 840 1615 IV.
858 1577 912 1615 oon
930 1564 1001 1614 1277
1015 1562 1074 1614 und
1092 1561 1166 1614 Korl
1183 1577 1237 1615 oon
1255 1565 1323 1615 1322
1340 1578 1393 1615 ooo
1410 1563 1470 1617 dem
1487 1563 1604 1617 Palatia
1622 1562 1743 1617 Micdacl

448 1650 525 1713 1478,
543 1647 731 1716 ciapccoholtct
747 1663 801 1701 von
819 1647 914 1716 Konip
927 1646 1053 1701 Motdioc
1066 1652 1142 1715 1480,
1163 1647 1239 1717 Orio.
1258 1648 1437 1702 Hermonnot.
1455 1649 1566 1704 Archiv.
1590 1650 1675 1704 Dicae
1691 1648 1741 1704 Ur·

446 1733 537 1788 kunde
548 1733 585 1787 iot
598 1734 667 1787 auct
679 1734 932 1803 0609000601106000
944 1734 1004 1787 dem
1018 1733 1241 1803 Weissenburyer
1253 1734 1368 1801 Kapitcl
1381 1739 1456 1802 1485,
1473 1734 1548 1805 Orio.
1562 1736 1741 1789 Hammona.

447 1819 557 1875 neto.
576 1819 632 1874 Dic
648 1819 778 1874 Urkunde
789 1820 837 1874 deo
848 1819 980 1874 Palatino
992 1820 1112 1874 0110001
1129 1820 1166 1874 ist
1184 1821 1253 1874 auct
1267 1821 1456 1890 cinpeactoltct
1467 1837 1520 1876 oon
1531 1822 1591 1875 dm
1606 1822 1740 1876 Weissen-
1777 1822 1811 1876 10

448 1905 547 1974 burper
571 1904 686 1973 Rapiat
710 1909 778 1959 1405
801 1905 860 1959 und
883 1921 937 1960 oon
959 1905 1055 1975 Kdoiy
1078 1906 1252 1960 Wtadialouc
1276 1907 1320 1960 II.
1345 1911 1421 1974 1492,
1449 1906 1542 1978 00099.
1562 1907 1741 1963 Hermonnct.

447 1990 563 2058 Archiv,
592 1991 686 2059 fartor
714 2007 767 2046 oon
796 1992 856 2045 dem
885 1992 1156 2047 Kolcrcmonoctorcr
1186 1993 1313 2047 Kooocnt
1343 1997 1424 2060 1478,
1460 1992 1536 2063 0ri9.
1567 1993 1742 2050 Stodtarcdio

447 2077 653 2148 momentum.

499 2198 597 2254 Druck
613 2199 662 2253 der
685 2199 813 2255 Urkundc
831 2200 879 2254 dcc
896 2200 1027 2255 Palatino
1045 2200 1516 2256 Michoclooa1478:Kcrcattmi
1536 2201 1679 2272 conpeta.
1698 2203 1741 2256 de·

446 2286 560 2355 scriptio
578 2286 605 2353 Ι,
627 2290 688 2341 233.
715 2286 813 2340 Druck
836 2286 885 2340 der
907 2286 1036 2342 ortanae
1060 2287 1108 2342 dcc
1125 2286 1396 2341 Koloaanoaoatorcr
1413 2287 1568 2343 Konocntca
1584 2305 1638 2343 voa
1659 2293 1741 2343 1478:
1778 2289 1810 2341 15

447 2372 540 2427 Jatab
560 2371 711 2427 Oldeodltdr
729 2372 756 2440 Ι,
774 2375 799 2427 6.

1009 2614 1077 2699 94.

421 2783 530 2853 1261.
559 2781 712 2873 Stephon
733 2803 795 2852 rex
805 2781 1058 2871 ptimoymitos
1084 2780 1242 2872 60000191
1268 2782 1334 2853 den
1351 2780 1544 2853 Dcutsctca
1566 2804 1631 2853 oon
1652 2781 1743 2854 Deos

344 2900 400 2973 doe
426 2901 603 2974 00000600
619 2924 685 2974 oon
700 2902 819 2993 Kosa
835 2901 925 2974 Belo
943 2900 1012 2972 IV.
1040 2901 1253 2974 0001010000
1271 2900 1467 2973 Fraudata
1483 2902 1558 2972 uod
1574 2901 1742 2974 deotimmt

343 3021 400 3094 dic
430 3020 588 3094 Grcozca
612 3022 705 3095 itrcc
736 3021 899 3094 cht'ctes.
1776 3039 1812 3094 20

501 3184 576 3254 Oria.
589 3185 670 3255 Perq.
683 3183 858 3239 Stodtardtio
871 3184 951 3239 Dedo.
969 3184 1058 3255 810901
1075 3201 1135 3239 war
1153 3202 1191 3240 oo
1204 3190 1308 3255 90000·
1321 3184 1522 3240 &deuehar
1533 3184 1695 3255 onychdayt.
1708 3215 1742 3225 -

445 3271 502 3327 Do
518 3271 649 3328 Urkundc
665 3272 703 3326 iat
721 3273 792 3327 0006
808 3272 997 3342 0090000000
1013 3288 1067 3328 oon
1078 3272 1261 3342 116009Κο01
1278 3276 1355 3338 1310,
1376 3271 1452 3341 Oriy.
1471 3269 1648 3326 stromateo
1662 3271 1742 3326 Dedo.

497 3392 610 3448 Druck:
631 3393 744 3449 Tcotcct
760 3408 788 3447 u.
802 3392 963 3447 Fimhobcr
981 3391 1053 3448 Sicb.
1070 3393 1195 3461 00161,
1216 3397 1255 3448 73.
1278 3391 1588 3462 100000100000000.
1611 3392 1700 3460 VIII,
1716 3397 1742 3448 9.

445 3478 631 3534 Dcncuoioou
647 3478 815 3536 Documento
831 3483 891 3536 297.

503 3599 727 3670 Unoollotdndiq:
745 3599 868 3655 Srioullcr
885 3599 988 3654 Archiv
1005 3600 1031 3668 Ι,
1049 3603 1092 3655 65.
1118 3600 1205 3667 Fejor
1226 3599 1316 3656 Codex
1337 3599 1426 3668 VIII,
1447 3603 1529 3667 7,95.
1776 3599 1811 3654 25

498 3774 708 3859 stephanum)
738 3775 789 3840 dei
818 3776 919 3858 gratia
947 3794 1007 3839 rer
1036 3776 1267 3859 primogenitus
1296 3775 1429 3840 illustris
1462 3774 1545 3856 regis
1572 3773 1741 3857 vagasse,

343 3878 412 3942 dux
426 3876 656 3942 Transiluanus
679 3885 711 3942 et
733 3879 882 3943 dominus
898 3877 1115 3943 Cumanorum
1138 3879 1286 3943 omnibus
1298 3877 1414 3942 Christi
1429 3876 1576 3942 fidelibus
1590 3895 1742 3961 praesens

343 3982 497 4065 scriptum
518 3982 711 4065 inspecturis
733 3982 869 4047 solutam
890 3983 925 4045 in
940 3984 1083 4046 omnium
1098 3983 1264 4047 salvatore.
1280 3982 1332 4046 Ad
1348 3983 1574 4046 universorum
1595 3980 1741 4044 notitiam

342 4086 455 4149 harum
485 4086 566 4149 serie
595 4087 746 4151 volumus
775 4087 951 4169 pervenire,
983 4087 1069 4168 quod
1091 4087 1277 4151 accedentes
1303 4087 1344 4149 ad
1365 4093 1508 4150 nostram
1529 4086 1741 4169 praesentiam

342 4188 483 4272 hospites
516 4189 556 4253 00
584 4187 708 4254 Desvar
736 4194 883 4273 petentes
913 4208 933 4251 a
960 4189 1053 4252 nobis
1082 4190 1242 4253 humiliter
1271 4195 1304 4253 et
1334 4190 1462 4271 devote,
1492 4195 1530 4253 ut
1561 4189 1739 4253 libertatem
1774 4194 1810 4249 30

345 4310 456 4355 eorum
478 4292 590 4356 aBela
610 4292 772 4356 carissimo
795 4298 885 4376 patre
908 4298 1017 4356 nostro
1040 4299 1072 4357 et
1093 4300 1194 4357 metas
1221 4300 1378 4357 terrarum
1407 4292 1526 4357 eisdem
1554 4293 1743 4357 donatarum

343 4400 454 4459 nostro
477 4395 681 4479 dignaremur
703 4396 868 4479 privilegio
884 4395 1080 4461 confirmare.
1110 4395 1213 4473 Quam
1236 4396 1360 4460 obrem
1381 4397 1545 4480 proprium
1568 4401 1616 4461 est
1637 4397 1743 4480 regiae

342 4499 500 4563 maiestati
520 4498 669 4583 precibus
691 4500 945 4565 condescendere
967 4501 1177 4582 subditorum,
1193 4506 1230 4564 ut
1252 4518 1407 4563 numerus
1428 4497 1571 4562 fidelium
1587 4503 1742 4582 augeatm

342 4608 375 4667 et
396 4602 510 4684 regalis
532 4604 676 4687 potentio
696 4603 793 4667 latius
808 4604 1009 4685 extendatur,
1026 4603 1066 4667 ob
1085 4605 1145 4668 hoc
1160 4602 1452 4668 condescendentes
1466 4602 1614 4686 precibus
1630 4621 1741 4667 eorum

341 4705 521 4771 libertatem
550 4707 694 4790 ipsorum
722 4706 948 4772 inviolabiliter
978 4707 1123 4772 volentes
1152 4707 1332 4788 observare,
1354 4711 1392 4769 ut
1412 4726 1432 4769 a
1453 4702 1571 4769 iudicio
1593 4711 1626 4769 et
1646 4705 1741 4769 iuris-
1775 4712 1810 4767 35

343 4809 480 4874 dictione
502 4810 713 4874 vaivodarum
741 4812 894 4877 comitum
922 4813 962 4876 00
991 4811 1102 4875 Zonuk
1125 4831 1162 4875 ac
1182 4810 1387 4893 iobagionum
1410 4808 1505 4872 castri
1526 4809 1655 4892 penitus
1678 4810 1743 4873 sint

342 4913 493 4996 exempti
526 4931 585 4977 nec
614 4913 648 4976 in
678 4914 788 4979 eadem
817 4914 892 4979 villa
922 4916 1110 4980 descensum
1139 4914 1256 4978 habere
1285 4913 1414 4977 valeant
1443 4911 1495 4976 vel
1523 4914 1656 4996 possint
1686 4912 1742 4977 sed

341 5016 376 5079 in
397 5016 468 5080 loco
490 5019 644 5081 castrensi
667 5017 861 5082 descendant
882 5022 915 5082 et
936 5023 1181 5082 commorentur.
1204 5016 1320 5080 Omnia
1340 5016 1458 5080 iudicia
1479 5016 1513 5078 in
1536 5015 1646 5079 eadem
1665 5014 1742 5078 villa

342 5125 455 5184 exorta
484 5125 517 5184 et
544 5139 657 5185 causas
688 5127 915 5185 extraneonrm
945 5122 972 5185 si
1003 5139 1085 5204 quae
1114 5119 1184 5185 fieri
1214 5121 1409 5202 contingant,
1438 5119 1613 5201 latrocinia,
1646 5119 1741 5201 furta,

340 5221 518 5305 homicidia,
540 5224 757 5288 trtmcotiones
772 5244 943 5308 corporum
965 5230 998 5288 et
1012 5225 1074 5287 alia
1087 5224 1205 5288 iudicia
1218 5225 1252 5286 in
1268 5223 1386 5304 quibus
1400 5223 1492 5306 belia,
1507 5222 1740 5306 amputationes
1774 5227 1810 5282 40

341 5326 491 5409 capitum,
523 5327 742 5392 truncationes
774 5347 931 5392 manuum
963 5327 1199 5393 accidentaliter
1229 5327 1386 5413 oriuntur,
1416 5347 1453 5391 ac
1486 5326 1593 5390 omnia
1624 5326 1743 5391 iudicis

497 5460 518 5533 ¹)
540 5460 716 5534 Vertomaro
733 5460 847 5535 Scdro't't.
