4064 6288
969 621 1030 685 147

455 803 531 875 Θήρ.
549 805 631 875 Perq.
650 805 826 861 Stadtorcbie
839 806 919 862 Dete.
938 806 1027 877 Sieqel
1043 807 1126 874 eund,
1144 805 1342 861 Dureltmeeeer
1358 810 1376 861 4
1391 805 1558 876 centimeter,
1575 823 1635 861 wer
1647 808 1704 876 aut*

398 891 448 945 der
466 890 610 946 Rdckaeite
628 892 817 961 ausqedrtiekt.

451 1011 564 1066 Druck:
585 1012 697 1066 Teuteeb
721 1029 749 1066 u.
774 1013 936 1068 Firubeber
959 1013 1031 1069 see.
1055 1014 1137 1069 Urkb.
1156 1014 1182 1081 l,
1208 1017 1268 1068 136.
1292 1013 1401 1068 Weneel
1427 1013 1492 1068 Ged.
1516 1013 1624 1083 Arpcd·
1642 1014 1698 1082 IV,

399 1102 460 1154 268.
479 1097 680 1169 Scddeebarper
699 1099 863 1169 Propramm
882 1104 960 1167 1662,
978 1105 1020 1156 51.
1039 1101 1224 1155 Derieueicnu
1241 1099 1408 1154 Documente
1425 1104 1485 1155 453.

246 1281 264 1333 e
357 1354 365 1367 .
454 1274 522 1338 Nes
543 1274 708 1339 Rolandus
736 1276 873 1339 vaivods
900 1276 1154 1359 Transsiluanus,
1184 1295 1291 1340 comes
1321 1276 1360 1340 de
1390 1276 1502 1340 Zonuh
1529 1278 1700 1342 memoriae
1734 1297 1737 1302 ·

297 1377 556 1442 commendantes
572 1377 787 1461 significamus
803 1380 921 1462 quibus
936 1380 1067 1464 expedit
1081 1381 1241 1445 universis
1252 1381 1467 1463 praesentium
1478 1400 1536 1464 per
1547 1386 1699 1464 tenorem,

298 1481 386 1562 qued
414 1499 473 1544 nes
503 1481 644 1565 hospites
673 1483 713 1546 de
743 1483 820 1547 villa
840 1481 1012 1548 Deesvvaer
1042 1484 1219 1547 dimisimus
1242 1490 1274 1548 et
1302 1484 1492 1565 reliquimus
1513 1503 1699 1568 permanere

296 1582 427 1668 pacifice
448 1584 483 1646 in
505 1585 624 1650 eisdem
646 1585 854 1669 libertatibus,
878 1607 958 1669 ques
979 1588 1013 1650 in
1036 1587 1210 1671 privilegiis
1229 1587 1350 1650 domini
1365 1585 1515 1671 Stephani
1530 1588 1614 1670 regis
1629 1588 1699 1672 piae

297 1687 468 1752 memoriae
490 1693 523 1752 et
544 1688 665 1753 domini
686 1690 788 1754 nostri
807 1689 945 1754 Ladizlsi
968 1690 1068 1753 incliti
1092 1691 1175 1773 regis
1189 1690 1374 1773 Hungariae
1390 1709 1486 1774 super
1500 1689 1700 1754 libertatibus

229 1797 264 1852 10
298 1792 535 1876 praedictorum
556 1792 718 1877 hospitum
739 1794 892 1857 coniectis
913 1815 971 1879 per
993 1796 1121 1860 eosdem
1143 1796 1284 1880 hospites
1306 1794 1399 1857 nobis
1418 1793 1568 1857 exhibitis
1583 1798 1615 1857 et
1628 1813 1700 1878 per-

297 1895 388 1960 lectis
415 1895 542 1979 plenius
565 1896 705 1961 vidimus
727 1897 892 1979 contineri,
923 1900 1191 1980 quemadmodum
1221 1900 1316 1963 etiam
1346 1896 1543 1980 temporibus
1565 1898 1701 1961 aliorum

298 1999 506 2063 vaivedarum
529 1999 829 2063 lhanssiluanerum
851 2007 1090 2066 antecessorum
1109 2008 1302 2083 nostrorum
1325 2000 1409 2064 sicut
1422 2000 1457 2063 in
1472 2000 1574 2065 literis
1589 2006 1701 2085 paten-

298 2103 384 2167 tibus
407 2104 581 2168 eorundem
603 2105 681 2187 ipsis
703 2104 882 2188 hospitibus
905 2124 1002 2190 super
1022 2106 1084 2169 hec
1106 2105 1265 2170 concessis
1288 2110 1320 2169 ot
1341 2104 1435 2168 nobis
1454 2104 1603 2169 exhibitis
1625 2126 1701 2170 con-

298 2208 393 2271 tineri
415 2208 562 2290 udimus,
587 2207 662 2272 dicti
684 2208 824 2292 hospites
847 2210 881 2271 in
904 2210 971 2273 suis
985 2209 1186 2273 hbertatibus
1200 2228 1258 2293 per
1279 2208 1458 2293 praedictos
1472 2227 1564 2293 reges
1579 2209 1700 2273 eisdem

230 2318 263 2370 15
299 2311 459 2374 concessis
481 2317 578 2392 atque
601 2312 724 2375 traditis
747 2313 980 2396 dignoscuntur
1001 2314 1222 2397 permansisse,
1244 2313 1289 2375 ita
1312 2312 1468 2393 videlicet,
1492 2313 1578 2394 quod
1594 2333 1701 2378 cemes

298 2413 337 2477 de
360 2413 482 2493 Zonuk,
505 2413 561 2495 qui
583 2434 641 2498 pro
664 2421 806 2499 tempore
828 2436 959 2500 pernes
981 2417 1080 2480 tuerit
1094 2416 1287 2479 constitutus
1306 2415 1358 2479 vel
1374 2415 1517 2480 officialis
1532 2416 1601 2481 sive
1616 2418 1701 2481 vice·

298 2517 397 2580 iudex
426 2518 570 2581 eiusdem
599 2518 633 2580 in
665 2519 754 2583 nullo
785 2520 920 2584 articulo
950 2539 1120 2583 causarum
1150 2537 1355 2602 quecumque
1383 2520 1478 2583 modo
1508 2522 1593 2585 inter
1614 2522 1702 2606 ipsos

297 2620 438 2704 hospites
467 2621 706 2704 emergentiiun,
738 2622 868 2686 eosdem
896 2623 1002 2688 valeat
1030 2623 1171 2687 iudicare
1201 2621 1254 2687 vel
1284 2622 1488 2704 aliquatenus
1513 2625 1701 2709 perturbare

298 2729 410 2787 centra
431 2724 565 2788 formam
587 2724 826 2807 privilegiorum
848 2745 959 2810 regum
982 2729 1226 2813 praedictorum,
1259 2729 1316 2792 sed
1347 2747 1457 2792 omnes
1484 2747 1603 2793 caussasv
1617 2729 1702 2793 inter

228 2834 265 2889 20
298 2827 385 2911 ipses
415 2834 612 2910 emergentes
642 2828 768 2893 villicus
791 2848 911 2912 eorum,
943 2832 999 2913 qui
1020 2852 1078 2915 pro
1102 2840 1244 2917 tempore
1273 2852 1331 2917 per
1356 2832 1484 2897 eosdem
1508 2834 1702 2898 constitutus

298 2932 405 3015 fuerit,
427 2932 588 2995 iudicandi
609 2930 742 2996 hbersm
764 2938 797 2997 et
819 2952 964 2997 securam
985 2934 1114 2998 habebit
1135 2936 1327 3000 facultatem
1358 2935 1391 3000 Si
1414 2954 1490 2999 vere
1513 2936 1639 3001 villicus
1653 2937 1701 3021 ip

299 3055 411 3099 sorum
433 3034 594 3118 aliquibus
616 3037 778 3100 exhaneis
799 3037 952 3101 iustitiam
979 3037 1083 3103 facere
1109 3039 1289 3123 denegaret,
1319 3059 1362 3103 ex
1385 3045 1463 3104 tune
1485 3041 1553 3124 ipse
1575 3040 1702 3104 villicus

299 3138 339 3201 ad
366 3138 486 3220 regiam
516 3137 569 3202 vel
599 3140 638 3202 ad
668 3144 810 3204 nostram
839 3142 1051 3224 praesentiam
1081 3161 1178 3226 super
1205 3143 1267 3207 hoc
1297 3148 1459 3226 evocetur,
1489 3149 1527 3207 ut
1553 3144 1702 3209 omnibus

300 3240 540 3323 querelantibus
569 3241 609 3305 de
636 3242 747 3307 eodem
769 3263 827 3328 per
849 3245 1014 3308 deminum
1036 3265 1144 3329 regem
1166 3246 1218 3309 vel
1239 3266 1379 3330 pernes
1401 3247 1541 3311 institiae
1563 3247 1701 3332 comple-

228 3352 263 3406 25
299 3349 444 3408 mentum
466 3345 578 3408 ordine
607 3345 772 3410 iudiciario
795 3347 1006 3431 impendatur.
1043 3347 1163 3414 Datum
1191 3351 1226 3413 in
1248 3348 1427 3431 Deeswaer,
1459 3352 1493 3413 in
1515 3350 1597 3415 festo
1617 3351 1702 3415 beati

299 3448 437 3512 Thomas
460 3448 605 3532 apostoli,
628 3468 712 3512 anne
736 3449 856 3513 domini
878 3429 919 3515 ll.
945 3430 1004 3516 CC.
1028 3454 1243 3536 octuagesimo
1267 3459 1390 3534 quarto.

956 3761 1050 3852 208.

377 3930 493 4002 1284.
526 3924 717 4020 Elisabeth,
744 3928 1063 4024 Kdeiqe'u-Matter,
1090 3930 1233 4003 cerleiht
1253 3930 1459 4018 lheedouec,
1487 3927 1614 4020 Propst
1634 3950 1699 4000 ven

300 4051 577 4124 Heracome-stadt
602 4053 677 4123 wad
701 4052 821 4125 descen
845 4053 990 4125 Bruder
1006 4051 1196 4123 Ledieloue
1223 4051 1279 4123 die
1305 4050 1537 4141 Besiteaogec
1562 4049 1702 4121 Deeucb

230 4189 267 4243 30
301 4173 376 4244 uad
399 4171 547 4265 Ztoepeu

458 4336 570 4391 Druck.-
600 4336 709 4392 Weueet
729 4336 794 4391 Ood.
819 4337 927 4405 Arpcd.
946 4336 1002 4404 IV,
1026 4339 1079 4391 266
1103 4335 1175 4390 acolt
1197 4334 1257 4389 dem
1283 4332 1359 4403 Orio.
1384 4332 1487 4388 Archiv
1509 4332 1559 4386 der
1583 4331 1705 4386 Familie

406 4421 542 4492 Kubinyi.

459 4594 646 4683 [Ellisabeth
655 4597 676 4677 1)
700 4600 750 4664 dei
773 4600 873 4683 gratia
899 4599 1002 4663 maier
1026 4598 1138 4683 regina
1158 4595 1352 4680 Hungariae,
1379 4595 1507 4658 ducissa
1528 4594 1567 4658 de
1589 4594 1703 4657 Mache

303 4706 336 4765 et
358 4701 397 4764 de
419 4700 537 4783 Bozna,
560 4703 720 4767 universis
743 4702 858 4767 Christi
880 4702 1029 4767 fidelibus
1051 4707 1250 4785 praesentem
1272 4699 1419 4783 paginam
1441 4698 1634 4781 inspecturis
1656 4716 1706 4761 sa-

233 4812 269 4865 35
305 4803 405 4868 lntem
419 4805 454 4867 in
470 4805 612 4868 omnium
627 4806 793 4871 salvatore.
818 4804 986 4891 [Dlevotae
995 4807 1016 4883 ¹)
1032 4804 1194 4868 fidelitatis
1205 4803 1310 4867 studia
1321 4802 1426 4885 dignis
1440 4801 1545 4867 solent
1558 4801 1707 4885 praemiis

303 4908 504 4991 compensari
518 4914 551 4972 et
561 4909 703 4973 fructum
714 4910 876 4993 percipere
888 4910 922 4972 in
937 4909 1065 4974 laudem
1077 4913 1110 4973 et
1120 4907 1253 4991 gloriam
1267 4906 1489 4990 praemiorum.
1513 4901 1676 4988 [Phoinde
1685 4903 1706 4982 ¹)

303 5010 343 5073 ad
365 5011 591 5075 universorum
614 5013 758 5076 notitam
782 5018 892 5077 tenere
915 5013 1131 5096 praesentium
1151 5010 1302 5073 volumus
1323 5008 1500 5093 pervenire,
1523 5007 1707 5089 quodcum

303 5113 419 5178 nobilis
449 5120 482 5179 et
511 5114 668 5179 discretus
690 5116 741 5177 vir
766 5117 917 5199 magister
938 5116 1123 5179 Theodorus
1153 5113 1353 5198 praepositus
1375 5111 1585 5193 Zybiniensis,
1615 5110 1707 5173 aulae

303 5218 424 5281 demini
438 5216 577 5282 Ladizlai
591 5218 693 5282 inchti
714 5220 799 5302 regis
820 5219 1006 5302 Hungariae
1022 5218 1176 5282 carissimi
1198 5216 1255 5279 filii
1277 5215 1378 5279 nestri
1393 5214 1538 5277 notarius
1553 5213 1708 5297 specialis,

231 5328 269 5382 40
303 5321 407 5385 eidem
436 5321 564 5385 demine
595 5323 662 5405 regi
690 5322 757 5405 iugi
790 5322 935 5386 laborum
965 5322 1146 5403 frequentia
1175 5320 1312 5383 fidehter
1340 5317 1486 5382 servierit
1517 5322 1549 5381 et
1583 5317 1708 5399 devote,

460 5492 481 5561 ¹)
498 5490 592 5547 Mum
607 5492 659 5560 site
676 5491 730 5545 deu
747 5491 1046 5562 Ansamebuebstaben
1063 5491 1117 5546 leet
1133 5489 1267 5561 miceam.

1557 5590 1605 5646 10·
