4084 6302
935 599 999 661 449

888 686 1042 694 ᾨ-

923 784 1020 867 493.

348 946 571 1018 usurarum
601 949 701 1018 1331
728 946 918 1019 November
949 954 982 1019 6.
1034 948 1151 1020 Comes
1176 948 1269 1021 Dera
1295 951 1369 1024 und
1394 952 1450 1022 dle
1476 951 1666 1022 1161611616-

269 1066 487 1138 mollerone
514 1067 711 1159 Kokelharq
738 1069 912 1160 1666119611,
949 1070 1030 1140 does
1055 1068 1246 1142 Lodislaus
1280 1071 1354 1143 und
1381 1071 1582 1143 Dominieue
1613 1072 1669 1142 die

270 1186 381 1259 Silone
407 1188 466 1259 des
485 1189 585 1260 Bous
604 1187 722 1260 Simon
748 1191 786 1261 in
804 1189 938 1262 Saoheu
964 1191 1027 1262 der
1044 1189 1311 1282 Hatmrqrenae
1341 1192 1506 1263 6161661166
1523 1191 1669 1283 Szdplot

216 1327 233 1378 5
268 1309 342 1379 und
362 1308 559 1399 Hederfdjo
585 1304 821 1400 eoryofordert
847 1311 964 1398 1161166,
992 1312 1066 1382 und
1092 1312 1173 1383 desa
1202 1311 1349 1384 Thomas
1376 1311 1531 1384 Nemone
1557 1314 1669 1385 6611161

267 1428 411 1501 Brtider
437 1430 503 1501 den
529 1430 632 1520 Gany
658 1430 720 1500 der
750 1430 883 1502 dronae
910 1432 1099 1523 anqeqebeu
1126 1434 1195 1504 1161.

424 1575 583 1643 Ahochrist:
600 1575 723 1645 Kemiuy
740 1575 864 1645 Diplom.
882 1577 909 1645 I,
926 1582 979 1632 316
997 1579 1068 1633 noch
1085 1579 1134 1633 der
1151 1579 1504 1650 Beqlauhiqunqsurluude
1522 1579 1569 1633 dea
1590 1579 1666 1633 Vire-

371 1663 520 1716 woiwodeu
531 1662 686 1716 Ladialaue
702 1678 756 1716 uon
772 1667 849 1730 1343,
867 1664 1057 1733 duoerehaltet
1074 1680 1127 1719 von
1145 1666 1205 1719 deur
1221 1665 1446 1735 Wdeaenburqer
1457 1664 1572 1734 Kapitel
1590 1669 1667 1732 1343,

373 1749 528 1818 1691661191
545 1749 578 1801 in
595 1748 681 1803 616661
698 1748 864 1803 Horrescit
881 1767 934 1804 aaa
952 1750 1012 1805 dun
1029 1750 1117 1806 Jeme
1135 1755 1213 1806 1763.

203 1910 236 1964 10
426 1905 493 1970 Nos
515 1907 665 1988 magister
686 1905 768 1970 Ders
790 1927 897 1971 comes
920 1908 959 1972 (16
980 1907 1132 1991 Kartalo,
1162 1908 1349 1974 Dominieus
1374 1909 1461 1974 filius
1486 1911 1614 1975 Vasater
1636 1915 1669 1974 et

271 2005 378 2090 Opper
403 2006 490 2072 filius
512 2007 648 2073 ladislai
676 2010 799 2075 iudices
822 2011 976 2075 nobilium
1007 2012 1046 2075 de
1069 2012 1181 2077 eodem
1203 2015 1355 2077 comitatu
1378 2014 1490 2077 dantes
1522 2033 1579 2097 pre
1601 2033 1668 2078 me-

271 2110 371 2173 moria
393 2110 608 2194 significamus
632 2113 749 2195 quibus
771 2114 901 2197 expedit
923 2116 1083 2179 universis
1101 2117 1316 2199 praesentium
1332 2135 1389 2200 per
1404 2122 1557 2200 tenorem,
1581 2116 1668 2198 quod

271 2233 344 2277 cunr
360 2212 524 2279 ladislaus
546 2221 578 2279 et
592 2215 779 2280 Dominicus
800 2217 857 2280 fflii
872 2216 1031 2281 Dominici
1053 2238 1150 2301 super
1172 2219 1398 2283 constitutione
1414 2226 1570 2284 metarum
1584 2223 1668 2284 inter

273 2316 377 2379 villam
391 2317 524 2401 Szeplalr
539 2325 571 2383 et
586 2320 693 2383 villam
706 2319 878 2403 Hederfaja
892 2322 1098 2385 existentium
1110 2321 1305 2404 Michaelem,
1319 2322 1480 2403 Thomam,
1496 2323 1668 2407 Georgium

206 2429 236 2477 13
272 2426 304 2483 61
318 2420 485 2484 Nicolaum
508 2422 590 2485 fflios
605 2423 743 2487 Simonis
765 2423 840 2487 bani
862 2425 902 2487 ad
926 2431 1066 2489 nostram
1089 2424 1229 2508 legitime
1251 2425 1462 2508 praesentiam
1481 2431 1669 2490 evocassent

271 2530 304 2585 et
325 2522 380 2586 diu
402 2524 486 2587 inter
509 2544 563 2588 eos
586 2526 668 2590 dicta
691 2547 787 2591 causa
802 2529 955 2592 ventilata
976 2529 1158 2611 exstitisset,
1182 2528 1310 2592 tandem
1331 2528 1466 2592 Michael
1488 2528 1668 2613 praedictus

271 2633 304 2688 et
325 2626 477 2690 Nicolaus
507 2629 569 2690 iam
600 2631 737 2713 scriptus
766 2650 824 2714 pro
847 2650 882 2694 66
905 2636 937 2694 61
958 2650 1015 2714 pro
1037 2629 1200 2695 Demetrio
1224 2651 1261 2694 ac
1282 2630 1403 2695 Iacobo
1426 2632 1578 2696 iratribus
1601 2634 1669 2697 suis

271 2729 449 2794 iunioribus
471 2732 541 2795 vioe
564 2737 596 2795 et
618 2734 747 2796 nomine
769 2735 910 2817 ipserum
934 2734 1072 2798 eundem
1093 2734 1245 2797 Thomam
1275 2734 1404 2798 fratrem
1426 2735 1568 2818 ipsorum
1591 2755 1667 2799 oon-

272 2833 445 2897 stituerunt
467 2834 506 2897 ad
530 2836 705 2917 praedictas
728 2844 828 2900 metas
851 2838 1041 2901 condendas.
1076 2836 1137 2914 Qui
1161 2838 1290 2919 quidem
1305 2838 1439 2902 Thomas
1461 2840 1546 2922 ipsas
1568 2846 1668 2903 metas

203 2941 237 2995 ‘20
273 2937 381 3000 condit
396 2956 433 3001 eo
449 2938 553 3018 modo,
576 2940 659 3002 utin
677 2940 844 3023 superficie
859 2943 976 3004 montis
992 2940 1100 3004 condit
1115 2947 1180 3004 tres
1195 2946 1295 3003 metas
1312 2945 1439 3021 terreas,
1462 2942 1538 3005 item
1555 2960 1669 3005 versus

270 3045 393 3122 partem
416 3040 651 3104 meridionalem
676 3042 896 3106 descendendo
915 3043 1100 3107 submonte
1123 3063 1224 3106 unum
1245 3043 1360 3125 lacum,
1385 3062 1481 3125 quern
1495 3045 1555 3127 ipsi
1569 3043 1669 3108 Kutfo

272 3143 440 3226 appellant,
463 3143 578 3207 abinde
601 3163 714 3208 versus
729 3144 869 3209 Kukuhe
893 3146 1011 3210 directe
1027 3146 1243 3210 vicinitatibus
1259 3147 1356 3209 trium
1372 3146 1506 3227 viarum,
1530 3166 1666 3229 quarum

271 3267 337 3310 una
365 3248 418 3310 ria
447 3249 580 3311 veniens
611 3248 649 3311 (16
672 3247 852 3331 Hederiaja,
883 3249 983 3313 altera
1004 3269 1081 3313 vero
1104 3247 1244 3331 Szaszut,
1274 3249 1367 3312 tertia
1394 3253 1501 3312 autem
1523 3249 1576 3312 ria
1598 3248 1669 3312 des-

272 3352 411 3415 cendens
441 3350 480 3414 (16
510 3349 643 3434 Szeplah
670 3350 797 3432 directe,
830 3351 915 3416 idem
943 3353 1078 3416 Thomas
1107 3371 1164 3435 pro
1187 3356 1272 3415 meta
1301 3352 1419 3431 condit,
1448 3370 1506 3435 per
1534 3350 1669 3415 eandem

205 3457 239 3511 25
273 3459 435 3536 praeterea
457 3453 542 3516 viam
564 3472 712 3536 magnam
735 3473 839 3537 usquo
862 3454 901 3517 ad
924 3454 1000 3519 litus
1022 3455 1173 3536 Koralla,
1197 3455 1251 3519 ubi
1273 3456 1365 3518 iuxta
1387 3454 1606 3518 molendinum
1629 3454 1668 3517 de

273 3555 383 3618 Bahna
391 3556 412 3635 ¹)
435 3558 597 3637 transitur,
619 3556 754 3620 Thomas
769 3576 862 3640 saepe
886 3557 990 3621 dictus
1006 3578 1062 3641 pro
1086 3565 1170 3622 meta
1192 3558 1367 3640 assignavit
1381 3564 1504 3641 partem
1526 3558 1668 3641 praedio-

273 3663 376 3722 tarum
400 3666 556 3723 metarum
587 3660 626 3722 de
648 3666 738 3743 parte
761 3662 891 3724 orientis
913 3663 1103 3726 existentem
1136 3662 1175 3724 ad
1202 3662 1435 3744 possessionem
1457 3660 1590 3744 Saeplak
1613 3680 1670 3723 vo·

272 3769 372 3825 catam
402 3764 571 3846 pertinere,
601 3769 723 3846 partem
746 3782 822 3826 vero
855 3763 894 3827 (16
924 3772 1013 3848 parte
1036 3764 1209 3829 occidentis
1240 3764 1277 3826 ad
1301 3763 1473 3845 HederfaJ'a
1495 3763 1669 3846 assignavit

272 3870 305 3929 61
334 3866 423 3946 dixit,
454 3868 540 3948 quod
570 3866 630 3949 ipsi
659 3865 715 3929 filii
740 3866 876 3930 Simonis
906 3866 981 3929 bani
1012 3871 1044 3930 et
1073 3867 1124 3930 sui
1154 3866 1412 3949 praedecessores
1434 3866 1467 3928 in
1492 3866 1576 3929 dieta
1596 3885 1670 3948 pos-

203 3973 239 4027 30
273 3971 413 4032 sessione
444 3969 576 4053 Szeplak
607 3988 710 4050 usque
740 3970 917 4052 praedictos
946 3969 1170 4054 possedissent.
1215 3968 1333 4033 Datum
1363 3970 1396 4032 in
1428 3968 1561 4050 Csavas,
1591 3970 1670 4032 feria

274 4078 388 4153 quarta
402 4073 549 4155 proxima
563 4079 635 4156 post
650 4072 766 4135 festum
790 4074 932 4136 omnium
948 4078 1141 4155 sanctorum,
1164 4092 1248 4135 anno
1272 4073 1392 4136 domini
1413 4071 1581 4135 millesimo
1606 4076 1668 4135 tre·
1795 4074 1797 4079 ’

273 4177 445 4239 centesimo
469 4177 627 4239 tricesimo
650 4177 760 4259 primo.

919 4434 1016 4515 4114.

350 4601 450 4670 1331
475 4597 661 4669 December
682 4602 734 4667 11.
763 4597 879 4687 Kenio
902 4597 997 4667 Karl
1022 4597 1180 4687 bestdtiqt
1206 4596 1261 4666 dle
1280 4593 1391 4701 (3311116
1418 4593 1476 4664 des
1500 4592 1670 4664 1111161666

204 4734 239 4787 35
273 4741 338 4790 uon
364 4719 588 4791 1166616611(
614 4717 724 4789 ihrem
750 4717 904 4789 orechten
930 4717 1154 4789 Besiizthum.

429 4880 541 4934 Druck:
559 4880 645 4947 Fejcr
659 4879 749 4935 Oodeoe
765 4879 854 4946 VIII,
871 4883 897 4946 3,
915 4884 970 4934 527
985 4880 1055 4933 uach
1072 4879 1121 4933 der
1139 4874 1491 4947 Beqlaueiqoaqrarkunde
1508 4873 1556 4927 (166
1570 4872 1668 4928 (116116-

375 4968 530 5022 wurdoiner
547 4967 676 5035 Kapilela
699 4982 753 5021 voa
771 4970 839 5020 1343
862 4966 894 5020 iu
921 4965 1052 5020 Oornidea
1070 4964 1217 5019 Manuahr.
1242 4962 1312 5029 VII,
1336 4965 1379 5016 68.
1401 4990 1436 5000 -
1459 4959 1575 5013 Kolone
1593 4959 1670 5014 Hira

376 5054 437 5109 crit.
460 5053 548 5120 VIII,
567 5057 626 5109 659.

430 5212 563 5277 Carolus
585 5260 713 5275 .....
736 5209 819 5287 Quia
833 5209 952 5293 regiam
968 5209 1059 5274 decet
1074 5208 1269 5273 maiestatem
1286 5207 1542 5287 uniuscuiusque
1557 5204 1670 5268 merita

204 5323 240 5377 40
274 5336 332 5400 pro
362 5316 457 5380 modo
488 5336 565 5380 suae
595 5315 757 5398 qualitatis
786 5315 892 5378 animo
923 5312 1027 5376 metiri
1056 5312 1190 5395 pietatis,
1220 5312 1332 5392 ethis,
1364 5328 1446 5392 quos
1473 5326 1569 5391 opera
1592 5326 1669 5370 suae

429 5455 451 5522 ¹)
474 5451 607 5522 Vorlooe:
624 5451 720 5505 Barna

377 5569 570 5615 urkundenbuch.
1533 5546 1567 5600 29
