4048 6284
1021 604 1063 667 28

963 691 1117 699 -.-—-—-

341 789 446 853 medio
468 790 592 855 animae
617 796 743 855 nostrae
770 810 828 874 per
855 790 981 857 fidelem
1011 813 1048 856 ae
1078 793 1228 858 dilectum
1259 798 1406 856 nostrum
1427 792 1637 856 Benedictum
1669 797 1748 855 tunc

343 892 493 976 temporis
516 894 684 957 vaivodam
706 895 860 975 assignari
888 897 1048 960 facientes.
1090 890 1176 961 Meta
1197 916 1274 960 vero
1295 897 1392 959 huius
1415 902 1517 959 terrae
1540 895 1695 977 incipiens
1729 915 1748 958 a

341 995 441 1060 fluvio
457 996 520 1075 Art,
543 995 598 1060 ubi
612 996 685 1061 finis
707 1004 756 1062 est
777 1000 944 1063 cuiusdam
965 1000 1090 1064 insulae
1112 999 1254 1071 ascendit
1272 1019 1330 1083 per
1344 999 1492 1084 paludem
1517 1018 1599 1080 quae
1615 1005 1748 1062 vocatur

341 1098 544 1182 Eguerpotalr
560 1120 663 1181 usque
680 1102 770 1185 fagos
793 1122 874 1184 quae
897 1103 1049 1167 dicuntur
1063 1104 1207 1187 Nogebilr
1229 1110 1261 1168 et
1283 1104 1317 1167 in
1338 1102 1402 1167 fine
1425 1104 1580 1166 dictarum
1603 1103 1747 1187 fagorum

343 1202 428 1266 cadit
449 1204 483 1265 iu
505 1203 646 1267 rivulum
669 1207 725 1286 qui
748 1206 863 1271 dicitur
880 1208 985 1290 Arpas
1007 1214 1039 1271 et
1061 1208 1178 1271 exinde
1200 1226 1258 1292 per
1279 1208 1416 1272 eundem
1439 1206 1580 1270 rivulum
1603 1207 1746 1271 aseendit
1798 1214 1815 1265 5

343 1326 448 1388 usque
462 1306 549 1390 alpes
564 1314 596 1371 et
610 1328 668 1392 per
682 1309 770 1393 alpes
785 1311 918 1374 veniens
933 1330 1047 1375 versus
1062 1311 1233 1375 abstrdam
1252 1312 1377 1396 plagam
1400 1311 1563 1374 descendit
1584 1311 1616 1373 in
1641 1311 1747 1373 rivum

345 1411 401 1492 qui
416 1411 533 1474 dicitur
547 1411 675 1476 Kurcbz
690 1421 723 1478 et
737 1434 794 1498 per
809 1416 947 1478 eundem
962 1416 1068 1478 rivum
1083 1416 1172 1478 venit
1185 1416 1218 1478 in
1231 1414 1367 1478 lluvium
1382 1415 1438 1478 Alt
1449 1421 1481 1479 et
1493 1416 1538 1478 sic
1551 1415 1747 1479 terminatur.

344 1514 389 1579 Ut
403 1520 509 1578 autem
532 1516 629 1580 huius
645 1524 772 1581 nostrae
788 1517 1036 1582 confirmationis
1052 1520 1149 1583 series
1165 1519 1253 1582 salva
1268 1539 1392 1603 semper
1411 1526 1443 1583 et
1464 1520 1654 1582 inconcussa
1676 1537 1747 1602 per-

343 1628 478 1699 maneat
507 1628 705 1704 praesentem
734 1623 949 1686 concessimus
978 1625 1124 1706 paginam
1154 1623 1248 1705 sigilli
1279 1624 1378 1686 noshi
1408 1623 1583 1686 munimine
1613 1622 1646 1685 in
1677 1643 1748 1706 per-

343 1730 475 1807 petuum
507 1724 694 1788 roboratam.
742 1725 860 1791 Datum
891 1746 948 1810 per
977 1747 1091 1791 manus
1118 1727 1197 1791 Cleti
1227 1727 1319 1791 aulae
1349 1732 1477 1790 nostrae
1506 1726 1684 1790 cancellarii
1715 1732 1747 1789 et
1785 1730 1817 1784 10

342 1828 507 1911 Agriensis
529 1829 708 1911 praepositi,
725 1850 808 1893 anno
833 1832 1008 1896 dominicae
1030 1832 1257 1895 incametionis
1279 1831 1446 1894 millesimo
1463 1830 1536 1894 00⁰.
1560 1829 1651 1893 XX0.
1673 1830 1746 1907 111⁰,

343 1931 552 2015 strigoniensi
575 1933 649 1997 sede
672 1939 813 2009 vacante,
844 1936 1020 1999 reverendo
1043 1935 1177 2017 Wgn'no
1201 1935 1366 1998 colocensi
1396 1934 1630 2018 archiepiscopo
1661 1934 1747 1997 exis·

344 2043 440 2117 iente,
469 2034 634 2100 Desiderio
663 2036 881 2115 Chenadiensi,
911 2038 1050 2102 Roberto
1077 2038 1315 2121 vesprimiensi,
1345 2037 1504 2121 Stephano
1535 2039 1746 2121 Zagrabiensi‚

342 2140 461 2204 Thoma
482 2141 639 2223 Agriensi,
668 2142 792 2206 Briccio
816 2142 973 2221 Vaciensi,
995 2140 1197 2206 Bartolomeo
1221 2141 1562 2223 Quinqueeoelesiensi,
1584 2141 1747 2225 Regnaldo

343 2243 559 2308 Vitrasiluauo
582 2253 614 2308 et
636 2245 705 2308 aliis
727 2246 883 2329 episcopis
905 2245 1054 2309 eeclesias
1077 2245 1127 2309 dei
1149 2245 1409 2328 gubernantibus.
1439 2245 1516 2310 Jula
1544 2245 1683 2329 palatino
1713 2252 1746 2309 et
1783 2251 1815 2302 15

343 2349 457 2411 comite
472 2348 693 2432 Budrogiensi‚
716 2348 881 2413 Salamone
897 2349 988 2429 bano,
1011 2348 1141 2412 Nicolao
1157 2349 1266 2414 curiali
1290 2351 1404 2414 comite
1427 2350 1554 2432 reginae
1577 2355 1609 2413 et
1631 2349 1747 2413 comite

344 2451 563 2535 Supruniensi,
585 2453 684 2517 Botez
703 2453 794 2517 arulae
816 2460 943 2518 nostrae
966 2454 1077 2517 curiali
1099 2454 1213 2517 comite
1237 2460 1269 2518 et
1290 2454 1405 2517 comite
1420 2454 1614 2534 Belresieusi,
1637 2454 1747 2517 Burad

344 2556 541 2638 Posoniensi,
556 2556 693 2620 Martino
709 2556 918 2639 Musuniensi,
940 2556 1116 2622 laurencio
1131 2558 1338 2640 Wyuariensi
1360 2565 1392 2621 et
1413 2559 1483 2622 aliis
1505 2558 1674 2622 comitibus
1696 2577 1749 2621 co·

345 2660 476 2723 mitatus
499 2661 690 2725 tenentibus.
726 2660 829 2745 Regni
851 2668 959 2726 autem
980 2663 1082 2726 nosti
1104 2681 1188 2726 anno
1212 2662 1373 2746 vigesimo.

1014 2955 1080 3039 39.
1237 3011 1239 3016 ·
1783 2976 1818 3030 eo

424 3119 514 3191 Rom
540 3121 589 3191 im
615 3119 773 3192 Lotcron
800 3122 903 3190 1224
931 3119 1036 3211 April
1056 3122 1119 3191 30.
1147 3120 1257 3210 Popst
1283 3118 1460 3191 Honorius
1483 3118 1561 3189 ΙΙΙ.
1591 3117 1749 3189 armabat

346 3241 403 3313 dic
433 3239 667 3314 Geietliclrteit
701 3240 776 3313 uod
799 3240 1038 3333 Beodlkcruop
1069 3238 1127 3313 des
1153 3241 1415 3313 Bersabeae
1448 3263 1527 3311 eum
1558 3236 1748 3311 Getcrsom

343 3385 451 3454 papea
477 3363 544 3435 dea
569 3362 836 3435 Bersabeae
861 3361 995 3434 Delma.

503 3527 629 3597 Resistet·
650 3527 859 3582 Vatiltoaiscbcs
877 3526 987 3581 Ambio.

502 3647 613 3702 Druck:
633 3649 719 3716 chtr
739 3648 829 3704 Codes
846 3648 898 3716 111,
917 3653 941 3714 1,
959 3652 1019 3703 453.
1038 3647 1161 3703 acaum
1173 3647 1276 3701 Ambio
1292 3646 1315 3713 Ι,
1332 3650 1391 3700 235.
1415 3646 1527 3699 Testari
1545 3663 1572 3698 u.
1586 3645 1746 3699 Firnhobcr
1784 3644 1817 3697 25

451 3734 522 3789 sao.
546 3735 670 3803 Urlcb.1,
693 3740 735 3791 25.
766 3736 827 3791 Alie
850 3736 1014 3790 Gemanica
1037 3734 1148 3789 dotiren
1171 3734 1244 3788 dicae
1270 3733 1414 3789 Urkunde:
1444 3732 1475 3785 V.
1495 3731 1640 3786 Kalendas
1663 3731 1749 3785 Maii.

454 3821 569 3875 llaeiner
587 3820 665 3875 Mos.
684 3821 780 3891 Hesp.
798 3821 822 3889 1,
839 3826 882 3876 51.
910 3822 1094 3876 Deasueiana
1112 3821 1278 3875 Documm
1295 3824 1339 3874 88.

502 3942 615 4012 Repeti:
633 3942 759 3996 Pottbost
778 3942 895 4012 Reperio
912 3943 967 3996 Nr.
989 3946 1063 3997 7229.
1083 3941 1227 4011 Pctteneqy
1249 3940 1400 4024 Urkaadca
1416 3943 1459 3994 28.

501 4117 667 4184 Honorius
689 4120 857 4204 episcopus
879 4169 978 4184 .....
1002 4118 1125 4183 dilectis
1145 4117 1220 4182 liliis
1242 4160 1276 4180 ..
1299 4115 1575 4200 archipresbytero
1604 4120 1638 4180 et
1665 4115 1750 4180 clero

345 4241 382 4285 ac
396 4222 516 4305 populo
539 4229 641 4287 terrae
655 4222 741 4288 Boze
763 4229 796 4289 et
816 4224 903 4288 ultra
923 4228 1049 4287 montes
1071 4223 1194 4286 nivium
1217 4221 1354 4286 salutmn
1376 4269 1504 4283 .....
1529 4218 1687 4295 Quantam
1709 4218 1749 4283 de
1785 4221 1820 4277 30

346 4325 438 4389 vobis
467 4345 615 4409 geramus
647 4327 893 4392 sollicitudinem
923 4333 956 4391 et
986 4332 1106 4408 quanto
1138 4325 1253 4390 affectu
1282 4325 1323 4388 ad
1352 4324 1584 4387 incrementum
1607 4329 1750 4387 veebum

346 4448 383 4492 ac
406 4429 668 4512 tranquillitatem
691 4438 724 4495 et
745 4433 947 4496 commodum
970 4431 1183 4510 intendamus,
1206 4449 1248 4492 er
1271 4448 1309 4493 eo
1332 4428 1465 4510 potestis
1487 4427 1635 4510 colligere
1650 4426 1750 4489 mani-

346 4532 435 4614 feste,
460 4534 547 4614 quod
569 4554 628 4598 vos
650 4541 683 4599 et
704 4542 822 4599 terram
838 4542 977 4599 vestram
998 4536 1033 4597 in
1054 4534 1106 4597 ius
1121 4539 1154 4597 et
1176 4533 1400 4616 proprietatem
1416 4530 1567 4594 ecclesiae
1588 4529 1750 4593 Romanae

345 4640 544 4724 suscepimus
568 4646 601 4704 et
622 4639 822 4705 libertatibus
842 4638 1008 4702 nonnullis
1030 4638 1213 4702 curavimus
1235 4636 1441 4713 communire,
1462 4634 1545 4698 siout
1559 4633 1750 4717 apostolieae
1925 4714 1927 4718 Α

345 4743 465 4825 literae,
489 4764 569 4826 quas
593 4744 765 4827 superbiis
780 4742 904 4808 dilectis
925 4742 998 4806 filiis
1014 4787 1023 4804 .
1039 4786 1048 4805 .
1065 4742 1215 4825 magistro
1231 4746 1264 4804 et
1278 4738 1429 4802 iratribus
1443 4736 1607 4820 hospitalis
1622 4741 1750 4799 sanctae
1785 4740 1819 4793 35

345 4845 464 4909 Mariae
486 4845 731 4910 'l'eotonicorum
752 4846 1002 4912 derosolimitani
1026 4846 1163 4909 dominis
1196 4845 1297 4908 dictae
1320 4849 1423 4906 terrae
1446 4840 1672 4921 concessimus
1694 4858 1753 4902 ros

350 4955 504 5033 poterunt
525 4950 652 5033 plenius
675 4950 815 5015 edocere.
838 4950 1008 5015 Monemus
1022 4950 1120 5033 igitur
1133 4949 1375 5014 universitatem
1390 4950 1529 5010 vestram
1544 4950 1576 5007 et
1589 4943 1754 5006 hortamur

347 5054 381 5116 in
406 5053 534 5117 domino
557 5073 614 5137 per
636 5053 810 5137 apostolica
840 5054 931 5117 robis
954 5054 1072 5136 scripta
1095 5053 1292 5131 mandantes,
1316 5057 1477 5132 quatenus
1499 5048 1582 5111 sicut
1603 5046 1754 5110 ecelesiae

354 5157 516 5221 Romanae
538 5156 594 5220 filii
618 5158 769 5242 speciales
792 5157 831 5222 de
846 5158 947 5241 gratia
968 5162 1078 5220 nostra
1099 5162 1132 5219 et
1153 5156 1262 5218 favore
1285 5154 1389 5218 securi
1402 5153 1472 5233 hiis,
1495 5170 1577 5233 quae
1592 5149 1633 5213 ad
1655 5149 1755 5212 divini

347 5262 486 5325 nominis
508 5261 630 5325 cultum
654 5268 685 5325 et
708 5261 924 5325 dilatationem
946 5261 1107 5343 pertinent
1121 5258 1232 5343 populi
1247 5256 1425 5338 Christiani,
1441 5261 1508 5319 tota
1529 5253 1751 5333 sollicitudine,
1785 5256 1822 5312 40

350 5371 417 5430 toto
440 5365 547 5430 studio
569 5366 773 5430 intendentes
791 5350 875 5428 inter
893 5384 951 5429 vos
966 5364 1101 5428 servetis
1116 5362 1282 5426 vinculum
1295 5366 1428 5425 mutuae
1448 5358 1588 5423 caritatis
1610 5364 1643 5422 et
1657 5356 1752 5441 pacis,

347 5489 405 5554 per
428 5488 525 5552 quam
546 5475 579 5535 et
600 5488 717 5554 parvae
739 5488 791 5533 res
820 5472 977 5550 crescunt
1005 5476 1038 5531 et
1059 5485 1192 5550 magnae
1221 5466 1254 5529 in
1286 5485 1347 5529 sua
1374 5461 1594 5547 magnitudine
1623 5477 1751 5524 conser-
