4064 6288
896 585 1053 680 Δι-

280 771 459 836 sublimitas
482 772 582 836 adeo
604 772 894 836 misericordiarum
916 775 1004 837 fonte
1026 775 1100 857 plus
1121 773 1280 858 accepisse
1302 774 1508 857 dignoscitur,
1534 779 1622 839 tanto
1644 776 1678 839 in

283 873 435 938 subiectis
456 874 685 958 benignitatem
707 895 858 940 exercere
880 876 975 940 debet
996 877 1188 960 ampliorem,
1209 876 1332 940 firmam
1355 896 1444 961 spem
1465 876 1679 961 fiduciamque

278 995 393 1059 gerens
423 978 534 1041 eadem
555 997 707 1043 mensura
735 998 800 1061 qua
821 979 953 1063 impedit
983 981 1042 1044 sibi
1065 981 1212 1045 remetiri.
1246 980 1331 1044 Hinc
1360 985 1410 1045 est
1436 981 1522 1062 quod
1545 981 1585 1044 ad
1606 981 1680 1045 uni·

278 1099 445 1145 versorum
469 1076 640 1165 [noltitiam
653 1084 870 1166 praesentium
893 1103 930 1146 ac
952 1090 1153 1166 posterorum
1176 1084 1289 1148 harum
1310 1092 1422 1148 tenore
1436 1084 1586 1149 volumus
1608 1104 1679 1168 per-

227 1193 245 1245 o
280 1186 399 1266 venire,
416 1185 501 1267 qued
516 1205 577 1250 nos
591 1185 769 1270 hospitibus
786 1187 904 1250 nostris
920 1185 1101 1251 Senonibus
1117 1187 1156 1252 de
1171 1187 1255 1251 villis
1269 1186 1396 1251 Karalro
1412 1193 1445 1252 et
1459 1187 1682 1272 Crapundorpf

277 1288 373 1353 talem
403 1290 619 1353 concessimus
648 1288 834 1372 libertatem,
866 1296 903 1353 ut
933 1309 1168 1373 quemcumque
1197 1291 1237 1354 de
1266 1293 1428 1354 communi
1458 1310 1617 1356 consensu
1647 1297 1680 1355 et

279 1392 446 1456 voluntate
467 1392 552 1456 inter
574 1394 660 1476 ipsos
675 1393 837 1457 voluerint
858 1400 891 1457 et
906 1393 1068 1477 elegerint,
1091 1394 1148 1458 sibi
1169 1393 1353 1478 praeficiant
1374 1395 1408 1457 in
1430 1394 1581 1478 villicum,
1604 1415 1680 1460 con-

278 1496 427 1561 cedentes
441 1497 570 1578 eisdem,
587 1503 625 1559 ut
639 1498 673 1558 in
688 1496 778 1560 nulla
793 1517 889 1561 causa
903 1517 1010 1561 coram
1028 1497 1169 1579 quolibet
1183 1498 1288 1562 iudice
1303 1503 1406 1562 astare
1421 1498 1473 1563 vel
1487 1500 1680 1583 respondere

277 1606 464 1681 teneantur,
478 1599 535 1664 sed
551 1594 781 1682 quocumlque]
804 1599 915 1663 ambae
937 1606 1044 1684 partes
1063 1601 1254 1684 litigantium
1277 1601 1397 1666 luerint
1418 1620 1460 1665 ex
1483 1602 1569 1685 ipsis,
1592 1602 1680 1667 solus

210 1706 245 1763 10
279 1702 380 1766 maior
408 1701 503 1766 ullae
536 1721 594 1785 pro
630 1708 772 1785 tempore
806 1704 1000 1767 constitutus
1033 1703 1211 1768 secundum
1239 1704 1381 1787 ipsorum
1415 1704 1680 1769 consuetudinem

279 1804 393 1870 debeat
412 1805 562 1871 iudicare.
596 1804 630 1870 Si
652 1811 760 1870 eutem
790 1806 852 1869 alla
872 1825 946 1889 pars
976 1806 1169 1891 litigantium
1191 1807 1252 1871 erit
1281 1826 1323 1871 ex
1344 1808 1422 1893 ipsis
1444 1807 1507 1871 aha
1532 1826 1609 1871 vero
1640 1808 1680 1871 de

278 1907 459 1972 hominibus
489 1909 660 1991 extraneis,
690 1909 826 1972 vaivoda
848 1909 997 1974 discutiet
1026 1915 1059 1973 et
1080 1907 1223 1991 diffiniet,
1253 1929 1313 1974 nec
1342 1911 1513 1975 viceiudex
1537 1911 1680 1975 eiusdem

279 2012 433 2076 vaivodae
464 2013 577 2076 cosin
598 2012 705 2094 aliquo
729 2012 843 2077 debeat
870 2012 923 2076 vel
945 2014 1061 2077 audeat
1086 2013 1234 2078 iudicare.
1268 2015 1435 2079 Praeterea
1464 2014 1680 2079 concessimus

279 2115 398 2180 eisdem
412 2122 450 2179 ut
465 2115 586 2179 nullam
602 2114 766 2180 collectam
781 2116 905 2180 solvere
922 2121 1098 2181 teneantur.
1122 2116 1203 2181 Item
1218 2118 1434 2182 concessimus
1449 2117 1568 2182 eisdem
1582 2123 1680 2199 atque

215 2225 247 2278 15
281 2221 460 2300 statuimus,
482 2224 519 2282 ut
540 2218 725 2283 nullatenus
747 2219 883 2282 vaivoda
902 2219 1035 2301 quilibet
1055 2238 1114 2303 pro
1130 2225 1272 2303 tempore
1290 2222 1483 2284 constitutus
1506 2241 1604 2306 super
1625 2241 1681 2286 eos

279 2322 468 2386 descensum
490 2320 594 2386 tacere
616 2328 806 2406 praesumat,
836 2328 977 2386 nostram
999 2326 1106 2386 autem
1136 2341 1306 2406 personam
1327 2329 1439 2407 utpote
1464 2325 1583 2408 regiam
1606 2345 1680 2390 cum

280 2426 366 2489 omni
388 2424 494 2489 debite
510 2431 543 2489 et
563 2425 692 2506 honore,
715 2425 798 2489 sicut
820 2425 911 2489 decet
932 2443 1006 2488 cum
1021 2423 1097 2490 illuc
1117 2427 1352 2510 accesserimus,
1374 2448 1448 2492 cum
1470 2429 1537 2492 suis
1560 2429 1681 2493 deliciis

279 2527 489 2592 honorabunt.
527 2528 696 2593 Praeterea
726 2530 903 2610 statuimus,
933 2532 971 2592 ut
991 2529 1088 2593 iidem
1108 2530 1247 2614 hospites
1269 2550 1343 2594 cum
1367 2537 1505 2613 quatuor
1526 2532 1680 2596 militibus

279 2632 418 2696 loricatis
431 2632 513 2695 bene
528 2633 723 2715 praeparatis
738 2652 775 2695 ac
790 2632 939 2695 decenter
954 2633 1082 2714 ornatis,
1102 2653 1176 2697 cum
1192 2634 1322 2697 totidem
1339 2635 1431 2717 equis
1447 2636 1523 2700 satis
1537 2636 1680 2700 honestis

213 2740 247 2795 ιθ
281 2742 313 2800 et
340 2736 497 2820 coopertis
526 2755 563 2799 ao
585 2735 712 2799 duobus
742 2736 887 2800 tentoriis
909 2735 970 2799 sub
1000 2744 1110 2800 nostro
1134 2737 1252 2800 vexillo
1283 2737 1418 2803 militare
1439 2744 1619 2822 teneantur,
1649 2744 1682 2803 et

280 2859 353 2903 cum
376 2840 495 2903 nostris
516 2837 670 2901 militibus
693 2857 760 2901 non
781 2840 817 2901 in
838 2836 1012 2924 societa[te]
1035 2839 1191 2903 baronum
1213 2847 1397 2906 nostrorum
1420 2840 1612 2906 descendere
1634 2846 1681 2906 te·

280 2948 425 3006 neantur.
446 2942 575 3006 Terram
597 2946 713 3024 autem,
737 2960 833 3023 quam
856 2961 898 3006 ex
921 2943 1092 3008 donatione
1107 2949 1345 3008 antecessorum
1367 2949 1550 3009 nostrorum
1572 2964 1681 3029 posse·

280 3046 404 3127 denmt,
435 3045 495 3110 sub
519 3045 638 3109 eisdem
660 3046 753 3109 metis
780 3052 813 3109 et
833 3047 986 3128 terminis,
1018 3048 1136 3129 quibus
1166 3046 1204 3111 ab
1235 3047 1368 3129 antiquo
1390 3053 1573 3131 tenuerunt,
1603 3068 1680 3133 pace

279 3156 434 3234 perpetua
449 3149 567 3213 eisdem
582 3148 771 3230 reliquimus
785 3150 1016 3232 possidendam.
1039 3150 1070 3214 N
1070 3169 1107 3214 ec
1121 3152 1216 3214 etiam
1231 3151 1271 3214 de
1287 3151 1372 3232 vino,
1389 3152 1475 3234 quod
1491 3152 1530 3216 de
1544 3153 1681 3236 propriis

214 3255 246 3310 25
280 3253 383 3317 vineis
405 3271 516 3316 eorum
539 3251 622 3314 intra
643 3257 743 3316 metas
766 3258 869 3316 terrae
892 3272 1003 3318 eorum
1034 3254 1129 3318 cultis
1151 3255 1249 3319 tuerit
1270 3255 1532 3335 vindemniatum,
1562 3256 1681 3319 tributa

279 3356 471 3440 persolvant
503 3355 612 3420 Prima
632 3359 739 3418 autem
761 3361 846 3420 meta
868 3361 971 3421 terrae
993 3362 1067 3421 ante
1084 3358 1194 3439 diotae,
1222 3359 1305 3422 sicut
1326 3377 1368 3421 ex
1390 3357 1491 3421 literis
1511 3354 1679 3443 iu[dioum]

281 3465 474 3541 nostrorum,
507 3478 588 3540 quos
611 3457 651 3520 ad
673 3462 780 3540 partes
801 3457 1036 3523 Ultrasiluanas
1058 3460 1098 3524 ad
1120 3461 1319 3524 restituenda
1340 3462 1411 3524 iura
1432 3466 1610 3524 castrorum
1630 3462 1680 3523 in·

282 3563 387 3628 debite
413 3563 550 3627 alienata
571 3561 853 3643 destinaveramus,
879 3563 1088 3646 percepimus,
1110 3563 1221 3646 incipit
1243 3582 1340 3648 super
1361 3562 1475 3626 collem
1497 3569 1626 3626 acutum
1649 3570 1681 3627 et

281 3672 368 3730 tenet
394 3671 511 3731 metam
533 3684 606 3728 cum
628 3664 755 3748 populis
778 3664 817 3728 de
840 3665 917 3729 villa
939 3664 1027 3747 Sard,
1050 3666 1164 3730 deinde
1186 3667 1345 3730 tranmens
1369 3685 1428 3750 per
1448 3663 1570 3729 flumen
1592 3664 1680 3749 Sard,

217 3771 251 3826 ιθ
283 3769 372 3832 vadit
392 3768 433 3832 ad
455 3787 601 3852 magnam
624 3767 709 3830 viam
739 3773 771 3830 et
793 3767 836 3830 ibi
860 3773 947 3832 tenet
968 3774 1083 3833 metam
1114 3789 1157 3833 ex
1178 3788 1244 3832 una
1265 3774 1355 3852 parte
1385 3788 1459 3832 oum
1481 3769 1558 3832 villa
1579 3770 1681 3833 sancti

280 3871 418 3953 Martini,
440 3871 479 3935 ab
501 3871 562 3934 alia
576 3889 653 3934 vero
676 3877 766 3954 parte
781 3891 854 3934 cum
870 3872 996 3955 populis
1011 3873 1049 3936 de
1072 3871 1149 3934 villa
1162 3871 1303 3953 Buchad,
1326 3872 1443 3935 exinde
1466 3873 1681 3955 pertransiens

281 3973 401 4038 flumen
423 3974 564 4055 Buchad,
587 3973 675 4036 vadit
697 3974 738 4037 ad
759 3979 901 4038 montem
917 3976 973 4057 qui
996 3976 1111 4039 dicitur
1125 3975 1258 4056 Ahazto,
1280 3974 1337 4037 ubi
1360 3979 1447 4038 tenet
1468 3981 1585 4039 metam
1607 3995 1680 4039 cum

282 4076 373 4141 dictis
402 4076 530 4161 populis
559 4077 599 4140 de
621 4076 762 4159 Buchad,
792 4078 907 4141 abhinc
936 4079 1025 4142 vadit
1051 4098 1147 4162 super
1176 4078 1303 4140 vineam
1325 4077 1434 4159 Grasu,
1464 4078 1582 4141 exinde
1607 4098 1681 4161 pro-

281 4180 428 4262 grediens
449 4179 552 4243 tendit
566 4180 605 4243 ad
628 4186 724 4263 caput
746 4177 758 4262 [
964 4180 1038 4266 is]¹)
1060 4180 1210 4261 fluminis,
1233 4180 1320 4261 quod
1339 4180 1455 4243 dicitur
1470 4179 1603 4261 Chylna,
1625 4179 1682 4243 ubi

218 4288 249 4341 35
283 4283 376 4347 habet
397 4288 514 4347 metam
535 4302 609 4346 cum
631 4282 758 4367 populis
779 4283 819 4346 de
840 4282 973 4347 Buohad
995 4284 1121 4366 saepius
1136 4283 1326 4347 memoratis.
1348 4281 1472 4346 Deinde
1494 4283 1681 4366 procedens,

281 4391 393 4449 tenens
422 4391 539 4449 metam
568 4405 642 4449 cum
665 4385 794 4449 Chanad
824 4386 938 4450 comite
967 4385 1032 4449 fiho
1055 4386 1151 4450 Wota
1179 4404 1275 4470 super
1303 4385 1449 4469 lapidem,
1479 4384 1536 4466 qui
1565 4384 1682 4447 dicitur

282 4488 381 4570 Wela,
404 4494 436 4552 et
458 4489 572 4552 abhinc
586 4488 742 4571 incipiens
756 4507 850 4553 secus
864 4487 984 4553 flumen
999 4489 1109 4572 Thrry,
1131 4489 1339 4571 reditusque
1354 4489 1394 4551 ad
1408 4486 1517 4550 villam
1528 4486 1681 4569 Woyasd,

283 4598 314 4657 et
335 4594 379 4656 ibi
400 4592 495 4656 habet
516 4596 633 4657 metam
655 4610 727 4654 cum
752 4592 862 4655 eadem
884 4591 969 4674 villa,
990 4592 1107 4656 exhinc
1129 4593 1217 4656 vadit
1239 4592 1279 4655 ad
1300 4596 1450 4671 montem,
1474 4590 1530 4672 qui
1552 4591 1681 4675 respicit

283 4695 322 4758 ad
336 4693 502 4758 Morisium
524 4700 557 4758 et
576 4693 621 4758 ibi
636 4695 731 4758 habet
752 4700 869 4758 metam
891 4714 966 4758 cum
980 4695 1075 4758 Petro
1091 4695 1242 4777 Bylocho.
1265 4694 1389 4759 Deinde
1404 4693 1579 4778 procedens
1593 4693 1682 4757 vadit

220 4802 252 4857 to
284 4797 323 4860 ad
343 4797 452 4860 villam
475 4798 576 4861 sancti
590 4798 719 4861 Martini
740 4804 773 4862 et
794 4803 883 4862 tenet
903 4802 1020 4861 metam
1042 4818 1116 4861 cum
1138 4799 1264 4882 populis
1283 4798 1426 4861 eiusdem
1440 4796 1544 4879 villae,
1567 4796 1681 4859 athnc

283 4901 417 4964 tendens
432 4901 579 4984 superius
593 4921 708 4966 versus
730 4901 843 4964 silvam
858 4920 955 4984 super
968 4900 1092 4983 beerch,
1112 4902 1168 4983 qui
1184 4901 1300 4965 dicitur
1314 4899 1467 4980 Zuhodol,
1481 4900 1570 4963 vadit
1584 4919 1681 4984 super

284 5004 443 5087 geminum
458 5010 599 5069 montem
614 5010 646 5068 et
660 5004 705 5068 ibi
719 5003 814 5068 habet
827 5011 945 5068 metam
960 5024 1033 5067 cum
1049 5024 1145 5087 supra
1160 5003 1331 5068 nominatis
1342 5003 1469 5086 populis
1485 5003 1524 5067 de
1539 5003 1679 5087 Buchad,

285 5107 399 5172 exhinc
419 5107 595 5191 procedens
617 5127 731 5172 versus
754 5110 913 5191 quendam
935 5108 1057 5191 collem,
1088 5110 1143 5192 qui
1166 5109 1283 5172 dicitur
1303 5107 1485 5188 Pastorreu,
1516 5107 1604 5171 vadit
1625 5126 1680 5171 su·

438 5263 459 5329 ¹)
477 5260 552 5315 Lecta
569 5259 713 5315 2Gcntim.
732 5260 808 5315 breit.
827 5260 914 5327 chtr
931 5259 1022 5316 (iodea
1043 5260 1208 5328 V11‚4,ae
1227 5261 1276 5314 bot
1294 5301 1300 5314 .
1320 5301 1326 5313 .
1346 5301 1352 5312 .
1371 5275 1437 5327 cys.
1474 5258 1517 5313 Ea
1533 5258 1570 5314 iat
1588 5258 1682 5313 Raram

223 5342 256 5396 ts
285 5345 441 5503 νζιὲιιᾱὲτη
456 5345 590 5486 ἔκτιζε
601 5346 783 5412 Barbatcbea,
801 5347 880 5401 dean
895 5346 988 5415 folyea
1005 5345 1066 5400 drot
1082 5346 1311 5415 Narmaladrdfta,
1328 5345 1449 5400 darabcr
1466 5345 1682 5417 dieAbtttrranp

434 5473 441 5502 ,
579 5473 585 5486 .

1547 5534 1578 5598 δὴ
