<?xml version="1.0" encoding="UTF-8"?>
<!DOCTYPE html PUBLIC "-//W3C//DTD XHTML 1.0 Transitional//EN"
    "http://www.w3.org/TR/xhtml1/DTD/xhtml1-transitional.dtd">
<html xmlns="http://www.w3.org/1999/xhtml" xml:lang="en" lang="en">
 <head>
  <title>
</title>
<meta http-equiv="Content-Type" content="text/html;charset=utf-8" />
  <meta name='ocr-system' content='tesseract 3.04.00' />
  <meta name='ocr-capabilities' content='ocr_page ocr_carea ocr_par ocr_line ocrx_word'/>
</head>
<body>
  <div class='ocr_page' id='page_1' title='image "./urkundenbuchzur00mlgoog_0095.png"; bbox 0 0 4048 6284; ppageno 0'>
   <div class='ocr_carea' id='block_1_1' title="bbox 1031 584 1073 646">
    <p class='ocr_par' dir='ltr' id='par_1_1' title="bbox 1031 584 1073 646">
     <span class='ocr_line' id='line_1_1' title="bbox 1031 584 1073 646; baseline 0 0"><span class='ocrx_word' id='word_1_1' title='bbox 1031 584 1073 646; x_wconf 79' lang='lat'>58</span> 
     </span>
    </p>
   </div>
   <div class='ocr_carea' id='block_1_2' title="bbox 1023 787 1085 871">
    <p class='ocr_par' dir='ltr' id='par_1_2' title="bbox 1023 787 1085 871">
     <span class='ocr_line' id='line_1_2' title="bbox 1023 787 1085 871; baseline 0.065 -4"><span class='ocrx_word' id='word_1_2' title='bbox 1023 787 1085 871; x_wconf 72' lang='lat' dir='ltr'>tt.</span> 
     </span>
    </p>
   </div>
   <div class='ocr_carea' id='block_1_3' title="bbox 432 966 1747 1058">
    <p class='ocr_par' dir='ltr' id='par_1_3' title="bbox 432 966 1747 1058">
     <span class='ocr_line' id='line_1_3' title="bbox 432 966 1747 1058; baseline 0.003 -23"><span class='ocrx_word' id='word_1_3' title='bbox 432 967 547 1037; x_wconf 81' lang='lat'><strong><em>1233.</em></strong></span> <span class='ocrx_word' id='word_1_4' title='bbox 583 967 700 1058; x_wconf 73' lang='lat' dir='ltr'>Klina&#39;p</span> <span class='ocrx_word' id='word_1_5' title='bbox 725 966 814 1039; x_wconf 79' lang='lat' dir='ltr'>Belo</span> <span class='ocrx_word' id='word_1_6' title='bbox 849 968 991 1040; x_wconf 73' lang='grc'><strong><em>66116111</em></strong></span> <span class='ocrx_word' id='word_1_7' title='bbox 1030 968 1147 1039; x_wconf 80' lang='lat' dir='ltr'>Comes</span> <span class='ocrx_word' id='word_1_8' title='bbox 1179 967 1369 1040; x_wconf 69' lang='lat' dir='ltr'>eurardus</span> <span class='ocrx_word' id='word_1_9' title='bbox 1404 968 1460 1040; x_wconf 83' lang='lat' dir='ltr'>die</span> <span class='ocrx_word' id='word_1_10' title='bbox 1487 974 1581 1039; x_wconf 76' lang='lat' dir='ltr'>terra</span> <span class='ocrx_word' id='word_1_11' title='bbox 1607 967 1747 1058; x_wconf 80' lang='lat' dir='ltr'>Loyota.</span> 
     </span>
    </p>
   </div>
   <div class='ocr_carea' id='block_1_4' title="bbox 458 1129 1750 1286">
    <p class='ocr_par' dir='ltr' id='par_1_4' title="bbox 458 1129 1750 1286">
     <span class='ocr_line' id='line_1_4' title="bbox 510 1129 1750 1201; baseline 0.002 -19"><span class='ocrx_word' id='word_1_12' title='bbox 510 1129 712 1199; x_wconf 72' lang='lat' dir='ltr'>Biapcscbaltet</span> <span class='ocrx_word' id='word_1_13' title='bbox 734 1148 787 1185; x_wconf 84' lang='lat' dir='ltr'>von</span> <span class='ocrx_word' id='word_1_14' title='bbox 804 1130 899 1199; x_wconf 76' lang='lat' dir='ltr'>Kdnip</span> <span class='ocrx_word' id='word_1_15' title='bbox 917 1130 1038 1200; x_wconf 78' lang='lat' dir='ltr'>stephan</span> <span class='ocrx_word' id='word_1_16' title='bbox 1062 1136 1130 1186; x_wconf 83' lang='lat'><em>1265</em></span> <span class='ocrx_word' id='word_1_17' title='bbox 1153 1132 1212 1185; x_wconf 79' lang='lat' dir='ltr'>aad</span> <span class='ocrx_word' id='word_1_18' title='bbox 1235 1132 1284 1184; x_wconf 83' lang='lat' dir='ltr'>mii</span> <span class='ocrx_word' id='word_1_19' title='bbox 1309 1131 1397 1185; x_wconf 81' lang='lat' dir='ltr'>dieser</span> <span class='ocrx_word' id='word_1_20' title='bbox 1424 1131 1554 1185; x_wconf 80' lang='lat' dir='ltr'>Urbaadc</span> <span class='ocrx_word' id='word_1_21' title='bbox 1577 1147 1630 1185; x_wconf 79' lang='lat' dir='ltr'>von</span> <span class='ocrx_word' id='word_1_22' title='bbox 1655 1131 1750 1201; x_wconf 77' lang='lat' dir='ltr'>Kbm&#39;p</span> 
     </span>
     <span class='ocr_line' id='line_1_5' title="bbox 458 1215 1247 1286; baseline 0.004 -18"><span class='ocrx_word' id='word_1_23' title='bbox 458 1215 533 1269; x_wconf 79' lang='lat' dir='ltr'>Karl</span> <span class='ocrx_word' id='word_1_24' title='bbox 551 1219 628 1284; x_wconf 86' lang='grc'><strong><em>1311,</em></strong></span> <span class='ocrx_word' id='word_1_25' title='bbox 649 1216 724 1286; x_wconf 66' lang='grc'><strong><em>0119.</em></strong></span> <span class='ocrx_word' id='word_1_26' title='bbox 748 1217 852 1286; x_wconf 76' lang='lat' dir='ltr'>Uayar.</span> <span class='ocrx_word' id='word_1_27' title='bbox 871 1218 1078 1272; x_wconf 79' lang='lat' dir='ltr'>Laadeaercbiv</span> <span class='ocrx_word' id='word_1_28' title='bbox 1095 1218 1247 1286; x_wconf 80' lang='lat' dir='ltr'>Badapcat.</span> 
     </span>
    </p>
   </div>
   <div class='ocr_carea' id='block_1_5' title="bbox 459 1336 1801 1480">
    <p class='ocr_par' dir='ltr' id='par_1_5' title="bbox 459 1336 1801 1480">
     <span class='ocr_line' id='line_1_6' title="bbox 511 1336 1801 1406; baseline 0.001 -16"><span class='ocrx_word' id='word_1_29' title='bbox 511 1336 622 1390; x_wconf 80' lang='lat' dir='ltr'>Draeb:</span> <span class='ocrx_word' id='word_1_30' title='bbox 647 1337 733 1404; x_wconf 73' lang='lat' dir='ltr'>Feje</span> <span class='ocrx_word' id='word_1_31' title='bbox 753 1336 842 1393; x_wconf 82' lang='lat' dir='ltr'>Oodca</span> <span class='ocrx_word' id='word_1_32' title='bbox 864 1339 934 1405; x_wconf 88' lang='lat' dir='ltr'>VH,</span> <span class='ocrx_word' id='word_1_33' title='bbox 951 1342 977 1406; x_wconf 80' lang='lat'>4,</span> <span class='ocrx_word' id='word_1_34' title='bbox 997 1343 1041 1393; x_wconf 83' lang='grc'>81.</span> <span class='ocrx_word' id='word_1_35' title='bbox 1074 1339 1185 1393; x_wconf 71' lang='lat' dir='ltr'>Teutoni</span> <span class='ocrx_word' id='word_1_36' title='bbox 1208 1339 1267 1393; x_wconf 81' lang='lat' dir='ltr'>aad</span> <span class='ocrx_word' id='word_1_37' title='bbox 1285 1338 1445 1393; x_wconf 75' lang='lat' dir='ltr'>Firalaaher</span> <span class='ocrx_word' id='word_1_38' title='bbox 1463 1337 1535 1392; x_wconf 76' lang='lat' dir='ltr'>aaa.</span> <span class='ocrx_word' id='word_1_39' title='bbox 1558 1337 1640 1393; x_wconf 80' lang='lat' dir='ltr'>Urkb.</span> <span class='ocrx_word' id='word_1_40' title='bbox 1659 1337 1684 1403; x_wconf 87' lang='lat' dir='ltr'>I,</span> <span class='ocrx_word' id='word_1_41' title='bbox 1707 1341 1749 1392; x_wconf 86' lang='grc'>56.</span> <span class='ocrx_word' id='word_1_42' title='bbox 1785 1338 1801 1391; x_wconf 90' lang='grc'>5</span> 
     </span>
     <span class='ocr_line' id='line_1_7' title="bbox 459 1422 903 1480; baseline 0.002 -3"><span class='ocrx_word' id='word_1_43' title='bbox 459 1422 643 1478; x_wconf 80' lang='lat' dir='ltr'>Danaaaa&#39;aaa</span> <span class='ocrx_word' id='word_1_44' title='bbox 660 1424 826 1479; x_wconf 76' lang='lat' dir='ltr'>Documenta</span> <span class='ocrx_word' id='word_1_45' title='bbox 844 1429 903 1480; x_wconf 80' lang='lat'><em>127.</em></span> 
     </span>
    </p>
   </div>
   <div class='ocr_carea' id='block_1_6' title="bbox 355 1597 1822 4161">
    <p class='ocr_par' dir='ltr' id='par_1_6' title="bbox 355 1597 1822 4161">
     <span class='ocr_line' id='line_1_8' title="bbox 511 1597 1750 1684; baseline -0.001 -22"><span class='ocrx_word' id='word_1_46' title='bbox 511 1597 590 1662; x_wconf 90' lang='lat' dir='ltr'>Bela</span> <span class='ocrx_word' id='word_1_47' title='bbox 611 1599 661 1662; x_wconf 91' lang='lat' dir='ltr'>dei</span> <span class='ocrx_word' id='word_1_48' title='bbox 681 1600 781 1681; x_wconf 84' lang='lat' dir='ltr'>gratia</span> <span class='ocrx_word' id='word_1_49' title='bbox 799 1600 1029 1683; x_wconf 85' lang='lat' dir='ltr'>primogenitus</span> <span class='ocrx_word' id='word_1_50' title='bbox 1051 1601 1135 1684; x_wconf 82' lang='lat' dir='ltr'>regis</span> <span class='ocrx_word' id='word_1_51' title='bbox 1153 1599 1347 1683; x_wconf 82' lang='lat' dir='ltr'>Hungariae,</span> <span class='ocrx_word' id='word_1_52' title='bbox 1374 1598 1563 1681; x_wconf 79' lang='lat' dir='ltr'>Dalmaciae,</span> <span class='ocrx_word' id='word_1_53' title='bbox 1592 1599 1750 1678; x_wconf 84' lang='lat' dir='ltr'>Croaciae,</span> 
     </span>
     <span class='ocr_line' id='line_1_9' title="bbox 356 1698 1750 1786; baseline 0.001 -23"><span class='ocrx_word' id='word_1_54' title='bbox 356 1698 483 1781; x_wconf 78' lang='lat' dir='ltr'>Romae,</span> <span class='ocrx_word' id='word_1_55' title='bbox 499 1698 637 1783; x_wconf 80' lang='lat' dir='ltr'>Samiae,</span> <span class='ocrx_word' id='word_1_56' title='bbox 654 1701 811 1783; x_wconf 71' lang='lat' dir='ltr'>Gallione,</span> <span class='ocrx_word' id='word_1_57' title='bbox 830 1702 1043 1785; x_wconf 78' lang='lat' dir='ltr'>Lodomeriae,</span> <span class='ocrx_word' id='word_1_58' title='bbox 1061 1703 1232 1786; x_wconf 81' lang='lat' dir='ltr'>Bulgariae</span> <span class='ocrx_word' id='word_1_59' title='bbox 1247 1701 1481 1785; x_wconf 83' lang='lat' dir='ltr'>Comaniaeque</span> <span class='ocrx_word' id='word_1_60' title='bbox 1504 1721 1564 1766; x_wconf 90' lang='lat' dir='ltr'>rex</span> <span class='ocrx_word' id='word_1_61' title='bbox 1582 1703 1750 1781; x_wconf 80' lang='lat' dir='ltr'>universis,</span> 
     </span>
     <span class='ocr_line' id='line_1_10' title="bbox 356 1803 1751 1890; baseline 0.003 -25"><span class='ocrx_word' id='word_1_62' title='bbox 356 1803 396 1865; x_wconf 91' lang='lat' dir='ltr'>ad</span> <span class='ocrx_word' id='word_1_63' title='bbox 419 1821 501 1884; x_wconf 92' lang='lat' dir='ltr'>quos</span> <span class='ocrx_word' id='word_1_64' title='bbox 530 1811 713 1887; x_wconf 75' lang='lat' dir='ltr'>praesentes</span> <span class='ocrx_word' id='word_1_65' title='bbox 741 1805 851 1869; x_wconf 89' lang='lat' dir='ltr'>literae</span> <span class='ocrx_word' id='word_1_66' title='bbox 873 1807 1082 1871; x_wconf 82' lang='lat' dir='ltr'>convenerint</span> <span class='ocrx_word' id='word_1_67' title='bbox 1103 1807 1154 1871; x_wconf 92' lang='lat' dir='ltr'>vel</span> <span class='ocrx_word' id='word_1_68' title='bbox 1176 1807 1389 1890; x_wconf 75' lang='lat' dir='ltr'>pervenerint</span> <span class='ocrx_word' id='word_1_69' title='bbox 1419 1806 1553 1870; x_wconf 87' lang='lat' dir='ltr'>salutem</span> <span class='ocrx_word' id='word_1_70' title='bbox 1574 1806 1610 1868; x_wconf 89' lang='lat' dir='ltr'>in</span> <span class='ocrx_word' id='word_1_71' title='bbox 1639 1805 1751 1869; x_wconf 87' lang='lat' dir='ltr'>salutis</span> 
     </span>
     <span class='ocr_line' id='line_1_11' title="bbox 356 1907 1820 1992; baseline -0.002 -22"><span class='ocrx_word' id='word_1_72' title='bbox 356 1912 492 1971; x_wconf 90' lang='lat' dir='ltr'>auctore.</span> <span class='ocrx_word' id='word_1_73' title='bbox 515 1907 632 1992; x_wconf 82' lang='lat' dir='ltr'>Regiae</span> <span class='ocrx_word' id='word_1_74' title='bbox 653 1910 809 1973; x_wconf 83' lang='lat' dir='ltr'>incumbit</span> <span class='ocrx_word' id='word_1_75' title='bbox 826 1910 1034 1974; x_wconf 79' lang='lat' dir='ltr'>excellentiae</span> <span class='ocrx_word' id='word_1_76' title='bbox 1052 1911 1157 1974; x_wconf 90' lang='lat' dir='ltr'>metiri</span> <span class='ocrx_word' id='word_1_77' title='bbox 1171 1911 1285 1974; x_wconf 90' lang='lat' dir='ltr'>merita</span> <span class='ocrx_word' id='word_1_78' title='bbox 1302 1909 1500 1992; x_wconf 85' lang='lat' dir='ltr'>singulorum</span> <span class='ocrx_word' id='word_1_79' title='bbox 1522 1916 1554 1973; x_wconf 90' lang='lat' dir='ltr'>et</span> <span class='ocrx_word' id='word_1_80' title='bbox 1575 1909 1750 1990; x_wconf 85' lang='lat' dir='ltr'>unicuique</span> <span class='ocrx_word' id='word_1_81' title='bbox 1786 1914 1820 1968; x_wconf 93' lang='lat'>10</span> 
     </span>
     <span class='ocr_line' id='line_1_12' title="bbox 355 2011 1751 2097; baseline 0.001 -24"><span class='ocrx_word' id='word_1_82' title='bbox 355 2030 413 2094; x_wconf 93' lang='lat' dir='ltr'>pro</span> <span class='ocrx_word' id='word_1_83' title='bbox 443 2012 564 2076; x_wconf 83' lang='lat' dir='ltr'>meritis</span> <span class='ocrx_word' id='word_1_84' title='bbox 592 2013 793 2096; x_wconf 83' lang='lat' dir='ltr'>respondere,</span> <span class='ocrx_word' id='word_1_85' title='bbox 824 2014 942 2097; x_wconf 91' lang='lat' dir='ltr'>quippe</span> <span class='ocrx_word' id='word_1_86' title='bbox 970 2020 1009 2078; x_wconf 92' lang='lat' dir='ltr'>ut</span> <span class='ocrx_word' id='word_1_87' title='bbox 1029 2013 1252 2078; x_wconf 85' lang='lat' dir='ltr'>famulantium</span> <span class='ocrx_word' id='word_1_88' title='bbox 1280 2018 1403 2076; x_wconf 84' lang='lat' dir='ltr'>mentes</span> <span class='ocrx_word' id='word_1_89' title='bbox 1432 2013 1558 2076; x_wconf 87' lang='lat' dir='ltr'>fervore</span> <span class='ocrx_word' id='word_1_90' title='bbox 1590 2011 1751 2076; x_wconf 86' lang='lat' dir='ltr'>fidehtatis</span> 
     </span>
     <span class='ocr_line' id='line_1_13' title="bbox 356 2114 1751 2200; baseline 0.001 -24"><span class='ocrx_word' id='word_1_91' title='bbox 356 2114 524 2197; x_wconf 79' lang='lat' dir='ltr'>accinctae,</span> <span class='ocrx_word' id='word_1_92' title='bbox 545 2117 698 2199; x_wconf 79' lang='lat' dir='ltr'>maginae</span> <span class='ocrx_word' id='word_1_93' title='bbox 712 2116 812 2198; x_wconf 82' lang='lat' dir='ltr'>magis</span> <span class='ocrx_word' id='word_1_94' title='bbox 827 2116 867 2180; x_wconf 91' lang='lat' dir='ltr'>ad</span> <span class='ocrx_word' id='word_1_95' title='bbox 885 2118 1065 2181; x_wconf 88' lang='lat' dir='ltr'>exercenda</span> <span class='ocrx_word' id='word_1_96' title='bbox 1079 2118 1207 2181; x_wconf 83' lang='lat' dir='ltr'>virhrtis</span> <span class='ocrx_word' id='word_1_97' title='bbox 1226 2135 1322 2200; x_wconf 87' lang='lat' dir='ltr'>opera</span> <span class='ocrx_word' id='word_1_98' title='bbox 1338 2115 1583 2180; x_wconf 89' lang='lat' dir='ltr'>inflammentur.</span> <span class='ocrx_word' id='word_1_99' title='bbox 1612 2115 1751 2178; x_wconf 76' lang='lat' dir='ltr'>Notitiae</span> 
     </span>
     <span class='ocr_line' id='line_1_14' title="bbox 355 2217 1751 2303; baseline 0.001 -24"><span class='ocrx_word' id='word_1_100' title='bbox 355 2217 454 2300; x_wconf 77' lang='lat' dir='ltr'>igitir</span> <span class='ocrx_word' id='word_1_101' title='bbox 482 2219 698 2302; x_wconf 90' lang='lat' dir='ltr'>praesentium</span> <span class='ocrx_word' id='word_1_102' title='bbox 723 2238 760 2282; x_wconf 90' lang='lat' dir='ltr'>ac</span> <span class='ocrx_word' id='word_1_103' title='bbox 781 2225 983 2303; x_wconf 86' lang='lat' dir='ltr'>posterorum</span> <span class='ocrx_word' id='word_1_104' title='bbox 1011 2221 1124 2284; x_wconf 88' lang='lat' dir='ltr'>harum</span> <span class='ocrx_word' id='word_1_105' title='bbox 1153 2221 1234 2285; x_wconf 89' lang='lat' dir='ltr'>serie</span> <span class='ocrx_word' id='word_1_106' title='bbox 1264 2221 1413 2283; x_wconf 87' lang='lat' dir='ltr'>volumus</span> <span class='ocrx_word' id='word_1_107' title='bbox 1439 2217 1509 2282; x_wconf 89' lang='grc'><strong><em>1611</em></strong></span> <span class='ocrx_word' id='word_1_108' title='bbox 1538 2218 1751 2299; x_wconf 75' lang='lat' dir='ltr'>manifestum,</span> 
     </span>
     <span class='ocr_line' id='line_1_15' title="bbox 358 2319 1751 2401; baseline 0.001 -18"><span class='ocrx_word' id='word_1_109' title='bbox 358 2319 444 2401; x_wconf 90' lang='lat' dir='ltr'>quod</span> <span class='ocrx_word' id='word_1_110' title='bbox 472 2340 532 2385; x_wconf 90' lang='lat' dir='ltr'>nos</span> <span class='ocrx_word' id='word_1_111' title='bbox 559 2322 665 2385; x_wconf 89' lang='lat' dir='ltr'>dilecti</span> <span class='ocrx_word' id='word_1_112' title='bbox 695 2328 727 2386; x_wconf 91' lang='lat' dir='ltr'>et</span> <span class='ocrx_word' id='word_1_113' title='bbox 755 2321 857 2386; x_wconf 89' lang='lat' dir='ltr'>fidelis</span> <span class='ocrx_word' id='word_1_114' title='bbox 887 2324 988 2387; x_wconf 84' lang='lat' dir='ltr'>nostri</span> <span class='ocrx_word' id='word_1_115' title='bbox 1017 2325 1141 2387; x_wconf 88' lang='lat' dir='ltr'>comitis</span> <span class='ocrx_word' id='word_1_116' title='bbox 1171 2323 1312 2387; x_wconf 84' lang='lat' dir='ltr'>Oorlardi</span> <span class='ocrx_word' id='word_1_117' title='bbox 1340 2322 1397 2385; x_wconf 88' lang='lat' dir='ltr'>filii</span> <span class='ocrx_word' id='word_1_118' title='bbox 1427 2322 1584 2386; x_wconf 74' lang='lat' dir='ltr'>christani</span> <span class='ocrx_word' id='word_1_119' title='bbox 1613 2321 1751 2401; x_wconf 86' lang='lat' dir='ltr'>servitia,</span> 
     </span>
     <span class='ocr_line' id='line_1_16' title="bbox 358 2423 1820 2509; baseline -0.002 -23"><span class='ocrx_word' id='word_1_120' title='bbox 358 2441 440 2504; x_wconf 88' lang='lat' dir='ltr'>quae</span> <span class='ocrx_word' id='word_1_121' title='bbox 468 2426 550 2508; x_wconf 90' lang='lat' dir='ltr'>patri</span> <span class='ocrx_word' id='word_1_122' title='bbox 580 2429 689 2489; x_wconf 91' lang='lat' dir='ltr'>nostro</span> <span class='ocrx_word' id='word_1_123' title='bbox 720 2431 752 2489; x_wconf 89' lang='lat' dir='ltr'>et</span> <span class='ocrx_word' id='word_1_124' title='bbox 780 2426 873 2489; x_wconf 83' lang='lat' dir='ltr'>matii</span> <span class='ocrx_word' id='word_1_125' title='bbox 902 2431 1030 2490; x_wconf 87' lang='lat' dir='ltr'>nostrae</span> <span class='ocrx_word' id='word_1_126' title='bbox 1059 2426 1242 2491; x_wconf 89' lang='lat' dir='ltr'>reverendis</span> <span class='ocrx_word' id='word_1_127' title='bbox 1275 2426 1478 2509; x_wconf 90' lang='lat' dir='ltr'>postmodum</span> <span class='ocrx_word' id='word_1_128' title='bbox 1506 2444 1583 2489; x_wconf 91' lang='lat' dir='ltr'>vero</span> <span class='ocrx_word' id='word_1_129' title='bbox 1613 2423 1706 2488; x_wconf 89' lang='lat' dir='ltr'>nobis</span> <span class='ocrx_word' id='word_1_130' title='bbox 1733 2444 1752 2487; x_wconf 93' lang='lat' dir='ltr'>a</span> <span class='ocrx_word' id='word_1_131' title='bbox 1787 2431 1820 2483; x_wconf 82' lang='lat'>15</span> 
     </span>
     <span class='ocr_line' id='line_1_17' title="bbox 357 2528 1752 2614; baseline 0 -25"><span class='ocrx_word' id='word_1_132' title='bbox 357 2528 528 2610; x_wconf 78' lang='lat' dir='ltr'>primaevis</span> <span class='ocrx_word' id='word_1_133' title='bbox 563 2530 719 2613; x_wconf 89' lang='lat' dir='ltr'>pueritiae</span> <span class='ocrx_word' id='word_1_134' title='bbox 750 2537 878 2595; x_wconf 89' lang='lat' dir='ltr'>nostrae</span> <span class='ocrx_word' id='word_1_135' title='bbox 912 2531 1109 2614; x_wconf 87' lang='lat' dir='ltr'>temporibus</span> <span class='ocrx_word' id='word_1_136' title='bbox 1137 2530 1284 2594; x_wconf 79' lang='lat' dir='ltr'>exhibuit</span> <span class='ocrx_word' id='word_1_137' title='bbox 1316 2529 1482 2610; x_wconf 84' lang='lat' dir='ltr'>indefesse,</span> <span class='ocrx_word' id='word_1_138' title='bbox 1515 2534 1622 2591; x_wconf 88' lang='lat' dir='ltr'>mente</span> <span class='ocrx_word' id='word_1_139' title='bbox 1658 2532 1752 2590; x_wconf 87' lang='lat' dir='ltr'>tenus</span> 
     </span>
     <span class='ocr_line' id='line_1_18' title="bbox 357 2629 1752 2717; baseline -0.001 -23"><span class='ocrx_word' id='word_1_140' title='bbox 357 2631 539 2713; x_wconf 75' lang='lat' dir='ltr'>retinentes,</span> <span class='ocrx_word' id='word_1_141' title='bbox 569 2634 646 2714; x_wconf 85' lang='lat' dir='ltr'>quia</span> <span class='ocrx_word' id='word_1_142' title='bbox 674 2634 854 2717; x_wconf 89' lang='lat' dir='ltr'>sumptibus</span> <span class='ocrx_word' id='word_1_143' title='bbox 876 2636 943 2717; x_wconf 82' lang='lat' dir='ltr'>suis</span> <span class='ocrx_word' id='word_1_144' title='bbox 972 2633 1200 2717; x_wconf 88' lang='lat' dir='ltr'>multiplicibus</span> <span class='ocrx_word' id='word_1_145' title='bbox 1225 2652 1292 2696; x_wconf 92' lang='lat' dir='ltr'>non</span> <span class='ocrx_word' id='word_1_146' title='bbox 1320 2631 1462 2716; x_wconf 89' lang='lat' dir='ltr'>pepercit</span> <span class='ocrx_word' id='word_1_147' title='bbox 1483 2638 1515 2694; x_wconf 91' lang='lat' dir='ltr'>et</span> <span class='ocrx_word' id='word_1_148' title='bbox 1536 2629 1661 2693; x_wconf 89' lang='lat' dir='ltr'>labores</span> <span class='ocrx_word' id='word_1_149' title='bbox 1683 2649 1752 2692; x_wconf 91' lang='lat' dir='ltr'>cor-</span> 
     </span>
     <span class='ocr_line' id='line_1_19' title="bbox 357 2732 1752 2820; baseline 0 -25"><span class='ocrx_word' id='word_1_150' title='bbox 357 2732 481 2815; x_wconf 90' lang='lat' dir='ltr'>porales</span> <span class='ocrx_word' id='word_1_151' title='bbox 510 2735 544 2797; x_wconf 92' lang='lat' dir='ltr'>in</span> <span class='ocrx_word' id='word_1_152' title='bbox 574 2755 673 2819; x_wconf 85' lang='lat' dir='ltr'>regno</span> <span class='ocrx_word' id='word_1_153' title='bbox 702 2743 734 2800; x_wconf 93' lang='lat' dir='ltr'>et</span> <span class='ocrx_word' id='word_1_154' title='bbox 762 2743 855 2801; x_wconf 89' lang='lat' dir='ltr'>extra</span> <span class='ocrx_word' id='word_1_155' title='bbox 883 2757 1018 2820; x_wconf 84' lang='lat' dir='ltr'>regnum</span> <span class='ocrx_word' id='word_1_156' title='bbox 1048 2736 1193 2800; x_wconf 81' lang='lat' dir='ltr'>alacriter</span> <span class='ocrx_word' id='word_1_157' title='bbox 1222 2736 1388 2800; x_wconf 89' lang='lat' dir='ltr'>tolleravit.</span> <span class='ocrx_word' id='word_1_158' title='bbox 1432 2735 1500 2798; x_wconf 92' lang='lat' dir='ltr'>Nos</span> <span class='ocrx_word' id='word_1_159' title='bbox 1530 2753 1604 2816; x_wconf 86' lang='lat' dir='ltr'>ergo</span> <span class='ocrx_word' id='word_1_160' title='bbox 1627 2733 1752 2796; x_wconf 84' lang='lat' dir='ltr'>labores</span> 
     </span>
     <span class='ocr_line' id='line_1_20' title="bbox 355 2836 1751 2921; baseline 0.001 -23"><span class='ocrx_word' id='word_1_161' title='bbox 355 2836 457 2919; x_wconf 91' lang='lat' dir='ltr'>ipsius</span> <span class='ocrx_word' id='word_1_162' title='bbox 478 2856 554 2920; x_wconf 88' lang='lat' dir='ltr'>prae</span> <span class='ocrx_word' id='word_1_163' title='bbox 584 2840 685 2903; x_wconf 89' lang='lat' dir='ltr'>oculis</span> <span class='ocrx_word' id='word_1_164' title='bbox 707 2846 835 2904; x_wconf 84' lang='lat' dir='ltr'>nostroe</span> <span class='ocrx_word' id='word_1_165' title='bbox 856 2843 972 2905; x_wconf 89' lang='lat' dir='ltr'>mentis</span> <span class='ocrx_word' id='word_1_166' title='bbox 995 2841 1147 2905; x_wconf 89' lang='lat' dir='ltr'>habentes</span> <span class='ocrx_word' id='word_1_167' title='bbox 1176 2840 1251 2903; x_wconf 90' lang='lat' dir='ltr'>licet</span> <span class='ocrx_word' id='word_1_168' title='bbox 1280 2839 1449 2921; x_wconf 72' lang='lat' dir='ltr'>modicum,</span> <span class='ocrx_word' id='word_1_169' title='bbox 1471 2839 1505 2900; x_wconf 92' lang='lat' dir='ltr'>in</span> <span class='ocrx_word' id='word_1_170' title='bbox 1532 2855 1751 2919; x_wconf 88' lang='lat' dir='ltr'>recompensa-</span> 
     </span>
     <span class='ocr_line' id='line_1_21' title="bbox 357 2939 1822 3024; baseline -0.002 -22"><span class='ocrx_word' id='word_1_171' title='bbox 357 2939 476 3003; x_wconf 89' lang='lat' dir='ltr'>tionem</span> <span class='ocrx_word' id='word_1_172' title='bbox 490 2945 597 3005; x_wconf 88' lang='lat' dir='ltr'>tamen</span> <span class='ocrx_word' id='word_1_173' title='bbox 612 2949 660 3007; x_wconf 93' lang='lat' dir='ltr'>tot</span> <span class='ocrx_word' id='word_1_174' title='bbox 674 2950 706 3008; x_wconf 91' lang='lat' dir='ltr'>et</span> <span class='ocrx_word' id='word_1_175' title='bbox 720 2950 881 3008; x_wconf 90' lang='lat' dir='ltr'>tantorum</span> <span class='ocrx_word' id='word_1_176' title='bbox 898 2946 1101 3008; x_wconf 88' lang='lat' dir='ltr'>servitiorum</span> <span class='ocrx_word' id='word_1_177' title='bbox 1116 2962 1248 3008; x_wconf 90' lang='lat' dir='ltr'>suorum</span> <span class='ocrx_word' id='word_1_178' title='bbox 1268 2942 1427 3024; x_wconf 91' lang='lat' dir='ltr'>quandam</span> <span class='ocrx_word' id='word_1_179' title='bbox 1442 2948 1570 3005; x_wconf 90' lang='lat' dir='ltr'>nostrae</span> <span class='ocrx_word' id='word_1_180' title='bbox 1589 2940 1751 3003; x_wconf 90' lang='lat' dir='ltr'>donationi</span> <span class='ocrx_word' id='word_1_181' title='bbox 1786 2944 1822 2998; x_wconf 83' lang='lat'>20</span> 
     </span>
     <span class='ocr_line' id='line_1_22' title="bbox 360 3040 1750 3129; baseline -0.001 -23"><span class='ocrx_word' id='word_1_182' title='bbox 360 3046 477 3107; x_wconf 88' lang='lat' dir='ltr'>terram</span> <span class='ocrx_word' id='word_1_183' title='bbox 499 3047 751 3128; x_wconf 85' lang='lat' dir='ltr'>convenientem,</span> <span class='ocrx_word' id='word_1_184' title='bbox 774 3047 894 3129; x_wconf 82' lang='lat' dir='ltr'>Loysta</span> <span class='ocrx_word' id='word_1_185' title='bbox 916 3053 1068 3129; x_wconf 79' lang='lat' dir='ltr'>vocatam,</span> <span class='ocrx_word' id='word_1_186' title='bbox 1098 3046 1137 3110; x_wconf 90' lang='lat' dir='ltr'>ab</span> <span class='ocrx_word' id='word_1_187' title='bbox 1168 3065 1252 3128; x_wconf 92' lang='lat' dir='ltr'>aqua</span> <span class='ocrx_word' id='word_1_188' title='bbox 1279 3044 1401 3108; x_wconf 89' lang='lat' dir='ltr'>Lothur</span> <span class='ocrx_word' id='word_1_189' title='bbox 1423 3049 1543 3124; x_wconf 76' lang='lat' dir='ltr'>vocata,</span> <span class='ocrx_word' id='word_1_190' title='bbox 1567 3062 1649 3125; x_wconf 90' lang='lat' dir='ltr'>quae</span> <span class='ocrx_word' id='word_1_191' title='bbox 1678 3040 1750 3105; x_wconf 90' lang='lat' dir='ltr'>fluit</span> 
     </span>
     <span class='ocr_line' id='line_1_23' title="bbox 357 3145 1751 3232; baseline 0 -23"><span class='ocrx_word' id='word_1_192' title='bbox 357 3145 397 3209; x_wconf 89' lang='lat' dir='ltr'>ad</span> <span class='ocrx_word' id='word_1_193' title='bbox 426 3165 542 3228; x_wconf 88' lang='lat' dir='ltr'>aquam</span> <span class='ocrx_word' id='word_1_194' title='bbox 573 3147 664 3229; x_wconf 84' lang='grc'><strong><em>01111,</em></strong></span> <span class='ocrx_word' id='word_1_195' title='bbox 701 3169 775 3213; x_wconf 87' lang='lat' dir='ltr'>cum</span> <span class='ocrx_word' id='word_1_196' title='bbox 809 3149 957 3215; x_wconf 90' lang='lat' dir='ltr'>omnibus</span> <span class='ocrx_word' id='word_1_197' title='bbox 986 3150 1178 3215; x_wconf 86' lang='lat' dir='ltr'>utilitatibus</span> <span class='ocrx_word' id='word_1_198' title='bbox 1208 3151 1276 3214; x_wconf 89' lang='lat' dir='ltr'>suis</span> <span class='ocrx_word' id='word_1_199' title='bbox 1306 3155 1338 3213; x_wconf 90' lang='lat' dir='ltr'>et</span> <span class='ocrx_word' id='word_1_200' title='bbox 1367 3148 1567 3232; x_wconf 87' lang='lat' dir='ltr'>pertinentiis</span> <span class='ocrx_word' id='word_1_201' title='bbox 1597 3146 1751 3227; x_wconf 84' lang='lat' dir='ltr'>dedimus,</span> 
     </span>
     <span class='ocr_line' id='line_1_24' title="bbox 356 3248 1752 3337; baseline 0.001 -26"><span class='ocrx_word' id='word_1_202' title='bbox 356 3249 546 3314; x_wconf 88' lang='lat' dir='ltr'>donavimus</span> <span class='ocrx_word' id='word_1_203' title='bbox 568 3271 604 3315; x_wconf 92' lang='lat' dir='ltr'>ac</span> <span class='ocrx_word' id='word_1_204' title='bbox 626 3253 819 3317; x_wconf 89' lang='lat' dir='ltr'>contulimus</span> <span class='ocrx_word' id='word_1_205' title='bbox 847 3254 908 3337; x_wconf 91' lang='lat' dir='ltr'>ipsi</span> <span class='ocrx_word' id='word_1_206' title='bbox 938 3254 1046 3317; x_wconf 90' lang='lat' dir='ltr'>comiti</span> <span class='ocrx_word' id='word_1_207' title='bbox 1069 3253 1220 3318; x_wconf 84' lang='lat' dir='ltr'>Gorlardo</span> <span class='ocrx_word' id='word_1_208' title='bbox 1250 3259 1283 3317; x_wconf 90' lang='lat' dir='ltr'>et</span> <span class='ocrx_word' id='word_1_209' title='bbox 1310 3271 1368 3336; x_wconf 90' lang='lat' dir='ltr'>per</span> <span class='ocrx_word' id='word_1_210' title='bbox 1390 3271 1463 3316; x_wconf 90' lang='lat' dir='ltr'>eum</span> <span class='ocrx_word' id='word_1_211' title='bbox 1489 3252 1556 3315; x_wconf 93' lang='lat' dir='ltr'>suis</span> <span class='ocrx_word' id='word_1_212' title='bbox 1582 3248 1752 3314; x_wconf 87' lang='lat' dir='ltr'>heredibus</span> 
     </span>
     <span class='ocr_line' id='line_1_25' title="bbox 356 3352 1752 3441; baseline 0.002 -27"><span class='ocrx_word' id='word_1_213' title='bbox 356 3352 574 3435; x_wconf 89' lang='lat' dir='ltr'>heredumque</span> <span class='ocrx_word' id='word_1_214' title='bbox 603 3374 736 3418; x_wconf 88' lang='lat' dir='ltr'>suorum</span> <span class='ocrx_word' id='word_1_215' title='bbox 765 3356 1002 3421; x_wconf 89' lang='lat' dir='ltr'>successoribus</span> <span class='ocrx_word' id='word_1_216' title='bbox 1031 3358 1101 3420; x_wconf 89' lang='lat' dir='ltr'>iure</span> <span class='ocrx_word' id='word_1_217' title='bbox 1129 3363 1284 3441; x_wconf 89' lang='lat' dir='ltr'>perpetuo</span> <span class='ocrx_word' id='word_1_218' title='bbox 1315 3362 1347 3419; x_wconf 93' lang='lat' dir='ltr'>et</span> <span class='ocrx_word' id='word_1_219' title='bbox 1376 3354 1626 3418; x_wconf 84' lang='lat' dir='ltr'>irrevocabiliter</span> <span class='ocrx_word' id='word_1_220' title='bbox 1651 3352 1752 3437; x_wconf 91' lang='lat' dir='ltr'>possi·</span> 
     </span>
     <span class='ocr_line' id='line_1_26' title="bbox 357 3454 1821 3543; baseline -0.002 -26"><span class='ocrx_word' id='word_1_221' title='bbox 357 3454 493 3519; x_wconf 89' lang='lat' dir='ltr'>dendam</span> <span class='ocrx_word' id='word_1_222' title='bbox 522 3463 554 3521; x_wconf 91' lang='lat' dir='ltr'>et</span> <span class='ocrx_word' id='word_1_223' title='bbox 583 3457 767 3522; x_wconf 89' lang='lat' dir='ltr'>habendam.</span> <span class='ocrx_word' id='word_1_224' title='bbox 812 3459 861 3523; x_wconf 92' lang='lat' dir='ltr'>Ne</span> <span class='ocrx_word' id='word_1_225' title='bbox 891 3467 997 3523; x_wconf 87' lang='lat' dir='ltr'>autem</span> <span class='ocrx_word' id='word_1_226' title='bbox 1028 3479 1124 3543; x_wconf 87' lang='lat' dir='ltr'>super</span> <span class='ocrx_word' id='word_1_227' title='bbox 1154 3461 1212 3523; x_wconf 91' lang='lat' dir='ltr'>hac</span> <span class='ocrx_word' id='word_1_228' title='bbox 1242 3463 1351 3523; x_wconf 88' lang='lat' dir='ltr'>nostra</span> <span class='ocrx_word' id='word_1_229' title='bbox 1380 3458 1551 3521; x_wconf 88' lang='lat' dir='ltr'>donatione</span> <span class='ocrx_word' id='word_1_230' title='bbox 1581 3456 1689 3537; x_wconf 85' lang='lat' dir='ltr'>alique</span> <span class='ocrx_word' id='word_1_231' title='bbox 1717 3456 1751 3517; x_wconf 92' lang='lat' dir='ltr'>in</span> <span class='ocrx_word' id='word_1_232' title='bbox 1787 3459 1821 3514; x_wconf 82' lang='lat'>25</span> 
     </span>
     <span class='ocr_line' id='line_1_27' title="bbox 355 3559 1752 3647; baseline 0 -26"><span class='ocrx_word' id='word_1_233' title='bbox 355 3563 517 3641; x_wconf 85' lang='lat' dir='ltr'>posterum</span> <span class='ocrx_word' id='word_1_234' title='bbox 540 3561 640 3644; x_wconf 90' lang='lat' dir='ltr'>possit</span> <span class='ocrx_word' id='word_1_235' title='bbox 653 3559 723 3624; x_wconf 84' lang='lat' dir='ltr'>fieri</span> <span class='ocrx_word' id='word_1_236' title='bbox 737 3562 894 3627; x_wconf 89' lang='lat' dir='ltr'>cavillatio</span> <span class='ocrx_word' id='word_1_237' title='bbox 910 3564 961 3627; x_wconf 87' lang='lat' dir='ltr'>vel</span> <span class='ocrx_word' id='word_1_238' title='bbox 985 3564 1145 3644; x_wconf 71' lang='lat' dir='ltr'>detractio,</span> <span class='ocrx_word' id='word_1_239' title='bbox 1168 3568 1350 3647; x_wconf 87' lang='lat' dir='ltr'>praesentes</span> <span class='ocrx_word' id='word_1_240' title='bbox 1372 3562 1480 3626; x_wconf 88' lang='lat' dir='ltr'>literas</span> <span class='ocrx_word' id='word_1_241' title='bbox 1502 3559 1597 3623; x_wconf 86' lang='lat' dir='ltr'>scribi</span> <span class='ocrx_word' id='word_1_242' title='bbox 1619 3559 1752 3623; x_wconf 83' lang='lat' dir='ltr'>fecimus</span> 
     </span>
     <span class='ocr_line' id='line_1_28' title="bbox 356 3661 1752 3748; baseline -0.001 -23"><span class='ocrx_word' id='word_1_243' title='bbox 356 3667 388 3725; x_wconf 91' lang='lat' dir='ltr'>et</span> <span class='ocrx_word' id='word_1_244' title='bbox 416 3662 551 3746; x_wconf 90' lang='lat' dir='ltr'>duplicis</span> <span class='ocrx_word' id='word_1_245' title='bbox 581 3663 674 3747; x_wconf 84' lang='lat' dir='ltr'>sigilli</span> <span class='ocrx_word' id='word_1_246' title='bbox 703 3667 803 3730; x_wconf 87' lang='lat' dir='ltr'>nostri</span> <span class='ocrx_word' id='word_1_247' title='bbox 834 3667 1010 3730; x_wconf 89' lang='lat' dir='ltr'>munimine</span> <span class='ocrx_word' id='word_1_248' title='bbox 1039 3665 1190 3729; x_wconf 87' lang='lat' dir='ltr'>roborari.</span> <span class='ocrx_word' id='word_1_249' title='bbox 1233 3665 1352 3729; x_wconf 88' lang='lat' dir='ltr'>Datum</span> <span class='ocrx_word' id='word_1_250' title='bbox 1382 3684 1439 3748; x_wconf 90' lang='lat' dir='ltr'>per</span> <span class='ocrx_word' id='word_1_251' title='bbox 1467 3681 1581 3727; x_wconf 90' lang='lat' dir='ltr'>manus</span> <span class='ocrx_word' id='word_1_252' title='bbox 1604 3661 1752 3743; x_wconf 82' lang='lat' dir='ltr'>Mathyae</span> 
     </span>
     <span class='ocr_line' id='line_1_29' title="bbox 356 3765 1752 3871; baseline -0.002 -42"><span class='ocrx_word' id='word_1_253' title='bbox 356 3767 526 3850; x_wconf 89' lang='lat' dir='ltr'>praepositi</span> <span class='ocrx_word' id='word_1_254' title='bbox 548 3766 767 3871; x_wconf 53' lang='lat' dir='ltr'>Zafpabiensis</span> <span class='ocrx_word' id='word_1_255' title='bbox 797 3775 828 3833; x_wconf 92' lang='lat' dir='ltr'>et</span> <span class='ocrx_word' id='word_1_256' title='bbox 850 3770 942 3833; x_wconf 84' lang='lat' dir='ltr'>aulae</span> <span class='ocrx_word' id='word_1_257' title='bbox 964 3774 1091 3833; x_wconf 87' lang='lat' dir='ltr'>nostrae</span> <span class='ocrx_word' id='word_1_258' title='bbox 1113 3768 1371 3849; x_wconf 73' lang='lat' dir='ltr'>vicecancellarii,</span> <span class='ocrx_word' id='word_1_259' title='bbox 1394 3787 1478 3830; x_wconf 89' lang='lat' dir='ltr'>anno</span> <span class='ocrx_word' id='word_1_260' title='bbox 1505 3766 1680 3829; x_wconf 87' lang='lat' dir='ltr'>dominicae</span> <span class='ocrx_word' id='word_1_261' title='bbox 1702 3765 1752 3827; x_wconf 90' lang='lat' dir='ltr'>in·</span> 
     </span>
     <span class='ocr_line' id='line_1_30' title="bbox 356 3849 1752 3951; baseline -0.001 -20"><span class='ocrx_word' id='word_1_262' title='bbox 356 3870 549 3935; x_wconf 89' lang='lat' dir='ltr'>carnationis</span> <span class='ocrx_word' id='word_1_263' title='bbox 579 3849 678 3936; x_wconf 75' lang='lat' dir='ltr'>Mdd</span> <span class='ocrx_word' id='word_1_264' title='bbox 702 3850 803 3936; x_wconf 63' lang='lat' dir='ltr'>XXX</span> <span class='ocrx_word' id='word_1_265' title='bbox 827 3851 888 3937; x_wconf 86' lang='grc' dir='ltr'>ΙΙῘ.</span> <span class='ocrx_word' id='word_1_266' title='bbox 933 3873 1020 3937; x_wconf 90' lang='lat' dir='ltr'>Pous</span> <span class='ocrx_word' id='word_1_267' title='bbox 1052 3873 1297 3947; x_wconf 82' lang='lat' dir='ltr'>tavernicorum</span> <span class='ocrx_word' id='word_1_268' title='bbox 1335 3872 1465 3934; x_wconf 86' lang='lat' dir='ltr'>Andrea</span> <span class='ocrx_word' id='word_1_269' title='bbox 1498 3869 1563 3932; x_wconf 88' lang='lat' dir='ltr'>filio</span> <span class='ocrx_word' id='word_1_270' title='bbox 1602 3867 1752 3951; x_wconf 88' lang='lat' dir='ltr'>Stephani</span> 
     </span>
     <span class='ocr_line' id='line_1_31' title="bbox 357 3972 1822 4060; baseline -0.002 -26"><span class='ocrx_word' id='word_1_271' title='bbox 357 3972 579 4057; x_wconf 77' lang='lat' dir='ltr'>dapiferorum,</span> <span class='ocrx_word' id='word_1_272' title='bbox 601 3975 705 4040; x_wconf 90' lang='lat' dir='ltr'>Belnd</span> <span class='ocrx_word' id='word_1_273' title='bbox 727 3975 792 4039; x_wconf 90' lang='lat' dir='ltr'>filio</span> <span class='ocrx_word' id='word_1_274' title='bbox 809 3976 887 4041; x_wconf 90' lang='lat' dir='ltr'>Oslu</span> <span class='ocrx_word' id='word_1_275' title='bbox 910 3977 1143 4060; x_wconf 78' lang='lat' dir='ltr'>pincernarum,</span> <span class='ocrx_word' id='word_1_276' title='bbox 1165 3975 1231 4039; x_wconf 89' lang='lat' dir='ltr'>filio</span> <span class='ocrx_word' id='word_1_277' title='bbox 1247 3974 1358 4039; x_wconf 85' lang='lat' dir='ltr'>Solum</span> <span class='ocrx_word' id='word_1_278' title='bbox 1380 3992 1554 4057; x_wconf 53' lang='lat' dir='ltr'>maenum</span> <span class='ocrx_word' id='word_1_279' title='bbox 1569 3976 1752 4035; x_wconf 89' lang='lat' dir='ltr'>nostrorum</span> <span class='ocrx_word' id='word_1_280' title='bbox 1787 3975 1822 4030; x_wconf 83' lang='lat'>30</span> 
     </span>
     <span class='ocr_line' id='line_1_32' title="bbox 355 4076 1631 4161; baseline -0.003 -20"><span class='ocrx_word' id='word_1_281' title='bbox 355 4076 557 4159; x_wconf 80' lang='lat' dir='ltr'>magistratus</span> <span class='ocrx_word' id='word_1_282' title='bbox 579 4079 771 4160; x_wconf 82' lang='lat' dir='ltr'>tenentibus,</span> <span class='ocrx_word' id='word_1_283' title='bbox 793 4078 949 4161; x_wconf 81' lang='lat' dir='ltr'>Dyonisio</span> <span class='ocrx_word' id='word_1_284' title='bbox 971 4099 1045 4142; x_wconf 89' lang='lat' dir='ltr'>cum</span> <span class='ocrx_word' id='word_1_285' title='bbox 1067 4097 1182 4161; x_wconf 79' lang='lat' dir='ltr'>magno</span> <span class='ocrx_word' id='word_1_286' title='bbox 1204 4097 1286 4141; x_wconf 88' lang='lat' dir='ltr'>nasu</span> <span class='ocrx_word' id='word_1_287' title='bbox 1308 4077 1445 4140; x_wconf 86' lang='lat' dir='ltr'>vaivoda</span> <span class='ocrx_word' id='word_1_288' title='bbox 1465 4077 1631 4139; x_wconf 81' lang='lat' dir='ltr'>existente.</span> 
     </span>
    </p>
   </div>
   <div class='ocr_carea' id='block_1_7' title="bbox 1021 4403 1087 4486">
    <p class='ocr_par' dir='ltr' id='par_1_7' title="bbox 1021 4403 1087 4486">
     <span class='ocr_line' id='line_1_33' title="bbox 1021 4403 1087 4486; baseline 0.045 -3"><span class='ocrx_word' id='word_1_289' title='bbox 1021 4403 1087 4486; x_wconf 83' lang='grc'>18.</span> 
     </span>
    </p>
   </div>
   <div class='ocr_carea' id='block_1_8' title="bbox 354 4579 1822 5020">
    <p class='ocr_par' dir='ltr' id='par_1_8' title="bbox 354 4579 1822 5020">
     <span class='ocr_line' id='line_1_34' title="bbox 433 4579 1751 4676; baseline -0.005 -20"><span class='ocrx_word' id='word_1_290' title='bbox 433 4586 707 4676; x_wconf 76' lang='lat' dir='ltr'>Pcrapia1234</span> <span class='ocrx_word' id='word_1_291' title='bbox 730 4585 874 4657; x_wconf 81' lang='lat' dir='ltr'>Obtobcr</span> <span class='ocrx_word' id='word_1_292' title='bbox 890 4589 942 4654; x_wconf 87' lang='grc'>11.</span> <span class='ocrx_word' id='word_1_293' title='bbox 971 4584 1080 4675; x_wconf 83' lang='lat' dir='ltr'>Papat</span> <span class='ocrx_word' id='word_1_294' title='bbox 1106 4582 1240 4674; x_wconf 56' lang='grc' dir='ltr'>(ἔνεμον</span> <span class='ocrx_word' id='word_1_295' title='bbox 1265 4581 1335 4653; x_wconf 84' lang='grc' dir='ltr'>ΙΧ.</span> <span class='ocrx_word' id='word_1_296' title='bbox 1365 4581 1564 4671; x_wconf 73' lang='lat' dir='ltr'>benaflrapt</span> <span class='ocrx_word' id='word_1_297' title='bbox 1589 4579 1656 4652; x_wconf 79' lang='lat' dir='ltr'>dea</span> <span class='ocrx_word' id='word_1_298' title='bbox 1680 4579 1751 4649; x_wconf 86' lang='lat' dir='ltr'>Pa-</span> 
     </span>
     <span class='ocr_line' id='line_1_35' title="bbox 356 4699 1751 4799; baseline -0.006 -22"><span class='ocrx_word' id='word_1_299' title='bbox 356 4707 530 4777; x_wconf 80' lang='lat' dir='ltr'>triercbco</span> <span class='ocrx_word' id='word_1_300' title='bbox 543 4729 607 4778; x_wconf 81' lang='lat' dir='ltr'>oca</span> <span class='ocrx_word' id='word_1_301' title='bbox 617 4706 778 4799; x_wconf 63' lang='lat' dir='ltr'>Aquileia</span> <span class='ocrx_word' id='word_1_302' title='bbox 795 4706 869 4777; x_wconf 81' lang='lat' dir='ltr'>aad</span> <span class='ocrx_word' id='word_1_303' title='bbox 886 4706 952 4777; x_wconf 79' lang='lat' dir='ltr'>dea</span> <span class='ocrx_word' id='word_1_304' title='bbox 965 4703 1178 4792; x_wconf 67' lang='lat' dir='ltr'>Ersbbcbof</span> <span class='ocrx_word' id='word_1_305' title='bbox 1187 4727 1252 4775; x_wconf 84' lang='lat' dir='ltr'>eoa</span> <span class='ocrx_word' id='word_1_306' title='bbox 1269 4703 1379 4791; x_wconf 79' lang='lat' dir='ltr'>Gran,</span> <span class='ocrx_word' id='word_1_307' title='bbox 1395 4703 1512 4792; x_wconf 75' lang='lat' dir='ltr'>Ko‘aip</span> <span class='ocrx_word' id='word_1_308' title='bbox 1521 4700 1682 4772; x_wconf 65' lang='lat' dir='ltr'>Aeaeos</span> <span class='ocrx_word' id='word_1_309' title='bbox 1697 4699 1751 4769; x_wconf 88' lang='grc' dir='ltr'>Π.</span> 
     </span>
     <span class='ocr_line' id='line_1_36' title="bbox 354 4819 1822 4914; baseline -0.005 -16"><span class='ocrx_word' id='word_1_310' title='bbox 354 4827 427 4898; x_wconf 76' lang='lat' dir='ltr'>aad</span> <span class='ocrx_word' id='word_1_311' title='bbox 462 4827 581 4899; x_wconf 71' lang='grc'><strong><em>1633611</em></strong></span> <span class='ocrx_word' id='word_1_312' title='bbox 617 4826 710 4900; x_wconf 83' lang='lat' dir='ltr'>Saba</span> <span class='ocrx_word' id='word_1_313' title='bbox 735 4826 825 4899; x_wconf 81' lang='lat' dir='ltr'>Bela</span> <span class='ocrx_word' id='word_1_314' title='bbox 860 4850 924 4897; x_wconf 75' lang='lat' dir='ltr'>aar</span> <span class='ocrx_word' id='word_1_315' title='bbox 952 4825 1197 4914; x_wconf 73' lang='lat' dir='ltr'>Rdcbatcllaap</span> <span class='ocrx_word' id='word_1_316' title='bbox 1232 4824 1291 4896; x_wconf 82' lang='lat' dir='ltr'>des</span> <span class='ocrx_word' id='word_1_317' title='bbox 1317 4821 1578 4895; x_wconf 74' lang='lat' dir='ltr'>Barsenbaades</span> <span class='ocrx_word' id='word_1_318' title='bbox 1614 4842 1659 4892; x_wconf 83' lang='lat' dir='ltr'>aa</span> <span class='ocrx_word' id='word_1_319' title='bbox 1686 4819 1753 4890; x_wconf 68' lang='lat' dir='ltr'>aaa</span> <span class='ocrx_word' id='word_1_320' title='bbox 1787 4837 1822 4890; x_wconf 83' lang='lat'>35</span> 
     </span>
     <span class='ocr_line' id='line_1_37' title="bbox 355 4947 1009 5020; baseline -0.002 -3"><span class='ocrx_word' id='word_1_321' title='bbox 355 4947 537 5020; x_wconf 71' lang='grc'><strong><em>1611661616</em></strong></span> <span class='ocrx_word' id='word_1_322' title='bbox 569 4947 684 5020; x_wconf 76' lang='lat' dir='ltr'>Ordea</span> <span class='ocrx_word' id='word_1_323' title='bbox 709 4971 754 5019; x_wconf 76' lang='lat' dir='ltr'>aa</span> <span class='ocrx_word' id='word_1_324' title='bbox 779 4948 1009 5019; x_wconf 76' lang='lat' dir='ltr'>veraabraaca.</span> 
     </span>
    </p>
   </div>
   <div class='ocr_carea' id='block_1_9' title="bbox 510 5107 1306 5181">
    <p class='ocr_par' dir='ltr' id='par_1_9' title="bbox 510 5107 1306 5181">
     <span class='ocr_line' id='line_1_38' title="bbox 510 5107 1306 5181; baseline -0.008 -15"><span class='ocrx_word' id='word_1_325' title='bbox 510 5112 635 5181; x_wconf 73' lang='lat' dir='ltr'>Rapiatcr</span> <span class='ocrx_word' id='word_1_326' title='bbox 658 5109 866 5164; x_wconf 76' lang='lat' dir='ltr'>Vatibam&#39;acbca</span> <span class='ocrx_word' id='word_1_327' title='bbox 884 5108 994 5162; x_wconf 75' lang='lat' dir='ltr'>Arabio.</span> <span class='ocrx_word' id='word_1_328' title='bbox 1018 5108 1171 5176; x_wconf 77' lang='lat' dir='ltr'>Verpleicbe</span> <span class='ocrx_word' id='word_1_329' title='bbox 1190 5107 1244 5161; x_wconf 81' lang='lat' dir='ltr'>Nr.</span> <span class='ocrx_word' id='word_1_330' title='bbox 1264 5111 1306 5161; x_wconf 82' lang='lat'>65.</span> 
     </span>
    </p>
   </div>
   <div class='ocr_carea' id='block_1_10' title="bbox 458 5222 1823 5383">
    <p class='ocr_par' dir='ltr' id='par_1_10' title="bbox 458 5222 1823 5383">
     <span class='ocr_line' id='line_1_39' title="bbox 510 5222 1752 5298; baseline -0.008 -13"><span class='ocrx_word' id='word_1_331' title='bbox 510 5231 622 5285; x_wconf 79' lang='lat' dir='ltr'>Druck:</span> <span class='ocrx_word' id='word_1_332' title='bbox 640 5231 727 5298; x_wconf 80' lang='lat' dir='ltr'>Fejc&#39;r</span> <span class='ocrx_word' id='word_1_333' title='bbox 747 5229 838 5285; x_wconf 74' lang='lat' dir='ltr'>Codex</span> <span class='ocrx_word' id='word_1_334' title='bbox 855 5227 917 5295; x_wconf 86' lang='lat'><em>111,</em></span> <span class='ocrx_word' id='word_1_335' title='bbox 935 5232 961 5295; x_wconf 81' lang='lat'>2,</span> <span class='ocrx_word' id='word_1_336' title='bbox 979 5232 1038 5283; x_wconf 72' lang='lat'><strong><em>394.</em></strong></span> <span class='ocrx_word' id='word_1_337' title='bbox 1057 5226 1180 5282; x_wconf 80' lang='lat' dir='ltr'>Sebullcr</span> <span class='ocrx_word' id='word_1_338' title='bbox 1197 5226 1299 5282; x_wconf 77' lang='lat' dir='ltr'>Archiv</span> <span class='ocrx_word' id='word_1_339' title='bbox 1316 5226 1343 5293; x_wconf 83' lang='grc' dir='ltr'>Ι,</span> <span class='ocrx_word' id='word_1_340' title='bbox 1360 5230 1420 5281; x_wconf 82' lang='lat'><em>260.</em></span> <span class='ocrx_word' id='word_1_341' title='bbox 1454 5224 1567 5280; x_wconf 73' lang='lat' dir='ltr'>Tautacb</span> <span class='ocrx_word' id='word_1_342' title='bbox 1587 5224 1647 5277; x_wconf 79' lang='lat' dir='ltr'>aad</span> <span class='ocrx_word' id='word_1_343' title='bbox 1665 5222 1752 5277; x_wconf 69' lang='lat' dir='ltr'>Fica·</span> 
     </span>
     <span class='ocr_line' id='line_1_40' title="bbox 458 5309 1823 5383; baseline -0.009 -9"><span class='ocrx_word' id='word_1_344' title='bbox 458 5319 542 5373; x_wconf 77' lang='lat' dir='ltr'>babor</span> <span class='ocrx_word' id='word_1_345' title='bbox 560 5317 632 5372; x_wconf 71' lang='lat' dir='ltr'>Saea.</span> <span class='ocrx_word' id='word_1_346' title='bbox 655 5317 737 5373; x_wconf 82' lang='lat' dir='ltr'>Urkb.</span> <span class='ocrx_word' id='word_1_347' title='bbox 755 5317 782 5383; x_wconf 83' lang='lat'>1,</span> <span class='ocrx_word' id='word_1_348' title='bbox 800 5320 843 5371; x_wconf 81' lang='lat'>57.</span> <span class='ocrx_word' id='word_1_349' title='bbox 864 5315 979 5370; x_wconf 73' lang='lat' dir='ltr'>ibeiaer</span> <span class='ocrx_word' id='word_1_350' title='bbox 992 5314 1069 5368; x_wconf 79' lang='lat' dir='ltr'>Moe.</span> <span class='ocrx_word' id='word_1_351' title='bbox 1084 5314 1179 5383; x_wconf 74' lang='lat' dir='ltr'>Haaq.</span> <span class='ocrx_word' id='word_1_352' title='bbox 1198 5314 1224 5381; x_wconf 90' lang='lat'>1,</span> <span class='ocrx_word' id='word_1_353' title='bbox 1243 5317 1301 5367; x_wconf 77' lang='lat'>128.</span> <span class='ocrx_word' id='word_1_354' title='bbox 1319 5312 1504 5367; x_wconf 77' lang='lat' dir='ltr'>Damaiaaa</span> <span class='ocrx_word' id='word_1_355' title='bbox 1515 5309 1681 5365; x_wconf 73' lang='lat' dir='ltr'>Documento</span> <span class='ocrx_word' id='word_1_356' title='bbox 1694 5311 1753 5363; x_wconf 79' lang='lat'><em>129.</em></span> <span class='ocrx_word' id='word_1_357' title='bbox 1816 5342 1823 5362; x_wconf 20' lang='lat'>⁴-</span> 
     </span>
    </p>
   </div>
   <div class='ocr_carea' id='block_1_11' title="bbox 511 5429 1824 5509">
    <p class='ocr_par' dir='ltr' id='par_1_11' title="bbox 511 5429 1824 5509">
     <span class='ocr_line' id='line_1_41' title="bbox 511 5429 1824 5509; baseline -0.008 -15"><span class='ocrx_word' id='word_1_358' title='bbox 511 5438 623 5509; x_wconf 73' lang='lat' dir='ltr'>Raepeat:</span> <span class='ocrx_word' id='word_1_359' title='bbox 640 5437 768 5493; x_wconf 78' lang='lat' dir='ltr'>Pottbaat</span> <span class='ocrx_word' id='word_1_360' title='bbox 786 5436 904 5507; x_wconf 68' lang='lat' dir='ltr'>Raeqcaa</span> <span class='ocrx_word' id='word_1_361' title='bbox 921 5435 975 5489; x_wconf 83' lang='lat' dir='ltr'>Nr.</span> <span class='ocrx_word' id='word_1_362' title='bbox 993 5439 1071 5491; x_wconf 83' lang='lat'><strong><em>9722.</em></strong></span> <span class='ocrx_word' id='word_1_363' title='bbox 1787 5429 1824 5484; x_wconf 79' lang='lat'>40</span> 
     </span>
    </p>
   </div>
   <div class='ocr_carea' id='block_1_12' title="bbox 0 0 2028 6277">
    <p class='ocr_par' dir='ltr' id='par_1_12' title="bbox 0 0 2028 6277">
     <span class='ocr_line' id='line_1_42' title="bbox 0 0 2028 6277; baseline 0 0"><span class='ocrx_word' id='word_1_364' title='bbox 0 0 2028 6277; x_wconf 95' lang='lat' dir='ltr'> </span> 
     </span>
    </p>
   </div>
  </div>
 </body>
</html>
