4088 6292
966 631 1122 727 gra

493 822 533 887 In
554 840 664 887 rerum
686 820 970 886 ecclesiasticarum
993 822 1124 906 agendis
1146 840 1271 906 semper
1295 819 1428 885 meliora
1449 819 1688 904 prospiciuntur
1710 824 1742 884 et

339 925 468 992 utiliora
489 926 699 990 attenduntur
721 925 761 988 ed
784 924 852 1007 hoc,
880 930 917 989 ut
939 926 990 989 dei
1013 926 1146 990 ecclesia
1167 926 1200 988 in
1224 944 1282 989 suo
1305 929 1391 988 statu
1413 929 1483 988 tuta
1503 929 1688 1008 permaneat
1709 930 1742 988 et

338 1031 373 1093 in
394 1030 462 1094 suis
483 1029 577 1093 bonis
599 1030 641 1093 sit
671 1029 850 1110 tranquilla.
885 1030 948 1093 Pro
971 1050 1009 1094 eo
1040 1050 1099 1094 nos
1121 1030 1236 1094 Petrus
1259 1030 1310 1093 dei
1332 1030 1433 1112 gratia
1455 1029 1623 1112 episcopus
1643 1028 1741 1091 Tran-

338 1133 483 1199 siluanus
504 1133 708 1197 commodum
729 1138 762 1195 et
784 1132 952 1197 utilitatem
974 1135 1076 1198 nostri
1099 1132 1299 1217 episcopatus
1318 1133 1423 1195 studio
1447 1132 1617 1195 sollertiori
1639 1138 1741 1196 atten-

339 1238 459 1320 dentes,
482 1243 520 1301 ut
533 1237 644 1321 populi
658 1236 864 1319 episcopatus
873 1239 975 1301 nostri
998 1239 1037 1303 de
1052 1238 1202 1319 illusum,
1225 1238 1264 1301 de
1280 1237 1382 1301 Feres
1397 1242 1429 1300 et
1442 1236 1577 1300 aliarum
1593 1236 1739 1299 villarum
1775 1247 1792 1298 5

339 1347 520 1406 nostramm
549 1341 841 1405 circumiacentium
872 1343 1070 1405 commodius
1093 1347 1125 1405 et
1152 1342 1293 1423 quietius
1314 1342 1363 1405 uti
1386 1340 1521 1419 valeant
1550 1339 1683 1404 liben'us
1704 1359 1741 1403 ac

338 1445 458 1530 largius
474 1447 508 1508 in
531 1444 598 1509 suis
621 1444 713 1508 bonis
728 1444 820 1508 nobis
840 1446 960 1510 servire
975 1446 1106 1529 possint
1129 1452 1258 1530 propter
1274 1446 1334 1508 hoc
1356 1445 1499 1527 diligenti
1515 1444 1741 1508 deliberatione

339 1550 513 1634 praemissa
534 1569 608 1613 cum
630 1549 699 1611 viro
722 1547 870 1631 religioso
893 1549 991 1614 tratre
1012 1548 1131 1613 Lazaro
1155 1549 1269 1613 abbate
1291 1548 1474 1612 monasterii
1496 1547 1741 1630 gloriosissimae

340 1654 473 1737 virgirns
487 1653 607 1717 Mariae
629 1654 668 1716 de
684 1651 766 1716 liius
781 1657 980 1717 contractum
1003 1654 1246 1737 permutationis
1264 1653 1303 1717 de
1326 1652 1516 1735 quibusdam
1531 1652 1626 1715 tern's
1640 1650 1741 1716 Leske

339 1763 373 1821 et
394 1756 596 1841 Soentgyurg
625 1757 746 1820 vocatis
775 1757 860 1820 inter
880 1759 1097 1840 possessiones
1120 1764 1245 1820 nostras
1271 1757 1447 1821 iacentibus
1477 1756 1630 1819 duximus
1659 1755 1741 1819 cele·
1778 1765 1811 1818 10

339 1860 506 1942 brandum,
533 1861 568 1923 in
591 1879 729 1942 quarum
751 1865 909 1924 terrarum
930 1861 1152 1925 concambium
1175 1860 1329 1943 quasdam
1351 1859 1443 1923 villas
1465 1866 1591 1923 nostras
1614 1858 1741 1923 Nadasd

341 1971 374 2029 et
395 1965 611 2049 Bugartelulre
633 1970 772 2045 vocatae,
795 1964 880 2028 villis
902 1971 934 2028 et
956 1966 1049 2029 terris
1065 1965 1250 2029 monasterii
1272 1963 1425 2047 praedicti
1447 1970 1680 2027 commetaneas
1702 1962 1741 2025 ab

340 2069 410 2134 aliis
441 2071 534 2134 terris
563 2070 682 2134 nostris
712 2075 745 2133 et
765 2068 1022 2153 possessionibus
1051 2070 1146 2132 certis
1169 2069 1262 2132 metis
1285 2074 1317 2132 et
1347 2068 1491 2132 terminis
1520 2074 1681 2151 separatas
1710 2072 1743 2130 et

341 2173 515 2255 distinctas,
540 2172 646 2238 abbati
669 2180 702 2238 et
721 2194 780 2259 per
801 2192 874 2237 eum
898 2173 1088 2236 monasterio
1112 2173 1272 2257 praedicto
1296 2172 1409 2235 danius
1432 2177 1464 2236 et
1485 2172 1684 2254 assignamus
1706 2189 1742 2233 aa

341 2296 399 2362 per
428 2283 548 2341 cartam
570 2282 770 2361 praesentem
792 2278 897 2361 ipsum
923 2278 1054 2342 tratrmn
1075 2277 1230 2341 Lazarum
1252 2283 1415 2358 tamquam
1437 2276 1583 2340 abbatem
1605 2283 1637 2339 et
1665 2275 1742 2358 legi·
1777 2284 1812 2337 15

340 2382 454 2445 timum
484 2382 629 2446 eiusdem
651 2382 836 2445 monasterii
862 2381 1148 2446 administratorem
1179 2401 1293 2445 verum
1319 2381 1484 2445 dominum
1506 2386 1539 2444 et
1566 2380 1743 2464 legitimum

340 2486 565 2550 constitimus
580 2503 796 2569 possessorem
819 2487 1000 2550 earundem.
1029 2486 1248 2551 Promittendo
1264 2485 1376 2565 eidem,
1399 2491 1436 2548 ut
1457 2485 1484 2546 si
1506 2483 1573 2547 ullo
1589 2502 1742 2565 umquam

340 2595 482 2673 tempore
511 2589 597 2654 idem
627 2588 775 2653 dominus
797 2588 895 2653 abbas
917 2591 970 2654 vel
992 2591 1061 2654 eius
1083 2610 1283 2654 successores
1306 2590 1339 2652 in
1362 2589 1455 2652 terris
1487 2608 1543 2672 per
1573 2607 1632 2651 nos
1661 2586 1743 2650 datis

339 2693 373 2755 in
389 2697 456 2756 toto
473 2694 702 2776 impeterentur
717 2693 768 2756 vel
784 2694 818 2756 in
834 2700 932 2777 parte,
956 2714 1015 2757 nos
1038 2700 1070 2758 et
1089 2695 1190 2757 nostri
1209 2712 1408 2757 successores
1425 2691 1604 2756 tenebimur
1619 2710 1743 2774 semper

341 2797 447 2881 ipsum
470 2798 635 2861 dominum
657 2798 803 2864 abbatem
826 2806 858 2863 et
872 2799 1102 2862 monasterium
1117 2799 1150 2860 in
1173 2797 1374 2882 possessione
1392 2797 1501 2878 quieta
1511 2796 1530 2873 ¹)
1553 2814 1742 2859 conservare
1778 2804 1813 2858 20

341 2907 381 2984 et,
412 2902 439 2965 si
461 2902 521 2965 boc
551 2903 655 2967 lacere
678 2923 744 2966 non
767 2904 1003 2968 attenderemus
1026 2921 1085 2965 nec
1114 2921 1289 2986 possemus,
1320 2908 1396 2964 tuno
1419 2906 1522 2964 terrae
1552 2906 1743 2964 memoratae

341 3005 433 3068 nobis
455 3006 490 3068 in
512 3007 733 3070 concambium
756 3008 933 3091 assignatae
949 3007 987 3070 ad
1002 3007 1055 3070 ius
1069 3013 1102 3070 et
1116 3006 1339 3090 proprietatem
1354 3006 1538 3068 monasterii
1554 3005 1622 3068 sine
1637 3005 1745 3086 aliqua

341 3109 477 3174 redeant
499 3111 693 3191 quaestione.
727 3111 947 3175 Promittimus
968 3112 1110 3195 insuper,
1140 3116 1177 3173 ut
1196 3110 1293 3173 abbas
1316 3129 1403 3173 nuno
1425 3110 1568 3173 existens
1590 3114 1622 3172 et
1644 3108 1743 3172 futuri

342 3214 481 3297 abbates,
503 3214 531 3278 si
554 3214 682 3296 quando
698 3216 860 3280 voluerint
882 3222 914 3279 et
936 3216 1030 3299 lignis
1052 3234 1109 3297 pro
1131 3213 1282 3278 aedificiis
1303 3214 1338 3276 in
1356 3214 1494 3277 claustro
1517 3213 1670 3277 faciendis
1692 3212 1744 3276 vel

340 3338 398 3403 pro
421 3318 592 3383 reficiendo
615 3318 807 3381 monasterio
831 3339 867 3382 ac
899 3319 1066 3381 domorum
1087 3319 1121 3381 in
1144 3318 1282 3382 claustro
1310 3319 1518 3382 existentium
1538 3317 1743 3400 indiguerint
1779 3322 1813 3377 25

341 3422 475 3485 liberam
504 3421 642 3485 habeant
670 3422 852 3485 facultatem
883 3421 1044 3485 incidendi
1073 3421 1160 3504 ligna
1189 3423 1222 3485 in
1253 3422 1335 3485 silva
1362 3421 1463 3486 Leslre
1493 3429 1525 3485 et
1554 3420 1744 3504 exportandi

341 3527 409 3590 sine
432 3525 539 3607 aliquo
563 3526 789 3610 impedimento
814 3526 1080 3608 quotiescumque
1112 3525 1280 3590 voluerint
1314 3525 1353 3588 In
1376 3526 1469 3588 ouius
1490 3526 1536 3587 rei
1559 3525 1744 3589 memoriam

342 3635 374 3694 et
407 3636 592 3713 perpetuam
627 3629 808 3693 finnitatem
841 3629 923 3692 hanc
956 3635 1075 3692 cartam
1109 3630 1223 3693 seriem
1254 3629 1496 3712 permutationis
1529 3629 1744 3693 continentem

342 3733 444 3817 sigillo
479 3740 588 3798 nostro
621 3733 727 3797 abbati
757 3741 789 3798 et
819 3735 1011 3799 monasterio
1046 3752 1139 3817 saepe
1173 3733 1238 3796 fato
1273 3732 1385 3796 damus
1415 3739 1447 3796 et
1481 3732 1636 3795 tradimus
1669 3752 1745 3795 con-

341 3838 505 3921 signatam.
546 3837 665 3902 Datum
695 3840 728 3901 in
759 3837 909 3920 Klusuar,
941 3839 976 3900 in
1005 3838 1087 3902 testo
1116 3837 1320 3902 exaltationis
1355 3843 1482 3900 sanctam
1511 3837 1624 3918 crucis,
1659 3855 1743 3899 anno
1779 3844 1815 3897 30

342 3941 462 4005 domini
483 3920 525 4006 li.
545 3920 603 4007 00.
626 3945 831 4026 nonagesimo
854 3962 949 4006 nono.

497 4064 573 4145 Aaf
589 4063 643 4128 der
665 4064 824 4130 Rocleeite
844 4086 901 4129 eon
923 4065 1006 4127 aner
1019 4062 1119 4127 Hand
1140 4063 1191 4127 dee
1212 4064 1263 4128 15.
1278 4061 1522 4127 Jabrluadere:
1547 4063 1744 4127 Permutatio

344 4164 493 4229 villarum
508 4167 647 4232 Nadisch
670 4177 702 4233 et
716 4169 856 4254 Bugutel
879 4171 962 4232 inter
981 4169 1145 4232 dominum
1170 4168 1352 4251 episcopum
1376 4175 1408 4230 et
1429 4166 1575 4229 abbatem
1590 4165 1744 4230 Lazarum

342 4270 382 4336 de
406 4271 625 4337 Olusmonstra
647 4273 812 4337 celebrata

1000 4515 1096 4602 284.
1779 4536 1814 4593 aa

419 4682 533 4754 1299.
573 4681 692 4774 Kdaip
717 4682 880 4756 11010000
915 4681 995 4754 ΙΙΙ.
1032 4682 1191 4773 1103101191
1225 4682 1282 4754 die
1322 4679 1487 4754 Urkuade
1521 4680 1581 4752 dee
1611 4677 1745 4772 Kdaipa

344 4801 499 4896 Stcpbaa
532 4801 571 4875 V.
597 4826 663 4876 eoa
688 4807 797 4875 1272
824 4803 890 4875 Nr.
918 4805 996 4874 154
1028 4804 1092 4875 mit
1118 4804 1237 4876 00000
1272 4802 1436 4875 Urbaade
1462 4801 1516 4873 als
1540 4801 1658 4875 iunior
1682 4822 1745 4872 rea

343 4945 408 4997 oon
433 4926 540 4995 1264
566 4923 634 4995 Nr.
661 4927 743 4996 107
760 4925 831 5013 fiir
857 4924 921 4996 das
953 4922 1320 4997 Oratoreicasertlosler
1345 4923 1450 4996 Kera.

499 5087 703 5157 Eiaqaaalei
720 5103 773 5141 von
787 5086 882 5158 Kdaiq
896 5086 959 5142 Otto
977 5091 1055 5154 1306,
1075 5087 1151 5158 Oriq.
1171 5087 1350 5142 Hermanaat.
1363 5086 1474 5141 Arenae.
1492 5117 1526 5127 —
1544 5087 1599 5141 Die
1616 5086 1746 5143 Urkande

446 5172 558 5314 ἕπει
551 5173 687 5315 101Αοιέὴεί
695 5173 884 5243 emereatur
900 5190 954 5229 con
971 5175 1031 5229 dem
1049 5175 1321 5230 Kolbasmoaostorer
1333 5174 1460 5228 Korweat
1479 5178 1555 5241 1494,
1577 5174 1652 5245 Oria.
1672 5174 1743 5228 Her·
1778 5172 1814 5225 40

497 5379 611 5437 Druck:
629 5380 717 5449 Pejor
737 5380 827 5437 Oodeoe
849 5382 902 5451 VI,
917 5386 944 5451 2,
963 5387 1023 5439 187.
1050 5382 1164 5439 Teatacb
1182 5400 1210 5438 u.
1229 5382 1391 5439 Firababer
1409 5380 1482 5436 siet.
1505 5380 1587 5437 Uret.
1606 5382 1710 5450 1,216.

499 5521 521 5595 ¹)
538 5523 622 5577 1368:
639 5519 736 5593 quiete.
