4088 6292
893 613 1047 707 Q

896 810 899 815 ’
927 817 1019 900 289.

231 1004 234 1013 ’
346 981 537 1053 Mamaea
562 984 662 1052 1301
694 981 786 1052 Jaoi
811 985 847 1052 2.
889 981 965 1053 Der
991 981 1221 1053 Milblbocber
1250 981 1347 1053 Rath
1381 980 1571 1071 cereptum
1605 977 1672 1050 den

269 1102 610 1175 Hermonastddtera
629 1104 750 1191 freiero
785 1101 937 1175 Verbebr
963 1102 1072 1173 durch
1098 1104 1172 1175 seio
1202 1101 1329 1175 Gehiet

424 1266 582 1332 Abacbra'st:
612 1265 737 1321 Collecta'o
756 1266 906 1333 mesafeld
929 1266 1185 1320 Bruhentbol'sobea
1203 1266 1331 1319 Muscam
1355 1264 1576 1318 Hemnanaaadt
1601 1264 1672 1317 nacla

217 1355 233 1408 5
372 1355 432 1407 deta
452 1353 528 1422 θήρ.
553 1352 585 1405 ia
606 1353 655 1407 der
672 1353 936 1420 boodacbriftlicbea
954 1353 1116 1423 Sammluap
1139 1354 1186 1406 dcc
1204 1351 1318 1407 Joliaaa
1336 1349 1457 1404 Mioboel
1475 1349 1599 1404 Soterico
1618 1365 1672 1403 voa

373 1439 572 1495 matrim.

426 1560 537 1616 Draaelt:
560 1560 769 1616 Vereinsarcbio
787 1561 865 1615 Noae
884 1560 971 1631 Folpe
989 1559 1083 1627 XIII,
1103 1564 1162 1614 164.

425 1720 572 1784 Providis
596 1720 674 1784 viris
696 1726 729 1784 et
747 1720 889 1784 honestis
905 1719 1042 1783 dominis
1065 1724 1096 1783 et
1111 1720 1219 1782 amicis
1235 1738 1347 1783 eorum
1363 1720 1542 1797 carissimis,
1565 1719 1672 1800 iudici,

270 1824 383 1889 iuratis
413 1845 450 1888 ac
472 1824 631 1888 universis
661 1824 787 1908 populis
810 1824 849 1887 de
872 1824 995 1888 Cibinio
1019 1824 1207 1887 salutemet
1237 1823 1405 1887 amicitiam
1427 1829 1569 1906 paratam
1598 1842 1672 1885 cum

203 1934 238 1989 10
273 1929 402 1993 honore.
435 1928 625 2012 Recepimus
648 1927 755 1991 literas
778 1934 901 1991 vestras
929 1927 1050 1992 honore
1077 1946 1141 2008 quo
1164 1927 1279 2009 decuit,
1310 1926 1427 2008 quibus
1450 1926 1578 2009 quidem
1601 1945 1673 2009 per·

273 2032 364 2097 lectis
393 2031 621 2113 intelleximus,
653 2032 813 2114 quomodo
843 2052 903 2095 vos
928 2031 1044 2116 petitis,
1072 2050 1133 2094 nos
1154 2030 1250 2093 immo
1280 2031 1407 2114 rogatis,
1437 2037 1474 2094 ut
1495 2030 1568 2093 hinc
1597 2029 1672 2093 inde

271 2141 384 2201 euntes
407 2142 439 2201 et
460 2136 632 2201 redeuntes
654 2142 779 2200 vestros
801 2136 966 2201 consocios
981 2140 1127 2199 nostrum
1145 2134 1285 2199 medium
1309 2133 1405 2198 salvis
1428 2134 1525 2199 rebus
1547 2138 1579 2198 et
1600 2152 1672 2217 per-

270 2241 357 2304 sonis
380 2240 515 2304 transire
537 2241 801 2323 permitteremus.
823 2239 865 2304 Et
888 2239 964 2322 quia
985 2258 1044 2302 nos
1067 2240 1119 2302 die
1134 2244 1298 2321 noctuque
1320 2239 1416 2303 deum
1438 2259 1512 2302 oum
1535 2239 1670 2322 suspirio

269 2364 406 2427 oramus,
427 2349 465 2408 ut
479 2364 589 2428 pacem
605 2345 809 2427 tranquillam
825 2344 973 2407 omnibus
989 2343 1106 2407 nostris
1121 2343 1241 2424 reddat,
1263 2343 1361 2426 igitur
1375 2362 1435 2406 vos
1450 2362 1671 2406 assecuramus

200 2457 234 2509 15
269 2453 302 2512 ot
323 2447 490 2513 allidamus
519 2449 594 2512 data
615 2448 674 2512 sub
704 2447 882 2529 bonafide,
912 2454 950 2510 ut
976 2447 1110 2528 quilibet
1137 2451 1279 2511 vestrum
1302 2466 1413 2511 secure
1443 2452 1475 2511 et
1498 2448 1605 2527 quiete
1634 2466 1671 2510 ac

267 2551 397 2637 pacifice
420 2553 552 2617 veniant
580 2558 613 2617 et
634 2552 767 2616 redeant
795 2552 908 2615 harum
931 2558 1113 2615 nostrarum
1140 2552 1320 2615 testimonio
1342 2551 1516 2615 literarum.
1548 2549 1672 2634 Scripta

268 2657 302 2719 in
323 2655 434 2739 Sabus
456 2657 536 2720 feria
550 2661 642 2720 sexta
656 2661 729 2743 post
742 2656 860 2721 festum
880 2656 1083 2730 sacratissimi
1098 2655 1240 2739 corporis
1256 2654 1381 2737 Christi,
1404 2676 1488 2719 anno
1504 2654 1670 2720 millesimo

269 2761 490 2825 ducentesimo
513 2760 625 2844 primo.

580 2864 695 2946 Iudex,
710 2864 806 2928 iurati
821 2869 853 2928 et
870 2863 1011 2928 universi
1021 2863 1163 2948 hospites
1179 2864 1218 2928 de
1231 2862 1335 2929 Sebus
1349 2865 1448 2929 vestri
1464 2863 1498 2927 in
1514 2861 1670 2925 omnibus.

924 3191 1017 3277 290.

194 3466 198 3475 Ι
344 3360 445 3429 1301
483 3356 629 3431 otiolo
663 3361 728 3430 20.
783 3357 860 3429 Das
899 3355 1179 3449 Weisscabarper
1214 3356 1358 3449 Kapitel
1392 3356 1548 3447 laeam,
1590 3356 1671 3429 dass

275 3478 445 3552 Woiwode
471 3478 661 3552 Ladisloua
694 3481 787 3553 seiae
813 3479 1003 3570 Beoitacaq
1030 3479 1114 3551 Boo
1149 3479 1223 3550 aad
1248 3480 1304 3553 die
1330 3479 1456 3568 Hdlfle
1486 3479 1550 3550 der
1576 3483 1672 3549 terra

275 3598 379 3689 lIy‘lolc
401 3622 509 3691 papea
528 3600 727 3690 Detasoloa
753 3600 891 3688 Osaces,
910 3600 1074 3692 Daayan,
1102 3600 1262 3692 Haemos
1284 3601 1358 3674 aad
1374 3599 1671 3673 Kurtwetastelelce

268 3744 316 3793 aa
346 3720 464 3794 Comes
491 3721 662 3794 homnae
688 3723 882 3814 abpatreten
908 3723 978 3795 bat.

199 3885 232 3940 25
423 3885 536 3941 Druck:
561 3886 648 3954 haja
668 3886 758 3941 Oodaoe
780 3886 869 3952 VIII,
893 3890 917 3954 1,
945 3890 976 3940 75
1000 3886 1071 3939 nach
1097 3886 1229 3941 Οοτπίάοδ
1251 3886 1399 3940 Manualcr.
1421 3886 1486 3942 0011.
1505 3886 1615 3955 da'plom.
1634 3886 1674 3940 ΙΙ

371 3971 442 4026 nacla
466 3972 514 4027 der
532 3971 884 4042 Beplaobipenyaurlcuode
906 3973 953 4026 des
976 3972 1200 4042 Weissenburqer
1217 3973 1346 4042 Kapitela
1365 3976 1513 4040 oon1500,
1537 3973 1597 4026 aad
1619 3971 1670 4037 VI,

369 4063 396 4126 2,
408 4061 468 4125 322,
485 4074 528 4113 wo
540 4058 627 4125 haja
640 4058 683 4115 alo
697 4059 788 4129 Qualia
803 4058 944 4115 Gomides’
956 4058 1015 4113 eine
1028 4058 1380 4129 Beqloobipanyaurtaade
1392 4058 1529 4113 desselben
1540 4057 1669 4126 Kapitele

370 4160 424 4199 eon
442 4148 511 4200 1560
528 4145 685 4200 baciolam.

428 4265 653 4336 Unoozntoamy:
673 4267 763 4322 Saabd
781 4267 857 4321 Satio.
876 4267 1021 4322 oblocutor
1039 4267 1065 4334 I,
1083 4270 1125 4321 32.

200 4447 236 4503 30
425 4440 608 4524 Capitulum
630 4442 781 4506 ecclesiae
796 4442 880 4506 beati
895 4442 1058 4506 Michaelis
1072 4442 1252 4525 archangeli
1266 4442 1494 4505 Transiluanae
1509 4441 1669 4505 universis

267 4543 384 4609 Christi
404 4544 554 4609 fidelibus
575 4564 727 4629 praesens
750 4547 905 4630 scriptum
919 4545 1111 4630 inspecturis
1133 4546 1270 4609 salutem
1288 4546 1322 4609 in
1337 4546 1481 4609 omnium
1504 4545 1669 4608 salvatore.

265 4646 319 4710 ld
348 4648 573 4712 universorum
604 4650 750 4713 notitiam
788 4656 854 4714 tam
882 4650 1098 4733 praesentium
1129 4670 1224 4732 quam
1247 4650 1431 4715 futurorum
1452 4650 1565 4713 harum
1588 4649 1670 4713 serie

266 4750 418 4815 volumus
439 4753 617 4835 pervenire,
641 4755 728 4836 quod
750 4753 895 4818 Ladislao
918 4754 1055 4817 vaivoda
1068 4753 1277 4818 Transiluano
1301 4759 1333 4817 et
1355 4754 1471 4817 comite
1494 4754 1534 4817 de
1556 4753 1669 4816 Zonuk

266 4861 398 4938 aparte
419 4875 487 4919 una
508 4863 540 4920 et
562 4858 677 4921 comite
700 4858 832 4922 Nicolao
854 4857 919 4921 lilio
942 4857 1026 4922 Deos
1048 4878 1106 4941 pro
1129 4878 1164 4922 se
1187 4863 1219 4922 et
1240 4877 1297 4941 pro
1317 4857 1466 4920 Paznano
1489 4857 1586 4920 fratre
1609 4876 1668 4920 suo

198 4968 232 5021 35
268 4978 310 5023 er
340 4959 440 5023 altera
469 4980 576 5024 coram
606 4961 699 5025 nobis
729 4962 939 5046 personaliter
961 4962 1151 5040 constitutis,
1185 4961 1268 5025 idom
1290 4960 1456 5025 Ladislaus
1479 4960 1615 5023 vaivoda
1637 4965 1669 5024 et

266 5061 419 5127 Nicolaus
443 5084 540 5148 super
563 5065 755 5147 quibusdam
780 5066 1034 5150 possessionibus
1061 5066 1129 5129 suis
1151 5065 1234 5128 infra
1255 5066 1426 5129 nominatis
1449 5064 1670 5129 concambium

266 5165 451 5231 huiusmodi
472 5168 557 5232 inter
578 5188 613 5232 se
636 5168 722 5253 ipsos
745 5170 857 5235 fecisse
881 5177 958 5235 sunt
980 5170 1124 5235 confessi.
1147 5168 1260 5234 Dictus
1283 5170 1403 5234 scilieet
1416 5167 1583 5233 Ladislaus
1603 5169 1670 5232 vai-

265 5271 350 5335 voda
375 5271 536 5352 quandam
564 5274 798 5356 possessionem
830 5294 919 5338 suam
951 5274 1172 5339 hereditariam
1202 5274 1236 5336 in
1259 5275 1411 5339 comitatu
1441 5274 1480 5338 de
1502 5273 1669 5339 Kiikellew

267 5374 460 5439 existentem
481 5375 564 5439 Bwn
588 5384 732 5441 vocatam
755 5384 787 5441 et
809 5378 1010 5442 medietatem
1033 5377 1200 5441 cuiusdam
1222 5382 1326 5443 terrae
1347 5378 1443 5442 Vilalr
1465 5382 1669 5461 nuncupatae

196 5483 232 5540 40
267 5478 324 5544 sed
345 5479 438 5544 metis
461 5486 564 5545 terrae
584 5481 667 5545 Bwn
689 5482 854 5565 inclusam,
884 5482 977 5557 euius
1004 5488 1106 5546 torrae
1129 5481 1212 5545 Bwn
1235 5488 1267 5546 et
1288 5481 1468 5566 praedictae
1490 5481 1670 5546 medietatis
