4086 6300
963 512 1116 607 El„

339 698 378 761 ab
410 718 475 762 una
504 704 603 782 parte,
633 699 673 762 ab
702 700 802 764 altera
832 721 908 764 vero
932 701 1088 786 Georgius
1111 702 1241 785 Longus
1271 708 1304 765 et
1325 701 1489 782 Nycolaus
1519 701 1604 764 filius
1629 700 1742 766 Jacobi

339 802 478 884 hospites
510 803 549 866 de
572 802 670 866 Oraco
701 824 738 867 ac
760 804 962 869 Halmannus
983 807 1086 871 Albus
1114 807 1153 869 de
1183 806 1262 887 Igen
1291 824 1349 888 pro
1379 824 1413 868 se
1445 810 1477 868 et
1505 823 1563 887 pro
1595 805 1742 869 omnibus

340 906 518 989 hospitibus
548 907 587 970 de
615 907 735 970 eisdem
765 908 921 971 consociis
945 913 1012 973 suis
1036 930 1194 973 unacum
1218 909 1304 974 Bake
1331 908 1396 971 filio
1420 908 1570 992 Stephani
1593 909 1633 973 de
1655 908 1741 974 Den-

339 1011 431 1093 geleg
452 1011 580 1075 homine
602 1010 760 1094 magnifici
791 1012 850 1074 viri
874 1012 980 1077 Deuse
1004 1014 1158 1078 vaivodae
1180 1014 1379 1077 Transiluani
1407 1018 1439 1077 et
1461 1013 1585 1077 comitis
1608 1013 1647 1077 de
1671 1013 1741 1077 Zol-

341 1113 422 1177 noch
445 1122 694 1198 comparuerunt
715 1116 748 1178 in
770 1115 875 1198 figura
897 1117 1003 1180 iudicii
1026 1138 1133 1181 coram
1162 1118 1261 1182 nobis.
1306 1117 1348 1181 ut
1370 1137 1445 1181 cum
1467 1118 1679 1181 instrumenta
1700 1118 1739 1181 ab
1775 1125 1792 1177 5

340 1218 459 1283 eisdem
489 1219 666 1301 hospitibus
696 1239 793 1303 super
822 1220 905 1283 lacto
936 1221 1091 1283 dictarum
1122 1222 1369 1304 possessionum,
1403 1228 1441 1285 ut
1473 1222 1552 1285 iuris
1582 1221 1660 1285 ordo
1683 1240 1741 1285 ex-

338 1322 488 1406 postulat,
519 1322 670 1386 exhibere
699 1324 911 1407 petiissemus,
941 1322 1031 1386 nulla
1058 1325 1187 1407 penitus
1215 1332 1391 1407 potuerunt
1422 1325 1455 1388 in
1477 1326 1560 1388 tacto
1584 1325 1740 1389 dictarum

340 1427 577 1509 possessionum
607 1428 773 1509 exiribera
808 1429 869 1490 nisi
899 1427 1065 1511 privilegia
1097 1429 1224 1511 piorum
1257 1448 1369 1511 regum
1399 1428 1495 1492 Belae
1529 1434 1561 1492 et
1589 1427 1740 1512 Stephani
1791 1442 1792 1445 ’

342 1531 456 1594 seriem
479 1530 662 1595 libertatum
686 1552 816 1595 suarum
840 1538 872 1595 et
894 1532 1095 1596 collationem
1119 1533 1319 1614 quarundam
1346 1532 1479 1596 aliarum
1504 1533 1740 1616 possessionum

341 1635 545 1699 continentia.
568 1635 611 1698 ut
625 1655 698 1699 cum
714 1637 817 1699 adhuc
840 1637 946 1718 semel,
969 1636 1120 1717 secundo,
1144 1642 1176 1699 et
1198 1637 1290 1700 tertio
1306 1637 1519 1701 instrumenta
1541 1656 1639 1721 super
1657 1637 1739 1701 tacto
1777 1643 1811 1697 10

343 1739 496 1803 dictarum
521 1740 757 1822 possessionum
781 1741 820 1803 ab
843 1741 920 1823 ipsis
942 1740 1120 1824 hospitibus
1142 1741 1353 1823 petissemus,
1387 1742 1630 1825 responderunt
1654 1740 1740 1823 quod

341 1843 441 1908 dictae
470 1845 687 1927 possessiones
717 1844 750 1905 in
781 1844 871 1907 nullo
901 1845 940 1907 ad
973 1846 1059 1928 ipsos
1089 1845 1285 1927 pertinerent
1315 1864 1374 1909 nec
1403 1846 1511 1927 aliqua
1540 1864 1637 1929 super
1658 1846 1740 1909 facto

340 1946 514 2010 earundem
537 1946 690 2009 haberent
711 1948 932 2029 instrumenta,
955 1967 1014 2012 nec
1038 1949 1211 2030 quidquam
1229 1950 1433 2013 materiarum
1456 1969 1553 2032 super
1574 1950 1651 2033 ipsis
1666 1968 1739 2032 pos-

340 2050 536 2114 sessionibus
566 2058 678 2115 contra
706 2052 902 2134 praedictum
936 2050 1110 2134 capitulum
1141 2053 1314 2116 suscitandi
1347 2052 1501 2117 haberent
1535 2052 1739 2135 quaestionis

340 2152 424 2217 Dicti
448 2173 523 2217 vero
548 2161 768 2237 procuratores
798 2155 929 2239 capituli
960 2156 1125 2220 memorati
1147 2157 1364 2221 exhibuerunt
1385 2156 1419 2219 in
1442 2157 1572 2220 instanti
1595 2161 1740 2240 patentes
1776 2162 1810 2214 15

340 2257 447 2322 literas
470 2258 589 2321 domini
613 2259 713 2322 nostri
736 2260 829 2342 regis,
853 2260 971 2341 quibus
995 2260 1207 2323 mediantibus
1229 2260 1311 2324 idem
1336 2260 1486 2323 dominus
1507 2280 1567 2324 rex
1589 2279 1647 2343 per
1669 2279 1739 2343 spe

339 2361 449 2425 cialem
480 2361 641 2427 hominem
671 2384 766 2427 suum
795 2364 953 2448 praelatas
982 2364 1199 2447 possessiones
1230 2370 1304 2428 ante
1338 2364 1422 2427 dioto
1454 2363 1592 2447 capitulo
1622 2363 1741 2427 lecerat

339 2467 493 2548 assignari
515 2473 547 2531 et
569 2471 708 2531 statuere
730 2468 870 2551 legitime
892 2468 981 2532 nullo
1004 2468 1237 2533 contradictore
1260 2469 1425 2532 existente.
1460 2467 1533 2531 Aha
1555 2469 1651 2531 etiam
1673 2468 1739 2530 evi-

339 2569 447 2634 dentia
468 2571 682 2635 instrumenta
703 2572 854 2655 praedicti
877 2579 1099 2656 procuratores
1114 2572 1245 2655 capituli
1262 2573 1426 2637 memorati
1450 2591 1547 2655 super
1569 2572 1645 2654 ipsis
1667 2591 1739 2654 pos·

339 2674 536 2738 sessionibus
565 2675 718 2739 dixerunt
747 2694 782 2739 se
810 2674 934 2738 habere.
979 2675 1047 2739 Nos
1076 2676 1174 2758 igitur
1203 2695 1268 2739 uua
1297 2695 1371 2739 cum
1392 2676 1483 2759 regni
1513 2675 1686 2739 baronibus
1708 2680 1740 2739 et
1774 2678 1810 2735 20

339 2777 499 2842 nobilibus
532 2778 699 2842 nobiscum
732 2779 766 2841 in
799 2779 917 2843 iudicio
952 2779 1199 2843 consedentibus
1234 2779 1351 2843 auditis
1385 2779 1543 2844 dictorum
1580 2780 1739 2862 hospitum

339 2883 609 2966 propositionibus
625 2891 657 2946 et
672 2890 782 2946 tenore
797 2883 962 2947 literarum
978 2884 1079 2967 ipsius
1093 2884 1213 2946 domini
1229 2884 1312 2966 regis
1326 2883 1421 2968 plene
1436 2883 1597 2947 intellecto
1614 2882 1740 2946 easdem

339 2987 555 3069 possessiones
585 2986 617 3048 in
650 2986 701 3048 ius
730 2993 762 3049 et
783 2989 1009 3070 proprietatem
1033 2987 1108 3050 dicti
1138 2986 1269 3071 capituli
1296 2986 1510 3050 devolvendus
1540 2985 1740 3049 decrevimus

338 3091 431 3154 iuxta
452 3091 585 3153 formam
607 3089 772 3153 literarum
793 3092 970 3174 patentium
993 3091 1225 3174 praedictarum
1251 3090 1412 3154 habendas
1435 3096 1467 3154 et
1488 3089 1643 3153 tenendas
1665 3109 1740 3152 auo-

338 3194 464 3258 toritate
487 3195 556 3257 vice
579 3200 612 3257 et
634 3194 763 3257 nomine
786 3194 904 3257 domini
928 3195 1029 3258 nostri
1051 3195 1134 3278 regis
1157 3194 1330 3258 memorati.
1353 3193 1472 3257 Datum
1495 3194 1528 3256 in
1550 3193 1737 3271 Temesvvar,
1773 3198 1807 3252 25

339 3299 373 3362 in
395 3298 532 3362 crastino
556 3298 792 3380 quindenarum
813 3298 1028 3381 Pentecostes,
1050 3318 1135 3363 anno
1159 3298 1279 3362 domini
1301 3275 1342 3361 hi.
1371 3275 1471 3362 libb.
1495 3275 1571 3362 X'X.

995 3626 1082 3712 em.

417 3813 523 3882 1320
547 3811 627 3883 Jala'
652 3812 711 3881 15.
749 3809 825 3881 Das
850 3808 1131 3901 Weissenbarpcr
1157 3809 1302 3900 Kapitel
1327 3808 1520 3900 bephabipt
1545 3808 1637 3879 caiae
1672 3804 1739 3877 Ur-

339 3930 451 4003 lamda
476 3955 541 4003 coa
568 3935 665 4003 1291
692 3931 759 4002 Nr.
788 3934 873 4003 255
899 3931 1083 4021 betreffead
1109 3930 1164 4002 die
1191 3937 1287 4002 tarra
1313 3929 1520 4002 Sohthtclalr.

495 4096 698 4165 lliapaschaltat
724 4112 777 4149 oon
803 4096 864 4149 dam
893 4095 1117 4165 Weiaacabarpcr
1141 4094 1256 4162 Kapitcl
1281 4096 1357 4159 1345,
1387 4092 1463 4162 Θήρ.
1489 4092 1593 4161 Uapar.
1611 4091 1735 4144 Laudes·
1772 4088 1808 4142 30

443 4183 538 4238 archia
556 4183 707 4252 Badopaat.

496 4358 677 4443 Capitulum
694 4358 845 4422 eeclesiae
860 4358 944 4422 beati
956 4356 1130 4439 Myohaelis
1146 4354 1326 4438 archangeli
1336 4353 1580 4418 lhanssiluanae
1592 4351 1740 4415 omnibus

341 4463 456 4527 Christi
478 4462 627 4527 fidelibus
649 4468 849 4546 praesentem
871 4463 1018 4546 paginam
1041 4459 1233 4543 inspecturis
1256 4458 1390 4522 salutem
1413 4459 1448 4521 in
1471 4457 1615 4520 omnium
1637 4454 1739 4519 salva-

340 4573 416 4631 tore.
453 4568 505 4631 Ad
537 4569 760 4631 universorum
792 4566 937 4629 heddam
967 4571 1032 4628 tarn
1063 4561 1279 4647 praesentium
1303 4581 1399 4643 quam
1421 4562 1604 4625 futurorum
1625 4561 1740 4623 harum

340 4672 421 4735 serie
443 4671 593 4734 volumus
622 4669 800 4754 pervenire,
830 4670 915 4751 quod
938 4668 1090 4732 Nicolaus
1116 4665 1202 4729 filius
1233 4666 1358 4730 condus
1379 4664 1521 4729 Danielis
1549 4665 1588 4728 de
1610 4663 1739 4728 Kelnulr
1774 4669 1808 4722 35

340 4792 397 4856 pro
428 4791 461 4836 se
492 4778 524 4835 et
554 4792 610 4856 pro
638 4773 707 4856 ipso
731 4774 845 4837 comite
867 4772 1000 4836 Daniele
1021 4778 1111 4855 patre
1133 4789 1192 4833 suo
1215 4790 1251 4833 ac
1273 4770 1425 4834 Nicolaus
1454 4769 1539 4832 filius
1562 4767 1740 4832 Salomonis

341 4875 380 4940 de
403 4876 513 4941 eadem
536 4877 577 4939 ad
599 4882 739 4939 nostram
763 4875 971 4960 personaliter
986 4875 1174 4938 accedentes
1188 4873 1399 4958 praesentiam
1414 4873 1632 4938 exhibuerunt
1647 4871 1740 4935 nobis

339 4981 542 5065 privilegium
574 4986 720 5044 nostrum
749 4998 846 5062 super
875 4980 1035 5064 emptione
1064 4984 1167 5043 terrae
1190 4977 1377 5042 Sehthtelulr
1400 4983 1531 5041 vocatae
1559 4975 1738 5040 contectum

339 5089 485 5169 petentes
516 5105 575 5148 nos
604 5103 678 5147 oum
706 5083 865 5165 instantia,
895 5088 932 5147 ut
952 5083 1058 5166 ipsum
1081 5082 1282 5167 privilegium
1314 5081 1354 5145 ad
1377 5082 1532 5145 cautelam
1556 5079 1739 5144 manuscribi

340 5188 517 5252 faceremus
547 5194 579 5252 et
609 5186 711 5271 sigillo
741 5193 849 5250 uestro
880 5187 1069 5250 communiri
1100 5206 1137 5251 eo
1161 5186 1248 5269 quod
1269 5191 1399 5270 propter
1420 5186 1567 5270 impacati
1587 5183 1739 5267 temporis
1773 5186 1809 5241 40

341 5290 525 5374 qualitatem
555 5297 588 5356 et
617 5291 799 5354 discrimina
827 5291 952 5354 viarum
982 5297 1013 5355 et
1042 5291 1120 5355 alios
1142 5309 1235 5354 casus
1257 5288 1407 5353 fortuitos
1438 5288 1492 5352 ubi
1514 5289 1619 5372 ipsum
1641 5286 1739 5371 privi-

340 5396 458 5480 legium
481 5395 634 5461 deberent
656 5394 806 5459 exhibere
829 5395 862 5457 in
885 5394 988 5478 specie
1004 5394 1218 5457 transmittere
1233 5392 1285 5457 vel
1299 5396 1502 5476 praesentem
1524 5390 1738 5455 formidarent
