4088 6292
988 590 1143 686 Λεξ-

1020 777 1110 860 228.

442 944 550 1013 1289
566 941 655 1014 noch
672 939 810 1032 August
832 945 865 1012 6.
894 940 1011 1032 Kioiq
1028 939 1219 1013 Lodislaus
1236 942 1264 1011 I
1268 940 1306 1012 V.
1326 941 1485 1032 hostatici
1502 941 1558 1013 dic
1571 941 1766 1014 Deotsclten

361 1062 401 1133 io
426 1062 571 1135 Koroko
596 1064 646 1134 im
671 1063 791 1135 Bonita
816 1063 879 1134 der
905 1068 1001 1134 terro
1032 1061 1221 1154 Gymeord.

519 1224 722 1295 Einycacbaltet
738 1242 791 1280 voa
810 1225 869 1279 deta
886 1224 1110 1295 Weissenburper
1126 1224 1241 1294 Kapitel
1258 1226 1317 1279 aad
1333 1226 1387 1279 den
1399 1225 1559 1280 Konoeotea
1574 1226 1623 1280 der
1634 1226 1763 1279 Domini·

466 1309 553 1450 kosle
570 1309 812 1451 gemmatim
828 1327 864 1364 tu
881 1311 1075 1381 Weisseoburq
1094 1315 1162 1366 1296
1175 1312 1217 1365 bis
1236 1316 1312 1379 1301,
1334 1311 1409 1382 Orio.
1423 1312 1503 1382 Perg.
1521 1312 1625 1382 Unger.
1638 1313 1762 1366 Laudes·
1799 1314 1815 1366 5

468 1412 502 1450 ar
534 1397 562 1451 iv
661 1401 732 1465 pest.

519 1516 631 1573 eruce:
649 1510 737 1584 nepe
756 1517 846 1573 com
869 1518 938 1586 1⁷11,
961 1522 987 1586 4,
1011 1522 1071 1573 216.
1106 1520 1218 1573 amaa
1236 1537 1264 1573 u.
1283 1519 1444 1574 scrutator
1463 1518 1535 1573 sao.
1559 1519 1641 1574 orto.
1660 1520 1686 1586 1,
1705 1523 1764 1574 151.

468 1603 681 1674 nemetum
697 1605 745 1658 aa
762 1605 894 1659 remes
911 1606 932 1673 f·
952 1611 1061 1660 marr.
1082 1606 1176 1660 ceo.
1200 1605 1232 1673 V,
1250 1609 1310 1661 soa.

521 1726 634 1796 nom.-
652 1725 739 1792 rere
759 1725 849 1781 ocra
872 1727 1063 1795 V11,4,2sa.

522 1883 688 1949 Iadislaus
704 1884 755 1948 dei
770 1886 871 1968 gratia
892 1886 1061 1969 Vngariae,
1082 1886 1272 1967 Dalmaciae,
1296 1886 1454 1969 Groaciae,
1476 1886 1603 1970 Romae,
1626 1886 1764 1971 Samiae,
1801 1892 1835 1946 10

366 1989 525 2071 Galliciae,
546 1988 762 2071 Lodomeriae,
786 1988 955 2054 (lomaniae
977 1990 1212 2074 Bulgariaeque
1234 2010 1293 2054 rex
1316 1991 1464 2054 omnibus
1480 1990 1597 2055 Christi
1617 1990 1765 2056 fidelibus

367 2099 551 2178 praesentes
571 2093 680 2157 literas
701 2093 892 2177 inspecturis
915 2093 1049 2158 salutem
1078 2096 1111 2158 in
1140 2094 1268 2157 domino
1292 2095 1523 2178 sempiternam
1561 2095 1612 2158 Ad
1636 2097 1765 2159 univcr-

366 2218 475 2263 sorum
497 2197 642 2262 notitiam
666 2202 776 2261 tenore
798 2199 1013 2281 praesentium
1036 2198 1185 2262 volumus
1207 2198 1384 2282 pervenire,
1414 2198 1501 2279 quod
1524 2218 1583 2262 nos
1606 2198 1764 2281 quandam

367 2299 507 2386 [terram]
524 2301 619 2365 castri
635 2301 735 2364 nostri
746 2301 896 2365 Albensis
912 2302 1112 2366 lhansiluani
1124 2301 1293 2383 Gyvmurd
1308 2308 1462 2384 vocatam,
1478 2321 1574 2384 quam
1586 2300 1766 2387 Stephanus

365 2424 425 2469 rex
453 2411 680 2490 paternoster
710 2405 893 2469 carissimus
926 2406 1026 2469 felicis
1055 2406 1283 2470 recordationis
1315 2406 1474 2469 mediante
1506 2406 1672 2489 privilegio
1706 2426 1764 2470 suo
1802 2412 1834 2464 15

365 2507 513 2573 fidelibus
536 2508 714 2593 hospitibus
737 2510 804 2571 suis
830 2508 870 2572 de
892 2508 1018 2573 Karalro
1042 2509 1229 2591 contulerat,
1252 2529 1326 2572 oum
1349 2509 1498 2573 omnibus
1521 2509 1710 2573 utilitatibus
1733 2517 1765 2573 et

250 2636 255 2643 ·
366 2613 567 2697 pertinentiis
589 2611 732 2676 eiusdem
755 2612 814 2676 sub
838 2612 957 2676 eisdem
979 2614 1072 2677 metis
1095 2621 1127 2678 et
1149 2613 1302 2693 terminis,
1324 2618 1420 2696 prout
1440 2612 1473 2674 in
1500 2612 1666 2696 privilegio
1689 2613 1765 2676 dicti

365 2717 465 2801 patris
487 2716 589 2780 nostri
612 2716 767 2779 carissimi
789 2715 928 2780 vidimus
950 2717 1115 2798 contineri,
1140 2716 1338 2798 reliquimus,
1369 2716 1559 2780 donavimus
1582 2721 1614 2779 et
1635 2736 1765 2780 conces-

366 2821 466 2885 simus
488 2820 606 2885 eisdem
629 2819 777 2884 fidelibus
798 2819 976 2903 hospitibus
995 2822 1113 2885 nostris
1128 2821 1168 2885 de
1182 2819 1309 2885 Karako
1324 2819 1454 2905 pacifice
1469 2825 1502 2884 et
1516 2819 1766 2884 irrevocabiliter

366 2924 589 3009 possidendam
611 2928 644 2988 et
665 2923 852 3003 habendam,
880 2923 1033 3005 volentes,
1061 2925 1148 3007 quod
1169 2925 1266 2988 iidem
1289 2925 1430 3007 hospites
1453 2925 1553 2987 nostri
1576 2923 1615 2988 de
1638 2922 1764 2986 Karako
1800 2928 1836 2982 20

367 3029 478 3093 eadem
508 3027 668 3111 gaudeant
697 3033 730 3090 et
750 3032 958 3110 permaneant
979 3027 1134 3109 libertate,
1164 3048 1261 3110 quam
1286 3027 1370 3091 idem
1393 3026 1574 3111 Stephanus
1595 3046 1655 3090 rex
1676 3032 1767 3109 pater

367 3138 476 3196 noster
497 3131 681 3195 carissimus
702 3131 861 3194 mediante
883 3150 942 3195 suo
963 3132 1129 3215 privilegio
1145 3132 1343 3215 dignoscitur
1357 3132 1560 3195 concessisse.
1584 3130 1630 3194 Ut
1645 3127 1765 3214 [igitur]

367 3237 463 3301 huius
485 3240 613 3299 nostrae
635 3235 815 3299 donationis
837 3255 894 3299 seu
918 3234 1096 3298 collationis
1118 3235 1216 3298 series
1238 3234 1337 3299 robur
1360 3235 1501 3300 obtineat
1522 3240 1694 3319 perpetuae
1711 3233 1766 3297 fir·

367 3340 487 3404 mitatis
509 3358 568 3403 neo
596 3357 749 3422 processu
780 3344 960 3422 temporum
989 3358 1046 3422 per
1073 3340 1254 3422 quempiam
1282 3338 1383 3422 possit
1405 3338 1456 3402 vel
1480 3338 1593 3401 debeat
1614 3336 1766 3421 revocari

368 3448 552 3528 praesentes
582 3442 797 3506 concessimus
829 3442 938 3506 literas
968 3443 1103 3527 duplicis
1128 3444 1227 3526 ¹sigilli
1258 3443 1360 3507 nostri
1389 3444 1565 3506 munimine
1594 3443 1766 3506 roboratas.
1801 3444 1835 3497 25

368 3547 487 3612 Datum
509 3565 567 3630 per
582 3565 697 3610 manus
711 3545 903 3611 venerabilis
918 3547 1017 3630 patris
1033 3547 1174 3629 Gregorii
1196 3547 1247 3611 dei
1261 3547 1363 3630 gotia
1377 3547 1516 3630 episcopi
1532 3545 1767 3627 Chanadiensis,

369 3651 461 3715 aulae
483 3655 611 3714 nostrae
633 3649 812 3714 cancellarii
834 3650 939 3714 dilecti
963 3657 995 3714 et
1015 3650 1118 3714 fidelis
1140 3652 1250 3732 nostri,
1277 3670 1361 3714 anno
1384 3650 1505 3713 domini
1526 3628 1560 3713 li
1583 3627 1633 3713 oo
1659 3654 1768 3713 octua-

369 3756 489 3839 gesimo
510 3774 607 3838 nono,
629 3751 732 3839 r[egni
754 3760 862 3820 autem
885 3756 985 3818 nostri
1008 3754 1105 3836 aluno
1129 3754 1251 3817 decimo
1274 3761 1394 3817 octavo.

1027 4047 1117 4132 tte.

447 4212 637 4305 chiapold
669 4215 777 4284 1289
813 4210 1008 4304 Qtember
1042 4217 1073 4284 1.
1127 4212 1244 4305 Konip
1274 4211 1464 4284 Lodislaus
1490 4209 1559 4281 IV.
1595 4216 1680 4282 aelst
1713 4210 1769 4282 die
1804 4226 1839 4281 so

375 4326 651 4425 Weiaaeabarper
667 4333 799 4406 fflrobe
824 4335 950 4407 wieder
974 4335 1031 4407 eia
1055 4335 1095 4406 in
1121 4334 1187 4405 den
1206 4333 1323 4405 Bcsits
1348 4355 1413 4404 oon
1430 4331 1676 4422 Klosseabsrq
1697 4330 1771 4403 arrd

377 4452 628 4547 Weiss-lurp.

529 4599 605 4671 Orio.
628 4601 710 4671 Pero.
733 4601 942 4671 Kapittlarobio
965 4601 1133 4671 Karlsbarp.
1163 4600 1252 4671 Stepel
1275 4616 1335 4654 war
1361 4616 1400 4653 aa
1425 4598 1546 4653 violam
1569 4597 1770 4653 deemebnur

473 4687 638 4758 onqmonpt.

526 4791 638 4846 Dmelt:
656 4790 785 4848 &eredat
803 4791 893 4848 Series
910 4797 953 4849 29.
972 4792 1059 4861 Feje
1079 4792 1169 4849 sodes
1186 4792 1218 4861 V,
1235 4797 1261 4859 3,
1278 4795 1339 4847 454.
1361 4791 1473 4845 reuse
1484 4808 1512 4844 u.
1525 4791 1685 4846 Firnbaber
1697 4790 1769 4845 suo.
1804 4789 1838 4843 35

479 4877 562 4933 Uret.
580 4878 607 4945 I,
625 4882 684 4934 146.
702 4879 796 4935 Jahrb
816 4878 967 4934 oblocutor
985 4880 1011 4948 Ι,
1029 4883 1073 4934 24.
1091 4878 1275 4934 Densusiono
1292 4879 1459 4934 Documenta
1476 4882 1536 4933 486.

527 4982 640 5053 Restat:
657 4983 762 5038 Kaous
779 4983 960 5039 Monummto
977 4984 1022 5051 H,
1039 4988 1100 5039 251.
1123 4982 1284 5038 Tertiaelmi
1301 4983 1347 5037 tar
1365 4986 1442 5049 1889,
1459 4987 1519 5038 573.

528 5137 720 5226 [Lladialaus
729 5141 750 5221 ¹)
784 5142 836 5207 dei
865 5143 967 5227 gratia
994 5142 1193 5227 Hungariae,
1226 5141 1421 5223 Dalmatiae,
1455 5141 1613 5223 Croaciae,
1643 5140 1770 5223 Rama,

372 5244 511 5330 Samiae,
534 5245 692 5329 Gallioiae,
715 5244 929 5325 Lodomeriae‚
952 5246 1125 5311 Cumaniae
1145 5245 1380 5329 Bulgariaeque
1403 5264 1461 5309 rex
1483 5244 1633 5309 omnibus
1654 5244 1771 5308 Christi

371 5349 518 5414 fidelibus
539 5356 740 5434 praesentem
762 5349 910 5433 paginam
924 5350 1116 5435 inspecturis
1130 5349 1265 5414 salutem
1281 5349 1314 5411 in
1330 5366 1377 5431 eo,
1400 5350 1456 5430 qui
1471 5348 1606 5412 saluum
1622 5354 1771 5432 operatus
1805 5351 1841 5406 to

529 5457 661 5553 sam
678 5486 729 5554 sor
746 5484 773 5540 n
791 5484 845 5540 mr
861 5484 994 5555 qam
