4084 6302
961 601 1024 664 505

289 791 438 855 videlicet
463 789 575 873 Appae
597 791 726 854 nomine
753 790 792 855 de
813 791 884 855 iure
906 791 1095 855 hereditario
1118 795 1196 855 sunt
1217 790 1422 874 pertinentes,
1455 789 1592 873 ideoque
1614 808 1690 853 con-

288 896 467 959 siderantes
478 895 671 975 aequitatem
682 895 917 977 praedictorum
933 892 1075 959 virorum
1092 894 1244 957 nobilium
1263 893 1460 977 praehabitas
1472 895 1690 977 possessiones

289 1001 441 1064 duximus
473 999 685 1063 restituendas
713 1000 896 1081 pariterque
925 1000 1132 1082 resignandas
1158 998 1335 1063 secundum
1358 998 1445 1079 quod
1468 999 1598 1062 suntin
1623 998 1690 1062 suis

289 1104 391 1183 13353,
413 1103 567 1167 limitibus
583 1108 615 1166 et
637 1102 738 1183 terris,
759 1103 857 1183 silvis,
880 1105 986 1186 pratia,
1006 1104 1106 1184 33313,
1130 1103 1222 1185 agris,
1246 1101 1436 1165 molendinis
1453 1107 1485 1166 et
1499 1101 1689 1185 specialibus

238 1216 254 1267 ὁ
290 1207 426 1290 pascuis,
448 1207 775 1271 circumferentialiter
798 1208 948 1271 limitatae
970 1216 1002 1271 et
1017 1207 1184 1271 distinctae
1206 1214 1238 1270 et
1260 1212 1369 1271 tenere
1391 1206 1451 1270 sub
1474 1206 1587 1270 eodem
1609 1206 1689 1285 iure,

289 1311 557 1392 quemadmodum
579 1311 721 1394 ipsorum
745 1316 851 1394 patres
873 1318 905 1375 et
927 1313 1120 1395 praemissus
1138 1330 1219 1374 avus
1235 1310 1382 1374 videlicet
1397 1312 1490 1394 Appa
1504 1316 1688 1374 tenuerunt

287 1414 359 1479 Hoc
381 1416 476 1480 etiam
499 1415 681 1497 arliecimus,
712 1416 799 1497 quod
822 1400 932 1480 nullus
954 1435 995 1480 ex
1026 1414 1118 1479 nobis
1140 1415 1173 1477 in
1203 1414 1296 1478 dictis
1319 1414 1572 1497 possessionibus
1595 1412 1690 1479 debet

288 1519 465 1601 quidquam
488 1519 612 1603 operari
633 1524 745 1583 eontra
766 1521 981 1604 praefatorum
1004 1520 1159 1583 nobilium
1182 1519 1388 1583 voluntatem.
1419 1518 1461 1582 Ut
1483 1522 1590 1581 autem
1612 1518 1690 1581 haee

288 1623 458 1706 resignatio
482 1622 522 1686 de
545 1630 669 1687 maturo
685 1624 816 1687 oonsilio
840 1644 877 1687 ae
892 1624 1119 1688 deliberatione
1142 1622 1248 1685 habita
1262 1622 1550 1705 resignationisque
1567 1626 1688 1705 protes·

221 1734 253 1788 10
288 1728 365 1790 tatio
388 1746 539 1809 praesens
560 1726 659 1790 robur
682 1727 823 1791 obtineat
845 1735 997 1811 perpetue
1015 1728 1198 1809 valiturum,
1230 1732 1413 1811 praesentes
1434 1725 1542 1790 literas
1565 1725 1634 1790 lieri
1657 1732 1689 1791 et

287 1831 387 1895 nostri
417 1832 512 1914 sigilli
546 1833 722 1896 munimine
751 1831 903 1895 iussimus
937 1829 1087 1894 roborari.
1121 1829 1239 1894 Datum
1273 1831 1307 1893 13
1338 1830 1483 1912 Oybinio‚
1516 1830 1549 1893 in
1582 1830 1690 1915 vigilia

288 1934 427 1999 Mathiae
449 1935 592 2020 apostoli,
614 1955 699 2001 anno
723 1913 906 2000 1133113111.
930 1912 1032 2001 11511.
1056 1935 1306 2019 quadragesimo.

946 2250 1038 2334 555.

364 2412 662 2487 Κ31333133333133
683 2418 789 2486 1340
815 2414 922 2505 April
941 2417 1003 2485 30.
1032 2413 1167 2501 Petram,
1204 2412 1441 2486 Viaewoiwoda
1467 2412 1687 2485 333813533-

218 2550 251 2603 13
287 2532 426 2625 bebryce,
462 2541 597 2627 3333333
632 2537 688 2609 die
722 2535 968 2626 Verboadlaap
1004 2533 1190 2624 debeffend
1223 2535 1279 2607 die
1309 2534 1541 2626 Baeaoapea
1568 2533 1686 2606 Saeni-

282 2655 443 2747 33153331,
476 2653 592 2747 Carpe,
621 2655 850 2730 Samaritam
875 2656 950 2727 aad
976 2654 1171 2729 Saeatiooa.

442 2819 554 2874 Dnrclr:
572 2820 669 2874 Horat
686 2822 831 2876 3113331133
848 2825 901 2874 223
919 2820 989 2874 nach
1006 2820 1067 2874 deta
1087 2819 1163 2890 Orip.
1182 2820 1263 2890 Parp.
1282 2821 1385 2875 Arelate
1402 2821 1451 2873 der
1470 2820 1579 2887 Grafea
1595 2819 1686 2885 Weiss,

392 2906 482 2975 03393.
507 2905 673 2977 8133313333
691 2908 748 2975 auf
760 2908 809 2961 der
828 2907 972 2962 1153133113
988 2924 1051 2961 rum
1074 2908 1234 2962 Verrcbloes
1252 2907 1441 2976 oufprdrttclrt.

441 3081 508 3146 Nos
529 3081 647 3145 Petrus
676 3082 884 3147 vicevaivoda
911 3083 1157 3148 Transsiluanus
1187 3084 1300 3147 damus
1323 3103 1380 3167 pro
1411 3084 1572 3163 memoria
1602 3083 1686 3164 quod

217 3190 252 3245 20
287 3205 361 3249 cum
376 3185 409 3247 in
425 3185 671 3269 congregatione
681 3191 792 3249 nostra
806 3186 946 3269 generali
961 3188 1180 3252 universitatis
1195 3187 1350 3251 nobilium
1366 3186 1405 3251 de
1417 3186 1539 3267 Zonulr,
1554 3185 1689 3249 Dobolra

285 3294 318 3352 et
340 3289 379 3353 de
395 3288 496 3353 Culus
519 3289 728 3353 comitatuum
750 3290 784 3353 in
807 3292 929 3355 3313313
951 3292 1023 3356 1335
1046 3292 1188 3356 omnium
1204 3299 1387 3356 sanctorum
1397 3290 1419 3369 ¹)
1442 3290 1475 3352 in
1490 3289 1689 3372 Bonchhyda

284 3391 442 3457 celebrata
479 3394 622 3477 magistri
650 3393 803 3458 Nicolaus
832 3400 865 3458 et
886 3393 1051 3459 ladislaus
1081 3394 1155 3458 dicti
1184 3394 1264 3460 Wos
1292 3396 1435 3460 iuniores
1464 3415 1522 3479 pro
1553 3414 1587 3460 33
1616 3414 1688 3479 per·

285 3497 444 3579 sonaliter,¹
466 3518 523 3581 pro
538 3497 686 3563 iohanne
709 3518 785 3562 vero
801 3499 884 3562 dicto
900 3499 1028 3579 Achcel,
1051 3497 1236 3579 Laurenoio,
1254 3498 1361 3571 Petro,
1383 3499 1511 3581 l'homa,
1533 3498 1686 3562 Michaele

286 3607 319 3665 et
332 3600 440 3665 Deseu
462 3601 615 3666 fratribus
630 3603 770 3686 ipsorum
794 3623 868 3666 oum
891 3604 1117 3687 procuratoriis
1139 3603 1239 3668 literis
1254 3604 1384 3687 capituli
1407 3603 1558 3667 ecclesiae
1572 3602 1687 3667 Trans·

216 3714 250 3765 25
286 3705 428 3770 31133333
444 3712 673 3791 consurgentes
689 3708 937 3790 proposuissent,
961 3708 1047 3789 quod
1062 3708 1121 3791 ipsi
1145 3728 1210 3772 una
1231 3728 1304 3773 cum
1325 3709 1440 3772 comite
1454 3708 1585 3771 Nicolao
1602 3707 1686 3771 dicto

284 3808 364 3873 Wos
387 3810 512 3874 seniore
534 3811 569 3873 in
599 3811 747 3875 omnibus
768 3811 1023 3895 possessionibus
1040 3813 1181 3894 ipsorum
1205 3813 1411 3895 hereditariis,
1433 3812 1633 3894 acquisititiis
1656 3817 1688 3875 et

285 3913 435 3998 emptitiis
457 3915 541 3978 inter
562 3915 648 3998 ipsos
663 3914 852 3979 divisionem
870 3921 1057 3999 perpetuam
1073 3916 1188 3981 habere
1204 3917 1390 3997 niterentur,
1413 3916 1569 3980 divisione
1592 3915 1685 3999 legali

284 4021 317 4080 et
338 4016 464 4098 aequali
486 4018 570 4082 inter
592 4018 678 4102 ipsos
708 4019 877 4082 sortiendo.
912 4017 982 4095 Quo
1005 4024 1154 4103 percepto
1181 4021 1257 4102 quia
1280 4020 1383 4084 dictus
1405 4038 1512 4083 comes
1533 4019 1685 4083 Nicolaus

283 4119 364 4184 Wos
385 4121 493 4185 senior
514 4122 723 4205 personaliter
744 4124 966 4205 consurgendo
989 4124 1021 4186 in
1045 4124 1300 4206 possessionibus
1322 4126 1465 4208 ipsorum
1487 4122 1685 4187 hereditariis

216 4232 251 4284 33
286 4224 476 4290 (1153133333
491 4246 565 4290 cum
587 4227 707 4290 eisdem
729 4227 880 4291 tratribus
903 4227 970 4291 3313
992 4247 1026 4292 33
1048 4228 1131 4292 velle
1154 4228 1278 4308 habere,
1302 4229 1358 4293 sed
1381 4228 1414 4292 in
1432 4226 1687 4311 possessionibus

285 4329 486 4410 acquisititiis
509 4335 541 4393 et
570 4330 721 4414 emptitiis
743 4350 778 4394 33
801 4331 885 4395 33113
915 4332 1019 4395 tacere
1042 4330 1190 4414 allegavit
1215 4332 1359 4412 dicendo,
1391 4332 1477 4413 quod
1499 4332 1567 4414 ipse
1590 4349 1687 4413 super
1710 4380 1714 4387 .

284 4433 404 4497 eisdem
419 4434 621 4515 acquisititiis
643 4438 675 4498 et
697 4435 847 4519 emptitiis
868 4434 1124 4519 possessionibus
1145 4437 1358 4500 instrumenta
1372 4435 1511 4514 haberet
1533 4434 1574 4497 ad
1596 4434 1686 4497 exhi·

284 4535 424 4601 bendum
454 4538 564 4602 eodem
595 4538 808 4602 instrumenta
835 4539 935 4621 ipsam
967 4558 1094 4602 oausam
1125 4540 1166 4603 ad
1192 4546 1321 4604 octavas
1350 4540 1423 4604 festi
1453 4539 1535 4603 beati
1559 4536 1684 4619 Georgii

285 4640 434 4721 martyris
446 4646 524 4704 tunc
535 4642 681 4724 proxime
694 4642 926 4724 subsequentes
938 4643 960 4719 ²)
975 4662 1236 4726 prorogassemus
1248 4644 1285 4706 ad
1303 4644 1408 4707 locum
1421 4643 1687 4707 Oolusmonustra

215 4750 249 4802 ab
285 4744 492 4808 nominatum.
515 4744 653 4810 Tandem
677 4747 745 4830 ipso
761 4746 896 4811 termino
920 4754 1116 4828 occurrente,
1141 4748 1299 4830 praedicto
1323 4748 1437 4810 comite
1460 4745 1591 4809 Nicolao
1614 4766 1686 4829 per-

285 4847 436 4911 sonaliter
459 4854 490 4912 et
513 4849 605 4913 dictis
635 4850 765 4913 Nicolao
795 4857 828 4914 et
850 4849 993 4913 ladislao
1017 4850 1110 4915 dictis
1133 4852 1211 4914 Wos
1241 4871 1298 4933 pro
1324 4870 1358 4913 se
1389 4850 1605 4934 personaliter,
1628 4871 1685 4933 pro

283 4951 431 5016 Johanne
446 4971 523 5016 vero
539 4953 656 5017 Acheel
680 4955 773 5033 dicto,
796 4954 891 5017 Petro
907 4954 1001 5034 Rufo,
1024 4953 1209 5033 laurencio,
1231 4954 1349 5017 Thomu
1364 4959 1397 5018 et
1410 4952 1517 5017 Deseu
1533 4953 1686 5017 tratribus

282 5056 434 5139 ipsorum,
464 5055 624 5140 praedicto
647 5056 801 5122 Michaele
823 5058 950 5121 interim
974 5057 1134 5137 defuncto,
1164 5078 1238 5121 cum
1259 5056 1486 5142 procuratoriis
1508 5055 1609 5119 literis
1632 5076 1684 5120 ca·

282 5159 375 5243 pituli
396 5160 593 5242 Nyttriensis
622 5159 774 5225 ecclesiae
795 5181 902 5225 eoram
932 5160 1023 5225 nobis
1052 5162 1085 5223 in
1109 5159 1279 5225 Monustur
1309 5161 1568 5245 comparentibus
1591 5179 1685 5244 saepe

212 5270 248 5324 40
282 5263 388 5329 dictus
402 5285 509 5329 comes
519 5264 670 5330 Nicolaus
685 5266 792 5329 senior
807 5265 887 5329 Wos
902 5266 1084 5330 nominatus
1100 5266 1246 5330 exhibuit
1262 5264 1352 5329 nobis
1368 5265 1475 5330 literas
1490 5265 1685 5329 serenissimi

440 5404 460 5469 ¹)
478 5372 547 5456 13311
564 5401 716 5455 November
732 5407 758 5455 8.

438 5490 460 5556 ²)
478 5492 547 5542 1340
564 5487 629 5541 Mar
646 5493 671 5542 1.
