4084 6302
925 625 1079 721 ,499-

456 814 522 877 Ν99
545 814 719 896 capitulum
750 815 900 878 ecclesiae
922 815 1165 879 Transsiluanae
1197 815 1310 878 damus
1332 835 1390 897 pro
1421 814 1581 895 memoria,
1616 815 1703 896 quod

302 919 397 980 tratre
420 917 544 997 Angelo
568 919 672 1000 priore
696 918 735 979 (19
759 916 882 980 Desuar
905 919 973 981 vice
996 928 1028 983 91
1052 920 1180 981 9991199
1211 918 1376 981 reverendi
1400 919 1433 979 in
1457 917 1581 981 (1191919
1605 919 1703 1001 patris

302 1026 333 1084 91
356 1020 473 1083 domini
498 1022 616 1084 domini
648 1021 754 1083 fratris
778 1021 867 1084 Pauli
892 1023 1028 1105 episcopi
1054 1022 1204 1085 Albensis
1236 1022 1274 1085 (19
1297 1021 1432 1085 Nandur
1455 1022 1494 1086 ab
1517 1041 1583 1085 una
1604 1026 1703 1106 parto,

302 1123 920 1207 91999111911999919119191199991)
950 1125 1015 1188 lilio
1039 1125 1150 1188 lllilrud
1173 1125 1247 1188 bani
1278 1124 1448 1207 9119119119,
1480 1145 1586 1188 coram
1611 1125 1703 1189 nobis

249 1236 265 1286 9
302 1228 492 1307 constitutis,
521 1228 607 1292 idem
630 1230 727 1292 119191
751 1230 894 1312 Angelus
917 1230 999 1292 dixit
1021 1236 1053 1293 91
1076 1229 1242 1312 proposuit
1267 1235 1363 1310 atque
1385 1230 1552 1293 confessus
1576 1230 1701 1293 exstitit

302 1332 430 1394 oraculo
463 1333 555 1395 vivae
587 1334 683 1412 vocis,
715 1332 801 1413 quod
830 1333 914 1396 idem
937 1334 1088 1416 magister
1108 1333 1272 1396 Johannes
1302 1332 1388 1397 filius
1410 1333 1522 1397 Milrud
1543 1333 1628 1415 bani,
1663 1334 1703 1398 de

301 1441 431 1498 centum
453 1441 486 1498 91
507 1436 649 1518 viginfi’)
673 1437 787 1499 mercis
809 1437 849 1499 ed
872 1438 1028 1500 rationem
1049 1437 1234 1501 Budensem
1256 1438 1372 1519 partim
1394 1437 1427 1500 in
1451 1437 1671 1501 aestimatione
1680 1434 1701 1513 8)

302 1546 334 1601 et
355 1539 470 1621 partim
500 1540 532 1601 in
562 1541 699 1623 pecunia
728 1546 845 1622 parata,
874 1541 908 1603 in
933 1540 1051 1621 quibus
1073 1541 1174 1605 eidem
1207 1541 1458 1605 dominoPaulo
1482 1541 1702 1624 9919999999-

302 1643 443 1705 cundum
468 1649 609 1706 19991919
631 1643 796 1707 literarum
820 1643 939 1708 domini
962 1645 1045 1727 regis
1067 1645 1100 1706 in
1125 1644 1259 1708 diversis
1275 1645 1420 1708 terminis
1442 1643 1619 1726 tenebatur,
1641 1643 1702 1707 sibi

237 1754 268 1805 10
304 1747 432 1810 nomine
462 1754 495 1810 et
523 1748 592 1810 vioe
622 1748 723 1830 ipsius
753 1747 872 1810 domini
903 1748 1009 1811 1191119
1031 1747 1123 1811 Pauli
1154 1748 1293 1831 episcopi
1322 1749 1486 1831 recipienti
1517 1753 1550 1811 et
1581 1745 1619 1809 ab
1644 1748 1703 1810 1199

303 1850 438 1933 speciale
446 1850 468 1924 4)
492 1851 677 1914 mandatum
699 1850 836 1932 habenti,
865 1852 1069 1915 satisfecisset
1090 1852 1130 1915 ad
1152 1851 1284 1935 plenum
1316 1858 1475 1916 eteorum
1498 1850 1591 1915 uobis
1619 1852 1704 1915 idem

303 1955 399 2018 irater
430 1955 575 2037 Angelus
609 1955 737 2017 nomine
775 1954 875 2037 ipsius
905 1955 1011 2019 fratris
1041 1955 1133 2019 Pauli
1168 1956 1307 2039 episcopi
1341 1956 1480 2044 eundem
1513 1956 1702 2039 magistrum

301 2057 481 2121 Jolrannem
503 2057 604 2121 filium
620 2057 732 2121 Mikud
755 2059 827 2121 bani
850 2059 890 2122 de
912 2059 1081 2142 praedietis
1096 2066 1225 2123 eentum
1247 2065 1280 2123 et
1301 2060 1413 2143 viginti
1437 2060 1550 2124 mareis
1565 2059 1704 2124 reddidit

303 2162 488 2245 expeditum
504 2169 600 2244 atque
623 2162 773 2225 solutum.
796 2161 914 2226 Datum
938 2168 1051 2244 quarto
1074 2162 1126 2226 die
1143 2169 1328 2226 octavarum
1349 2164 1433 2227 beati
1447 2164 1605 2228 iohannis
1626 2164 1703 2247 bap-

235 2273 267 2323 15
304 2267 404 2347 119199,
428 2286 512 2329 9999
536 2266 655 2329 domini
670 2242 712 2328 ni.
735 2243 830 2330 (30⁰6
853 2267 1011 2331 tricesimo
1036 2268 1157 2349 quinto.

458 2403 532 2487 Ares
541 2404 596 2467 der
607 2404 781 2467 1111919919.-
797 2405 859 2468 Pro
876 2407 1026 2489 magistro
1041 2406 1189 2470 19119999
1210 2405 1275 2469 filio
1292 2405 1414 2469 Nicolai
1431 2404 1477 2468 fili
1491 2402 1602 2468 Milrud
1624 2404 1700 2468 bani

302 2528 398 2592 super
411 2507 570 2571 solutione
580 2514 708 2572 centum
718 2515 749 2572 et
765 2509 878 2591 viginti
891 2528 1068 2573 marcarum
1081 2509 1120 2573 ad
1133 2511 1288 2574 rationem
1300 2508 1483 2574 Budensem
1496 2507 1702 2593 expeditoria.

958 2837 1047 2920 518.

385 3002 476 3090 Ofen
511 3004 616 3073 1335
653 3001 844 3073 November
873 3004 906 3072 5.
954 2999 1125 3087 Andreas,
1163 3000 1317 3089 Bebebof
1339 3023 1404 3073 999
1441 2960 1702 3091 &matema

232 3139 266 3193 20
301 3124 454 3196 scilicaet
488 3124 654 3195 mildens
679 3122 995 3213 siebeabrirpiselree
1020 3121 1112 3193 Adel
1150 3123 1249 3194 91999
1282 3119 1462 3213 1799919191
1487 3120 1704 3194 limanici
1804 3142 1813 3150 ·

302 3245 362 3317 des
388 3244 539 3317 Zebutea
565 3245 639 3317 aad
664 3246 727 3317 der
757 3243 1059 3317 Gericbtaborltea't.

458 3409 569 3463 Draelr:
591 3408 717 3477 Battydrr
735 3406 821 3476 Lepas
838 3407 926 3462 eccles.
945 3407 1009 3474 III,
1028 3412 1079 3463 171
1105 3407 1176 3462 9991
1199 3407 1259 3462 dem
1279 3404 1584 3476 011911991191999119
1601 3404 1702 3461 Karia·

405 3498 534 3566 19119.-
554 3494 640 3561 Feje
660 3494 750 3549 (lodex
772 3494 859 3561 VIII,
881 3499 903 3561 7,
921 3498 982 3549 282.

456 3671 602 3735 Andreas
624 3671 674 3734 dei
697 3678 729 3733 91
748 3670 938 3754 apostolieae
954 3671 1038 3734 sedis
1053 3670 1154 3753 gratie
1169 3670 1338 3752 episcopus
1352 3668 1594 3750 lbansylvanus
1608 3686 1699 3751 prae-

233 3785 266 3836 25
302 3777 439 3840 sentium
456 3795 513 3858 per
529 3782 670 3838 tenorem
687 3771 901 3855 significamus
917 3774 1034 3855 quibus
1050 3774 1179 3857 expedit
1194 3770 1363 3853 universis,
1387 3771 1473 3852 quod
1488 3771 1564 3835 lieet
1577 3770 1701 3835 nobiles

302 3887 405 3944 terrae
426 3878 663 3960 Transylvanae
694 3885 726 3941 et
756 3897 866 3942 eorum
890 3879 1083 3941 universitas
1105 3876 1259 3940 nobilium
1283 3893 1380 3958 super
1410 3874 1540 3938 decimis
1563 3880 1596 3938 et
1618 3873 1703 3938 deoi-

302 3982 496 4046 mationibus
525 4001 649 4046 necnon
680 3980 805 4043 iuribus
836 3989 867 4044 91
889 3980 1162 4045 iurisdictionibus
1189 3978 1377 4043 exercendis
1400 3979 1566 4042 eredentes
1588 3997 1648 4041 nos
1671 3984 1703 4042 et

302 4086 340 4149 ad
365 4106 423 4149 999
447 4087 642 4169 pertinentes
674 4084 792 4147 eisdem
815 4084 976 4148 nobilibus
999 4085 1142 4148 iniuriari
1164 4085 1198 4147 in
1221 4080 1471 4146 controversiam
1498 4080 1703 4145 devenissent

302 4191 438 4253 invicem
462 4210 559 4274 super
582 4190 640 4251 hoc
663 4187 844 4268 aliqualiter
864 4187 1053 4252 altercantes
1069 4194 1174 4251 tamen
1197 4193 1234 4250 ut
1250 4185 1432 4248 huiusmodi
1455 4184 1670 4248 altercationis
1678 4182 1703 4263 ⁶)

234 4302 268 4354 30
305 4292 384 4371 1911)
414 4293 650 4356 controversiae
688 4311 744 4354 seu
776 4291 983 4355 dissensionis
1013 4292 1144 4355 materia
1174 4290 1213 4353 de
1244 4289 1347 4353 medio
1379 4287 1479 4350 nostri
1509 4286 1640 4350 tollatur
1671 4292 1704 4350 et

302 4397 453 4460 radicitus
484 4396 595 4459 evulsa
617 4394 809 4479 ‘permaneat
839 4396 872 4458 in
894 4402 1023 4460 aeterno
1046 4396 1133 4480 pacis
1158 4395 1277 4474 191919,
1310 4412 1383 4455 oum
1413 4390 1563 4474 magistro
1585 4390 1704 4454 Thema

302 4499 367 4563 filio
390 4499 538 4581 Dionysii
568 4505 600 4562 et
630 4500 744 4562 comite
766 4499 888 4562 Pascha
918 4499 957 4562 de
987 4499 1064 4562 Jara
1092 4499 1220 4562 nunciis
1250 4495 1440 4581 specialibus
1469 4494 1704 4579 praedictorum

303 4604 457 4667 nobilium
481 4604 739 4686 componentium
770 4608 803 4665 91
831 4602 1064 4686 acceptantium
1095 4603 1223 4665 nomino
1245 4602 1389 4684 ipsorum
1419 4598 1575 4662 nobilium
1597 4597 1703 4662 taliter

303 4707 438 4771 invicem
473 4708 625 4770 duximus
657 4707 877 4786 ordinandum,
912 4706 998 4787 quod
1030 4707 1189 4787 universa,
1223 4722 1306 4786 quae
1336 4701 1472 4766 inferius
1501 4701 1703 4785 denotantur,

235 4820 269 4870 35
304 4810 437 4875 firmiter
458 4810 672 4895 promittimus
688 4809 865 4873 observare.
888 4808 1047 4892 Imprimis
1071 4809 1244 4872 decimator
1258 4812 1368 4870 noster
1390 4825 1463 4870 eum
1487 4804 1593 4868 villico
1609 4804 1704 4869 villae

303 4914 407 4977 dicare
430 4915 524 4979 debet
546 4920 578 4978 et
600 4914 752 4977 medietas
782 4913 925 4976 diearum
954 4912 1131 4976 remanebit
1162 4910 1247 4994 apud
1269 4910 1408 4975 eundem
1433 4907 1582 4971 villicum
1619 4907 1701 4972 Item

462 5070 481 5135 Ι)
500 5067 629 5134 Hieratis
641 5064 892 5133 durcapema'cben:
910 5064 944 5119 ab
961 5063 1050 5118 altere.

459 5153 480 5221 ’)
499 5151 624 5219 Hieratis
641 5150 891 5220 darclryeatn'cben:
909 5166 965 5204 sex.

458 5240 480 5306 8)
502 5237 638 5307 Vorlape:
655 5236 832 5292 extimatione.

232 5330 268 5383 40
457 5327 480 5393 ⁴)
502 5323 588 5380 Ueber
608 5325 657 5378 der
675 5323 750 5378 Zeile
767 5322 975 5393 oadtpetrapen.

458 5413 480 5480 ⁸)
502 5411 635 5481 Vorlape:
653 5409 803 5465 9119199919.

458 5500 481 5567 ⁸)
503 5496 636 5568 Veram:
654 5498 691 5550 91.
