4084 6302
990 637 1145 732 ffl—

372 846 438 890 una
467 846 541 890 curn
570 825 743 889 baronibus
772 831 804 890 et
832 825 902 889 aliis
924 826 1111 890 consiliariis
1138 826 1204 890 suis
1226 826 1321 891 talem
1349 826 1566 890 adinvenisset
1588 825 1718 889 modum
1739 832 1773 889 et

372 930 458 993 hunc
476 930 619 993 ordinem
637 929 845 1013 disposuisset
866 930 950 992 circa
967 930 1027 993 boc
1049 930 1293 1011 observandum,
1315 936 1353 993 ut
1374 929 1434 993 sub
1453 931 1567 993 idoneo
1592 929 1770 994 testimonio

375 1033 565 1098 venerabilis
588 1032 718 1116 capituli
740 1032 946 1096 Varadiensis
968 1034 1137 1098 universae
1164 1034 1381 1118 possessiones
1403 1034 1544 1097 eiusdem
1567 1032 1718 1097 ecclesiae
1740 1039 1772 1096 et

372 1137 516 1221 singulae
538 1156 596 1221 per
617 1137 761 1200 homines
784 1156 859 1200 suos
890 1136 930 1199 ad
953 1137 1012 1199 boc
1034 1137 1233 1221 deputandos
1263 1137 1534 1220 perlustrarentur
1555 1137 1595 1200 de
1617 1137 1709 1200 metis
1731 1137 1771 1199 ad

372 1246 473 1305 metas
495 1247 528 1305 et
549 1241 663 1304 ceteris
693 1238 876 1302 nominibus
899 1240 1039 1323 ipsarum
1069 1243 1305 1323 possessionum
1335 1241 1495 1324 expressis
1516 1241 1615 1323 signis
1637 1240 1771 1303 circum-
1806 1246 1825 1297 5

372 1345 525 1409 darentur
546 1342 716 1423 consuetis,
738 1340 885 1405 fidelibus
907 1343 974 1406 suis
999 1343 1130 1408 Nicolao
1153 1344 1193 1409 de
1216 1344 1379 1408 Gumbach
1401 1351 1434 1409 et
1455 1344 1550 1409 Petro
1581 1344 1621 1407 de
1642 1343 1770 1415 Fomo¹l

372 1448 533 1513 nobilibus
562 1447 661 1531 partis
687 1445 929 1509 Traussilvanae
959 1447 1099 1511 dedisset
1131 1449 1163 1510 in
1194 1448 1359 1529 mandatis,
1393 1458 1430 1512 ut
1459 1448 1499 1511 ad
1528 1446 1770 1529 exsequendum

372 1554 545 1636 praemissa
573 1550 633 1615 sub
656 1549 836 1614 testimonio
859 1550 988 1635 capituli
1017 1552 1194 1633 praenotati
1224 1572 1281 1615 sua
1305 1551 1491 1615 accederent
1512 1551 1709 1627 auctoritate,
1739 1556 1771 1613 et

372 1655 530 1738 quidquid
559 1655 593 1717 in
622 1653 804 1737 praemissis
831 1672 889 1736 per
918 1653 1044 1717 eosdem
1076 1660 1181 1717 actum
1212 1654 1310 1735 fieret,
1343 1656 1375 1717 in
1406 1654 1506 1718 literis
1537 1654 1612 1717 dicti
1642 1653 1771 1736 capituli

372 1758 590 1823 Waradiensis
620 1756 680 1822 sibi
702 1763 927 1840 reportaretur,
957 1763 994 1820 ut
1016 1758 1181 1841 privilegia
1211 1777 1293 1839 quae
1315 1777 1373 1841 per
1397 1758 1658 1841 compositionem
1681 1776 1770 1840 prae-
1806 1761 1843 1814 10

372 1865 500 1928 missam
515 1860 704 1926 mortificata
718 1861 869 1942 luissent,
885 1880 942 1943 per
957 1861 1138 1924 huiusmodi
1162 1863 1401 1926 renovationem
1426 1881 1508 1943 quae
1523 1863 1624 1945 ipsius
1640 1867 1770 1942 quartae

371 1986 448 2029 suae
476 1966 516 2029 de
546 1965 694 2028 mandato
724 1984 783 2027 suo
814 1965 900 2047 regio
930 1970 1025 2027 etex
1048 1970 1134 2028 certa
1160 1966 1291 2028 seientia
1319 1986 1378 2029 sua
1407 1967 1482 2049 ipsis
1512 1966 1612 2028 literis
1642 1964 1771 2047 capituli

371 2068 588 2133 Waradiensis
609 2067 701 2131 fieret
722 2069 849 2149 inserta,
871 2068 1106 2132 reviviscerent.
1141 2068 1179 2131 In
1203 2069 1320 2150 quibus
1343 2070 1470 2151 quidem
1499 2068 1599 2132 literis
1620 2068 1770 2150 praetacti

371 2172 502 2257 capituli
523 2171 740 2235 Waradiensis
768 2172 870 2235 eidem
900 2172 1029 2234 domino
1055 2173 1204 2236 Andreae
1235 2174 1302 2255 regi
1333 2193 1430 2256 super
1459 2171 1709 2236 reambulatione
1739 2176 1771 2233 et

371 2276 529 2341 erectione
558 2282 714 2340 metarum
746 2276 889 2339 omnium
914 2276 1152 2359 possessionum
1181 2278 1374 2360 praetitulati
1404 2277 1534 2360 capituli
1555 2274 1768 2338 Transsilrani
1807 2281 1841 2331 15

370 2379 652 2464 resriptionalibus,
682 2399 718 2443 ac
739 2398 797 2463 per
826 2380 929 2463 ipsum
962 2379 1125 2443 dominum
1148 2380 1309 2444 Andream
1340 2399 1446 2463 regem
1476 2381 1585 2462 vigore
1607 2378 1770 2462 praemissi

370 2485 421 2548 sui
444 2484 601 2567 privilegii
623 2482 825 2561 confirmatis,
848 2488 950 2546 metae
967 2479 1223 2567 [praedictarum]
1243 2484 1478 2566 possessionum
1501 2481 1586 2547 Orbe
1610 2488 1643 2546 et
1655 2481 1769 2562 Enyed

371 2594 555 2652 vocamrum
571 2583 695 2671 [ipsius]
711 2586 842 2670 capituli
858 2581 953 2667 [inter
968 2585 1057 2669 elias]
1081 2586 1140 2649 hoc
1162 2587 1273 2650 ordine
1289 2587 1423 2670 scriptae
1439 2587 1645 2665 exstitissent,
1668 2592 1769 2649 metae

369 2697 477 2755 autem
500 2696 617 2755 terram
640 2687 794 2774 [capituli]
818 2688 903 2754 Orbo
926 2695 1071 2752 vocatam
1099 2709 1118 2751 a
1139 2696 1224 2753 terra
1245 2689 1325 2753 Beld
1347 2689 1502 2753 nobilium
1526 2689 1697 2754 decadem
1720 2708 1769 2752 se-

370 2801 518 2879 parantes
540 2795 600 2858 hoc
622 2794 733 2858 ordine
756 2792 1036 2876 distinguerentur.
1058 2793 1217 2877 inciperet
1232 2793 1271 2855 ab
1287 2793 1409 2857 oriente
1431 2795 1465 2856 in
1481 2792 1621 2874 Marysio
1643 2793 1676 2854 in
1699 2792 1768 2855 loco
1805 2796 1842 2851 20

370 2897 437 2962 Folr
459 2903 572 2961 vocato
595 2904 627 2961 et
649 2898 752 2961 exiret
767 2894 831 2980 [ad]
856 2897 936 2960 duas
951 2904 1051 2961 metas
1074 2904 1201 2977 terreas,
1224 2897 1298 2961 inde
1320 2896 1504 2961 flecteretur
1525 2896 1565 2959 ad
1587 2896 1769 2978 aquilonem

370 3006 403 3065 et
423 3001 582 3065 transiens
608 3000 769 3082 quandam
791 3019 905 3064 venam
928 3002 1054 3064 veniret
1075 3002 1114 3065 ad
1144 3001 1229 3064 viam
1252 3000 1292 3063 ad
1315 3000 1394 3064 duas
1418 3008 1516 3064 metas
1538 3006 1667 3079 terreas,
1696 3000 1770 3063 inde

369 3104 545 3188 procedens
559 3105 651 3168 iuxta
672 3105 778 3167 locum
795 3103 943 3186 Zapuoba
957 3113 1107 3167 vocatum
1131 3105 1170 3168 ad
1187 3104 1266 3167 duas
1289 3110 1390 3167 metas
1405 3109 1532 3167 terreas.
1558 3103 1644 3168 Hinc
1658 3104 1770 3168 eodem

369 3228 469 3273 cursu
489 3209 640 3271 transiret
662 3226 808 3291 magnam
831 3207 917 3270 riam
938 3227 1109 3291 perquam
1131 3208 1232 3271 iretur
1247 3207 1361 3270 Albam
1384 3208 1424 3269 ad
1439 3206 1540 3290 Seegh
1563 3209 1602 3270 ad
1625 3207 1769 3271 arborem

369 3312 446 3376 thwl
469 3319 553 3377 meta
575 3317 678 3375 terrea
707 3311 957 3394 circumseptam,
987 3311 1043 3375 ubi
1065 3317 1172 3375 essent
1201 3310 1280 3373 aliae
1308 3317 1372 3374 tres
1403 3316 1504 3375 metae
1535 3318 1665 3391 terreae,
1696 3311 1769 3374 hinc
1805 3314 1840 3367 25

369 3435 428 3500 per
449 3415 534 3480 idem
557 3414 638 3498 Seeg
659 3413 841 3478 flecteretur
856 3422 967 3478 contra
982 3415 1229 3499 septentrionem
1245 3418 1356 3477 contra
1371 3414 1478 3477 villam
1502 3413 1587 3479 Orbo
1610 3414 1650 3477 ad
1673 3433 1769 3478 uuam

367 3524 485 3583 metam
501 3523 644 3600 terream,
668 3523 753 3581 terra
766 3518 847 3583 Beld
862 3539 881 3580 a
896 3520 1027 3583 meridie
1045 3526 1238 3601 remanente,
1262 3519 1335 3581 hinc
1349 3519 1474 3582 veniret
1489 3518 1529 3581 ad
1544 3518 1636 3581 aliam
1653 3523 1769 3581 metam

369 3626 514 3703 terream,
543 3620 617 3684 hinc
646 3621 681 3683 in
702 3619 767 3686 fine
797 3622 940 3686 eiusdem
970 3627 1072 3686 terrae
1096 3621 1197 3706 Seegb
1227 3622 1268 3685 ad
1298 3622 1378 3686 duas
1409 3628 1508 3686 metas
1530 3628 1657 3685 terreas.
1690 3620 1770 3684 Inde

369 3724 576 3788 descenderet
590 3743 687 3808 super
702 3726 807 3809 ipsum
823 3725 925 3809 Seegh
941 3726 980 3789 ad
996 3725 1111 3789 vallem
1135 3730 1167 3789 et
1180 3725 1213 3787 in
1229 3725 1335 3789 radice
1349 3725 1451 3809 ipsius
1465 3725 1567 3809 Seegh
1589 3724 1771 3788 flecteretur

368 3833 478 3892 contra
508 3827 703 3892 occidentem
733 3834 766 3892 et
793 3829 917 3893 veniret
939 3828 979 3891 ad
1001 3834 1118 3891 metam
1144 3834 1280 3893 terream
1302 3829 1395 3892 iuxta
1424 3830 1508 3893 viam
1538 3830 1682 3912 positam,
1711 3847 1769 3912 per
1804 3831 1840 3885 30

368 3950 466 4013 quam
495 3932 580 3996 viam
602 3932 786 3997 ascenderet
816 3933 931 3996 iterum
954 3933 988 3995 in
1012 3932 1113 4014 Seegh
1136 3938 1168 3995 et
1189 3933 1314 3997 veniret
1336 3932 1376 3995 ad
1406 3938 1470 3997 tres
1493 3938 1601 4013 metas,
1632 3951 1769 4014 quarum

367 4056 434 4102 una
448 4043 533 4102 esset
547 4035 707 4119 ecclesiae,
730 4037 792 4100 alia
806 4043 891 4101 esset
905 4037 1064 4100 dictorum
1086 4035 1241 4100 nobilium
1256 4036 1296 4100 de
1310 4036 1399 4118 Beld,
1422 4037 1516 4100 tertia
1530 4054 1606 4099 vero
1629 4034 1769 4098 filiorum

368 4141 494 4206 comitis
514 4142 663 4205 Andreae
686 4141 725 4205 de
749 4140 842 4224 Gyog
863 4140 934 4205 aliis
956 4142 1052 4205 etiam
1079 4147 1235 4204 metamm
1266 4141 1368 4204 dictae
1389 4139 1601 4223 possessionis
1622 4137 1770 4202 cursibus

369 4243 470 4309 literis
492 4245 527 4308 in
549 4244 669 4309 eisdem
692 4244 865 4309 declaratis.

1028 4486 1120 4570 582.
1803 4506 1839 4561 ³⁵

447 4650 638 4725 Saeutimre
654 4653 764 4723 1338
774 4649 808 4722 J
804 4673 919 4722 aanor
930 4655 991 4722 16.
1011 4650 1146 4739 Petrus,
1174 4616 1411 4723 Viaewoiwode
1427 4672 1492 4721 nou
1507 4646 1768 4738 Siebeabdrpea

370 4772 570 4866 beoaftrapt
605 4774 670 4845 das
704 4771 985 4864 Wersaeudcrper
1010 4772 1165 4864 Kapitel,
1203 4772 1259 4843 die
1298 4769 1457 4842 (irenaeo
1491 4770 1554 4841 der
1580 4767 1770 4857 Besitaaap

370 4892 473 4965 Bued
497 4894 744 4986 mmprecbead
777 4895 872 4966 etan
907 4891 1073 4966 Urbande
1103 4894 1162 4965 dee
1187 4892 1323 4984 Kdaipa
1348 4890 1511 4963 Andreas
1538 4888 1616 4959 III.
1643 4910 1688 4959 aa
1714 4885 1767 4958 be-

363 5014 473 5104 yelteu
497 5015 572 5087 wad
596 5015 749 5088 densiter
775 5038 822 5087 aa
847 5016 909 5087 iba
934 5038 978 5086 aa
1005 5014 1185 5087 mitten.

523 5177 658 5234 Amouda
674 5177 820 5245 Abeebm'ft
837 5176 909 5232 narb
925 5177 986 5232 dem
1000 5176 1076 5246 θήρ.
1088 5176 1170 5247 Perp.
1193 5174 1298 5246 Uupar.
1310 5173 1520 5229 Londeaorebio
1538 5172 1691 5241 Badapeat.
1711 5170 1767 5226 Die
1801 5171 1840 5226 40

471 5262 522 5318 mit
538 5263 672 5334 Incipiunt
682 5263 805 5319 videlieet
820 5267 908 5319 metae
927 5264 1102 5334 beptaueude,
1119 5263 1170 5317 mit
1187 5262 1232 5317 ubi
1249 5262 1399 5317 viduantur
1415 5263 1501 5316 terrae
1512 5261 1580 5329 linig
1591 5257 1769 5314 amttam

474 5350 759 5421 &mendaeem
769 5349 845 5406 wind
860 5349 921 5404 bier
932 5348 1147 5419 mpepebea
1164 5348 1236 5404 narb
1252 5349 1313 5404 dem
1329 5349 1362 5402 iu
1376 5346 1466 5404 Codex
1477 5344 1593 5416 purior
1610 5344 1699 5413 VIII,
1716 5346 1769 5398 418

467 5437 702 5506 moffeatb'cbtea
722 5437 797 5493 Text.

520 5559 542 5627 ¹)
563 5556 697 5627 Vorlcpe:
714 5557 796 5613 Porro.
