4084 6302
990 601 1144 695 ἑθθ.--

363 788 514 872 principis
536 788 654 852 domini
679 789 787 853 Karoli
818 789 868 852 dei
892 791 993 871 gratia
1014 789 1147 853 illustris
1170 790 1254 872 regis
1276 789 1470 871 Hungariae,
1498 788 1557 851 sub
1580 787 1762 851 authentico

362 899 394 956 et
416 893 539 956 anulari
569 893 711 956 eiusdem
742 894 853 977 sigillis
882 895 1083 977 consignatas
1113 895 1272 956 dominico
1295 894 1345 957 die
1375 893 1521 976 proximo
1553 897 1625 974 post
1646 892 1762 955 festum

362 997 547 1080 epiphaniae
580 997 714 1078 domini,
745 999 893 1080 contigue
923 1009 995 1081 post
1022 1000 1136 1062 festum
1169 999 1310 1061 omnium
1342 1003 1522 1059 sanctorum
1555 996 1762 1078 praemissum

363 1102 643 1183 subsequenten1¹l
678 1102 710 1164 in
742 1122 825 1165 anno
856 1103 975 1164 domini
999 1103 1047 1165 Μο
1070 1102 1178 1165 CCC*
1203 1100 1371 1165 XXXX*
1396 1106 1567 1181 emanatas,
1589 1100 1621 1162 in
1645 1099 1763 1181 quibus

361 1208 574 1290 comperimus
596 1207 762 1287 contineri,
793 1206 877 1287 quod
902 1226 995 1289 saepe
1026 1206 1131 1268 dietus
1160 1205 1308 1268 dominus
1331 1224 1388 1268 rex
1419 1223 1478 1268 nos
1508 1204 1547 1268 ab
1569 1203 1761 1288 imponendo
1797 1211 1814 1261 5

362 1311 478 1374 iudicio
495 1330 591 1393 super
613 1309 813 1391 acquisititiis
829 1310 1085 1391 possessionibus
1102 1309 1201 1393 ipsius
1220 1309 1344 1372 comitis
1358 1308 1481 1372 Nicolai
1497 1309 1632 1372 senioris
1647 1307 1763 1371 Zenth·

361 1413 538 1497 gothhartb,
561 1411 674 1495 Chege,
697 1412 824 1494 Zylwas
847 1420 880 1477 et
895 1413 1090 1495 Zenthywan
1113 1414 1232 1476 vocatis
1256 1431 1314 1476 sua
1330 1412 1426 1495 regali
1449 1413 1591 1496 potentia
1606 1412 1763 1475 mediante

361 1517 522 1601 prohibuit
537 1522 569 1581 et
583 1517 757 1581 interdixit.
783 1516 865 1594 eria
879 1524 986 1581 autern
1001 1537 1095 1601 saepe
1112 1517 1216 1580 dictus
1239 1536 1345 1580 comes
1360 1516 1512 1581 Nicotaus
1527 1535 1624 1599 super
1638 1534 1762 1599 posses·

362 1621 507 1685 sionibus
529 1622 680 1704 emptitiis
694 1623 891 1685 intrumenta
906 1628 1002 1705 prout
1017 1627 1232 1706 assumpserat
1251 1620 1402 1684 exhibere
1419 1620 1573 1701 nequivit,
1596 1619 1628 1681 in
1644 1618 1762 1682 iudicio

360 1726 456 1788 trium
482 1745 658 1789 marearum
681 1725 819 1789 eundem
842 1725 1042 1790 decrevimus
1065 1726 1132 1789 1010
1154 1726 1337 1788 convictum
1359 1723 1595 1801 committendo,
1620 1723 1704 1805 quod
1728 1723 1761 1785 in
1798 1729 1831 1781 10

360 1830 512 1914 emptitiis
535 1837 567 1893 et
588 1829 785 1892 hereditariis
808 1830 1062 1913 possessionibus
1085 1829 1152 1892 suis
1178 1847 1250 1892 cum
1275 1828 1444 1912 praedictis
1466 1827 1618 1891 fratribus
1640 1827 1707 1891 suis
1727 1827 1761 1888 in

361 1935 496 1997 termino
512 1933 552 1997 ad
568 1933 627 1996 hoc
643 1933 794 2017 deputato
809 1954 866 2017 per
888 1933 965 1997 alias
986 1933 1092 1997 literas
1108 1940 1232 1996 nostras
1251 1932 1440 1996 divisionem
1457 1936 1640 2016 perpetuam
1656 1931 1761 1996 lacere

362 2044 515 2101 teneatur.
546 2038 640 2102 Unde
663 2058 723 2101 nos
745 2039 937 2121 praedictam
962 2057 1091 2101 causam
1114 2056 1210 2121 super
1236 2036 1483 2119 praenominatis
1505 2035 1761 2120 possessionibus

359 2141 619 2225 Zenthgutharth,
653 2142 745 2225 Oege,
776 2141 893 2223 Zyluas
923 2149 954 2206 et
988 2142 1183 2222 Zauthywan
1215 2142 1336 2204 vocatis
1366 2140 1459 2204 modo
1492 2141 1664 2224 praemisso
1695 2139 1759 2203 dis·

361 2245 501 2327 tulimus,
523 2252 634 2309 contra
657 2245 779 2328 regium
795 2251 999 2329 praeceptum
1016 2244 1200 2309 nullatenus
1216 2244 1355 2308 iudicare
1377 2246 1619 2327 praesumendo.
1641 2244 1759 2309 Datum
1797 2251 1829 2301 15

359 2349 393 2411 in
417 2349 526 2413 eadem
550 2349 825 2429 Cnlusmonustra,
856 2349 889 2411 in
913 2349 1081 2432 praedictis
1104 2349 1224 2412 octana
1250 2349 1322 2413 lasti
1346 2349 1429 2412 beati
1452 2348 1579 2431 Georgii
1602 2346 1760 2429 martyris,

361 2472 445 2515 anno
469 2468 566 2537 supra
588 2453 681 2517 dicto.

514 2591 589 2674 Aaf
604 2590 659 2654 der
681 2590 856 2655 Ranae:
888 2591 952 2655 Pro
982 2592 1097 2655 comite
1120 2592 1250 2655 Nicolao
1281 2592 1365 2655 dicto
1389 2591 1468 2654 Wos
1498 2592 1624 2654 seniore
1650 2595 1761 2653 oontm

359 2694 525 2758 Nicolaum
549 2694 693 2758 similiter
716 2694 795 2758 Wos
817 2695 937 2758 dictum
959 2696 1118 2761 iuniorem
1141 2703 1174 2760 et
1194 2696 1272 2760 alios
1294 2696 1408 2758 fratres
1430 2714 1506 2758 suos
1528 2694 1613 2758 intra
1626 2693 1760 2777 scriptos

358 2799 560 2882 superfacto
575 2798 813 2882 possessionum
828 2799 1107 2883 Zentbgothharth,
1131 2799 1222 2883 Cege
1246 2799 1372 2881 Zylwas
1394 2805 1426 2863 et
1444 2798 1641 2881 Zenthywan
1664 2817 1758 2861 voca·
1793 2803 1830 2857 20

359 2903 494 2981 tarum²l
517 2901 705 2967 memoralis.

1013 3164 1105 3244 556.

442 3311 645 3419 Wisseqrad
661 3331 767 3399 1340
793 3328 928 3419 depost
950 3332 981 3398 1.
1013 3326 1169 3415 Thomas,
1206 3324 1376 3398 Woiwode
1403 3349 1466 3397 oon
1494 3323 1756 3417 Siebeabdrpea,

356 3448 526 3520 orkmadct
552 3448 916 3541 diasceuastae
941 3449 1106 3521 emisam
1133 3449 1298 3539 Bairos-ra
1324 3471 1389 3520 oon
1416 3446 1661 3539 Klameabary
1686 3447 1760 3519 aad

356 3570 502 3661 haemi,
535 3571 616 3642 dass
643 3571 699 3643 die
717 3571 950 3662 Besilronqen
975 3571 1038 3642 der
1065 3570 1175 3642 durch
1200 3570 1261 3640 aaa
1295 3567 1548 3641 Verarrleioen
1573 3568 1647 3641 sica
1672 3569 1757 3641 aoolr
1792 3584 1827 3637 25

357 3692 395 3762 in
420 3692 536 3763 scinco
562 3692 715 3765 Hdndoa
741 3692 904 3782 befiadso.

515 3855 717 3925 Eiapescbaltet
735 3874 788 3911 von
806 3857 901 3926 Kdnip
919 3856 994 3910 Kurl
1013 3860 1080 3909 1341
1106 3856 1163 3908 aad
1181 3854 1230 3908 mil
1248 3856 1337 3909 dieser
1360 3855 1489 3908 Urloode
1507 3871 1560 3907 oon
1578 3854 1638 3908 dem
1658 3854 1756 3909 Grues·

461 3942 615 3996 wardeiaer
633 3943 748 4011 Kopitel
768 3948 843 4011 1345,
865 3943 940 4013 Oriy.
964 3942 1069 4011 Unyar.
1087 3941 1347 3996 Nationalmuseunr
1366 3941 1518 4010 Bodopest.

515 4063 627 4117 Druck:
645 4064 729 4133 Noyy
750 4064 814 4119 Cod.
833 4064 1040 4134 audegavensis
1059 4063 1113 4131 IV,
1132 4068 1192 4118 503.

511 4238 579 4302 Nos
599 4239 734 4303 Thomas
764 4240 898 4302 vaivoda
919 4239 1164 4303 l'ransslluauus
1190 4246 1222 4302 et
1243 4258 1349 4301 cuntes
1379 4239 1418 4302 de
1441 4238 1553 4302 Zonulr
1584 4238 1753 4302 memoriae
1789 4240 1824 4297 30

331 4370 336 4379 ·
356 4342 613 4406 commendantes
629 4349 739 4407 tenore
754 4344 968 4427 praesentium
980 4342 1194 4425 significamus
1207 4341 1324 4423 quibus
1340 4342 1470 4426 expedit
1485 4340 1653 4423 universis
1669 4341 1754 4423 quod

356 4464 428 4508 cnm
459 4466 543 4509 anno
569 4447 746 4512 dominicae
768 4448 993 4511 incarnationis
1024 4424 1170 4511 1110οδ.
1202 4446 1351 4529 vigesimo
1379 4447 1513 4530 septimo
1543 4446 1756 4510 dissensiones

356 4558 387 4612 et
409 4549 585 4613 discordiae
607 4551 690 4614 inter
711 4552 931 4633 generationes
953 4552 1039 4615 Petri
1062 4551 1118 4614 filii
1138 4551 1296 4627 1101101001,
1318 4550 1533 4615 Bartholomei
1554 4549 1612 4613 lilii
1627 4549 1757 4632 Hennig

355 4660 387 4716 et
409 4654 496 4717 Petri
519 4654 624 4737 magni
649 4654 808 4736 quondam
833 4655 950 4717 civium
975 4656 1013 4720 dc
1029 4655 1203 4720 Kuluswar
1228 4653 1268 4717 ab
1288 4674 1356 4717 una
1377 4660 1410 4718 et
1432 4655 1514 4718 inter
1536 4654 1756 4737 generationes

354 4758 478 4822 comitis
494 4757 594 4839 Starlr,
618 4757 717 4822 chrul
740 4765 898 4823 eteorum
914 4758 1025 4822 affines
1041 4759 1127 4821 cives
1143 4757 1290 4822 videlicet
1313 4758 1352 4821 de
1369 4757 1479 4821 eadem
1495 4764 1584 4842 parte
1599 4777 1640 4821 ex
1656 4757 1755 4821 altera
1789 4764 1823 4815 35

353 4867 458 4924 motae
481 4861 617 4925 luissent
639 4867 672 4926 et
694 4868 826 4927 exortae
849 4871 881 4927 et
896 4883 954 4926 nos
974 4863 1148 4927 eorundem
1165 4862 1399 4926 dissensionum
1423 4862 1584 4926 materiam
1609 4880 1649 4925 ne
1672 4862 1756 4925 inter

353 4985 408 5029 eos
431 4966 591 5030 excidium
615 4967 683 5031 sive
708 4985 793 5029 mors
817 4966 867 5030 vel
884 4985 1076 5048 quamquam
1098 4967 1189 5050 peius
1211 4966 1334 5030 dilatari
1358 4967 1515 5050 potuisset
1537 4971 1569 5029 et
1591 4965 1675 5046 oriri,
1698 4965 1754 5028 sed

352 5070 430 5133 unio
452 5071 540 5154 pacis
562 5071 733 5153 tranquilla
758 5071 866 5153 potius
888 5069 1050 5134 debuisset
1079 5070 1250 5151 observari,
1280 5071 1492 5134 mediantibus
1515 5070 1614 5134 literis
1637 5071 1755 5134 nostris

353 5174 554 5257 obligatoriis,
585 5174 812 5258 obligaminum
843 5175 957 5238 seriem
987 5175 1121 5239 interius
1144 5175 1334 5239 declaratam
1355 5174 1564 5257 partibusque
1587 5179 1699 5238 mutuo
1723 5178 1756 5238 01

353 5277 533 5342 voluntarie
562 5279 595 5342 in
619 5298 653 5343 se
675 5283 835 5363 receptam
865 5279 1113 5361 continentibus,
1143 5280 1177 5342 in
1199 5283 1317 5342 statum
1339 5276 1505 5362 pacificum
1528 5282 1624 5361 prout
1653 5277 1753 5341 nostri
1788 5282 1824 5337 40

353 5394 611 5401 .--—---—-—--

510 5436 532 5496 ¹)
549 5435 618 5488 1340
634 5432 750 5488 Jaooar
767 5436 792 5488 9.

509 5520 531 5590 ⁸)
554 5519 686 5592 Varlage:
704 5519 811 5576 voash's
