4086 6300
907 625 1063 719 —eoe-

280 811 447 876 mediante.
471 810 553 876 Cum
575 812 673 895 igitur
694 833 754 876 nos
777 818 841 876 tam
865 832 908 877 ex
929 818 1098 896 praecepto
1122 813 1243 876 domini
1258 813 1358 876 nostri
1374 813 1457 895 regis
1474 832 1571 895 quam
1586 813 1682 877 etiam

280 935 323 981 ex
353 915 460 980 debito
491 916 629 979 nominis
660 921 693 979 et
722 916 852 980 honoris
881 918 982 980 nostri
1010 917 1049 981 de
1073 917 1245 1000 tranquillo
1269 922 1302 981 et
1323 916 1454 1000 pacifico
1478 922 1563 980 statu
1585 918 1684 1001 partis

279 1019 522 1083 Transsilvanae
536 1019 703 1103 invigilare
718 1021 892 1103 cupientes,
908 1040 950 1085 ex
964 1022 1095 1085 consilio
1108 1021 1283 1086 venerandi
1295 1021 1392 1104 patris
1404 1020 1524 1083 domini
1537 1021 1685 1084 Andreae

281 1124 332 1187 dei
355 1128 387 1187 et
409 1123 599 1206 apostolicae
622 1123 707 1186 sedis
728 1124 830 1207 gratia
852 1126 991 1209 episcopi
1013 1125 1229 1188 Transsilvani
1251 1130 1283 1188 et
1304 1124 1437 1209 capituli
1456 1123 1517 1186 loci
1533 1124 1684 1207 eiusdem,

229 1234 246 1285 5
281 1226 424 1310 magistri
446 1225 584 1289 Simonis
613 1227 737 1290 comitis
760 1225 941 1291 Siculorum
972 1229 1078 1294 fratris
1105 1230 1207 1291 nostri
1231 1233 1263 1292 et
1285 1229 1442 1292 nobilium
1465 1229 1563 1292 totius
1584 1229 1684 1311 partis

279 1329 522 1394 Transsilvanae
545 1329 584 1392 de
607 1334 728 1414 septem
751 1331 953 1395 comitatibus
968 1331 1148 1396 Siculorum
1171 1333 1290 1415 pariter
1309 1337 1342 1395 et
1356 1331 1522 1395 Saxonum
1542 1331 1682 1395 consiliis

281 1439 313 1498 et
335 1432 539 1497 suasionibus
557 1433 740 1515 interiectis,
764 1453 847 1497 anno
864 1435 984 1498 domini
1000 1435 1049 1498 M⁰
1063 1435 1157 1500 0000
1172 1436 1322 1499 vicesimo
1339 1436 1490 1517 secunde,
1512 1436 1545 1497 in
1563 1435 1683 1499 octavis

280 1536 433 1619 Pascae,¹l
463 1537 497 1599 in
527 1536 597 1600 loco
620 1536 779 1602 Kerentus
809 1544 921 1602 vocato
945 1540 1225 1623 congregationem
1248 1540 1428 1622 generalem
1451 1539 1683 1619 habuissemus,

283 1661 355 1705 cum
379 1641 497 1705 eisdem
523 1640 684 1705 nobilibus
706 1647 739 1705 et
760 1642 830 1705 aliis
852 1644 930 1707 viris
953 1644 1173 1707 ecclesiasticis
1196 1650 1228 1707 et
1251 1643 1468 1707 saecrrlaribus
1490 1644 1684 1726 praenotatis

214 1750 248 1805 10
282 1765 412 1809 causam
433 1746 572 1829 partium
595 1765 702 1808 coram
725 1745 817 1809 nobis
839 1753 983 1811 exortam
1006 1767 1048 1812 ex
1071 1748 1214 1831 ipsorum
1237 1746 1463 1818 deliberatione
1479 1766 1537 1810 seu
1552 1747 1684 1810 consilio

283 1849 483 1914 decrevimus
511 1849 731 1913 determinare.
766 1848 827 1925 Qui
857 1871 932 1914 cum
961 1852 996 1913 in
1026 1850 1135 1915 eadem
1167 1850 1412 1933 congregatione
1442 1854 1553 1913 nostra
1578 1869 1684 1912 coram

281 1952 375 2016 nobis
406 1957 439 2016 et
467 1951 626 2016 iudicibus
656 1952 812 2017 nobilium
834 1974 871 2017 ac
893 1955 963 2018 aliis
985 1954 1147 2018 nobilibus
1170 1953 1391 2017 ecclesiasticis
1413 1959 1446 2017 et
1467 1953 1684 2017 saecularibus

281 2056 360 2120 viris
374 2056 410 2119 in
424 2057 493 2141 ipsa
508 2058 753 2139 congregatione
769 2055 936 2120 nobiscum
947 2058 1195 2121 consedentibus
1208 2056 1316 2120 literas
1328 2076 1403 2120 suas
1416 2057 1531 2138 quovis
1542 2061 1684 2140 tempore

281 2166 442 2225 emanatas
464 2179 522 2224 seu
544 2180 651 2224 coram
675 2180 880 2243 quocumque
902 2151 1007 2224 iudice
1030 2168 1141 2224 contra
1163 2162 1300 2224 invicem
1332 2160 1561 2243 exhibuissent,
1595 2181 1682 2245 emp·

215 2270 248 2322 15
284 2265 402 2329 tionem
419 2283 516 2346 quam
531 2264 614 2327 idem
630 2264 745 2328 Petrus
759 2262 845 2327 filius
860 2263 1049 2347 Henneng²)
1065 2285 1085 2327 a
1099 2264 1258 2345 Ladyzlao
1273 2263 1339 2328 filio
1355 2264 1449 2329 Saras
1463 2266 1498 2327 in
1513 2266 1682 2348 praedictis

283 2369 376 2432 terris
398 2367 497 2448 hlohy
520 2373 551 2432 et
573 2367 782 2431 Sarusthelulr
804 2368 888 2450 iecit
917 2389 936 2432 a
958 2374 1100 2452 tempore
1123 2368 1254 2451 triginta
1276 2368 1373 2431 trium
1396 2388 1555 2432 annorum
1577 2387 1682 2450 usque

283 2471 377 2535 modo
392 2471 486 2555 plene
505 2476 762 2554 computatorum
778 2471 931 2552 stabilem,
953 2472 1127 2555 legitimam
1142 2476 1175 2535 et
1189 2471 1380 2554 condignam
1395 2472 1547 2556 praedicti
1561 2472 1684 2537 iudices

282 2581 315 2639 et
343 2575 467 2639 nobiles
496 2575 587 2658 regni
617 2579 650 2638 et
680 2594 739 2638 nos
769 2595 843 2638 cum
865 2575 984 2639 eisdem
1015 2576 1227 2639 decreverunt
1249 2594 1286 2639 eo
1310 2576 1457 2657 maxime,
1489 2576 1576 2658 quod
1599 2576 1682 2639 inira

185 2673 186 2676 ’
280 2679 458 2763 praedictos
479 2697 581 2742 annos
603 2679 699 2742 iidem
721 2678 778 2741 filii
794 2678 930 2743 ladislai
951 2679 1074 2743 nullam
1095 2679 1220 2744 literam
1241 2679 1478 2763 protestationis
1498 2680 1550 2743 vel
1573 2679 1679 2763 prohi-

212 2785 247 2841 20
280 2783 410 2847 bitionis
442 2782 582 2867 legitime
616 2787 792 2847 emanatam
827 2803 923 2868 super
957 2782 1141 2847 venditione
1177 2783 1229 2847 vel
1258 2784 1418 2866 emptione
1447 2784 1681 2868 praedictarum

279 2891 435 2951 terrarum
458 2892 633 2971 potuerunt
655 2886 747 2950 nobis
770 2887 929 2969 exhibere,
952 2886 1030 2949 alias
1054 2890 1159 2950 tamen
1183 2887 1291 2950 literas
1306 2887 1458 2971 praedicti
1473 2886 1530 2950 filii
1547 2887 1683 2951 ladislai

280 3009 377 3074 super
405 2990 510 3054 causis
539 2990 643 3053 medio
674 2995 817 3074 ternpore
843 2992 927 3055 inter
949 3010 1004 3054 eos
1027 2991 1148 3054 exortis
1170 2996 1426 3074 praesentarunt
1458 3010 1540 3073 quae
1563 2991 1681 3054 valoris

281 3094 396 3157 modici
426 3100 458 3158 ct
487 3094 607 3178 vigoris
638 3094 786 3158 exhausti
815 3094 908 3159 nobis
931 3093 1079 3158 omnibus
1101 3100 1213 3157 contra
1235 3095 1370 3158 formam
1392 3095 1557 3159 literarum
1580 3095 1680 3178 ipsius

280 3197 418 3261 Mathiae
438 3203 619 3280 patuerunt.
655 3198 746 3262 011011
773 3199 860 3281 quod
882 3199 977 3262 iidem
1000 3198 1122 3262 iudices
1145 3206 1177 3261 et
1199 3198 1324 3262 nobiles
1343 3199 1437 3282 ¹regni
1459 3199 1493 3261 in
1514 3199 1584 3282 ipsa
1605 3218 1681 3262 con·

211 3302 246 3358 25
280 3302 464 3385 gregatione
486 3302 695 3366 consedentes
718 3303 757 3366 de
779 3303 947 3366 commisso
962 3302 1098 3384 ‚negotio
1121 3319 1179 3385 per
1201 3320 1260 3364 nos
1277 3301 1397 3365 eisdem
1413 3302 1559 3385 imposito
1578 3301 1684 3365 habita

280 3404 508 3469 deliberatione
529 3411 655 3468 matura
676 3406 760 3470 inter
782 3426 816 3470 se
840 3407 1052 3470 decreverunt
1067 3410 1098 3468 et
1112 3424 1170 3487 pro
1186 3404 1256 3488 lege
1272 3410 1462 3487 statuerunt,
1486 3406 1573 3488 quod
1588 3407 1682 3470 iidem

279 3509 415 3573 Mathias
444 3514 477 3573 et
501 3508 642 3573 Jacobus
673 3510 771 3574 trater
800 3512 868 3574 eius
898 3513 983 3593 ipsas
1014 3514 1114 3573 terras
1143 3508 1231 3572 Mohi
1261 3515 1293 3572 et
1322 3507 1522 3573 Sarustelech
1545 3514 1682 3591 vocatas,

281 3634 362 3696 quas
390 3619 480 3697 pater
505 3614 648 3697 ipsorum
670 3614 786 3678 Petrus
814 3614 963 3678 videlicet
983 3612 1069 3676 filius
1090 3612 1252 3695 Henneng
1273 3613 1477 3696 comparavit
1499 3613 1683 3695 possideant

279 3716 410 3801 pacifice
425 3723 458 3781 et
472 3717 722 3782 irrevocabiliter
737 3718 769 3780 in
782 3717 865 3782 filios
879 3717 1016 3781 filiorum
1029 3717 1122 3779 iuxta
1132 3716 1362 3780 continentiam
1373 3716 1539 3780 literarum
1551 3736 1681 3780 suarum
1778 3736 1782 3743 ·

210 3821 247 3876 30
281 3841 379 3906 super
407 3821 485 3905 ipsis
510 3822 603 3885 terris
626 3822 851 3885 confectarum.
885 3822 952 3885 Nos
975 3822 1069 3885 etiam
1093 3819 1299 3883 diffinitiones
1322 3838 1380 3883 seu
1403 3820 1681 3884 determinationes

279 3925 515 4009 praedictorum
537 3924 680 3987 iudicum
703 3930 735 3988 et
757 3924 913 3987 nobilium
934 3925 1025 4007 regni
1048 3943 1144 4007 super
1159 3925 1236 4007 ipsis
1251 3924 1345 3987 terris
1360 3924 1445 3988 inter
1459 3930 1565 4007 partes
1580 3925 1679 3987 iactas

280 4028 492 4113 approbantes
514 4034 546 4092 et
567 4033 766 4111 acceptantes
788 4028 966 4110 praedictos
988 4028 1070 4091 filios
1090 4029 1179 4092 Petri
1201 4029 1234 4090 in
1257 4027 1335 4111 ipsis
1357 4028 1450 4091 terris
1472 4033 1569 4112 prout
1591 4028 1683 4092 decet

279 4141 451 4218 perpetuos
481 4151 680 4216 possessores
711 4131 863 4196 duximus
893 4132 1103 4213 collocandos
1133 4132 1241 4196 literas
1262 4132 1414 4215 praedicti
1440 4131 1602 4195 Michaelis
1625 4130 1681 4194 filii

279 4236 417 4301 [adidai
449 4235 542 4300 nobis
575 4235 733 4299 exhibitas
761 4236 931 4300 reddentes
960 4236 1080 4300 eisdem
1109 4236 1269 4299 iudicibus
1299 4235 1340 4299 ad
1370 4235 1560 4299 cassandum
1589 4236 1682 4299 iuxta

211 4342 245 4396 3⁷>
280 4340 540 4405 deliberationem
564 4339 748 4420 eorundem,
771 4344 804 4403 et
825 4341 852 4403 si
876 4359 956 4422 quas
979 4359 1020 4403 ex
1041 4340 1118 4423 ipsis
1134 4339 1233 4402 literis
1248 4344 1444 4403 reservasset
1458 4338 1591 4402 Michael
1607 4343 1682 4401 ante

280 4443 384 4507 dictus
399 4443 511 4506 inanes
526 4442 739 4506 decreverunt
753 4448 785 4506 et
800 4463 859 4506 nos
871 4444 1070 4507 decrevimus
1082 4463 1156 4507 cum
1169 4443 1289 4506 eisdem
1301 4463 1337 4506 ac
1349 4442 1472 4505 viribus
1481 4443 1501 4518 8)
1518 4442 1680 4505 carituras.

279 4546 319 4609 In
334 4546 427 4610 cuius
439 4545 485 4609 rei
498 4547 684 4610 memoriam
695 4553 727 4610 et
737 4553 923 4631 perpetuam
933 4546 1116 4611 firmitatem
1128 4547 1168 4609 ad
1180 4546 1364 4609 instantiam
1376 4545 1519 4609 eiusdem
1531 4544 1680 4627 Mathyae

280 4654 465 4733 praesentes
481 4649 588 4713 literas
603 4655 729 4714 nostras
748 4650 848 4714 eidem
865 4652 1080 4715 concessimus
1095 4649 1263 4734 pendentis
1279 4648 1373 4732 sigilli
1389 4650 1490 4713 nostri
1506 4649 1681 4712 munimine

280 4752 477 4831 1000101101)
500 4752 619 4817 Datum
640 4754 674 4817 in
697 4754 810 4818 eodem
825 4755 894 4818 loco
909 4755 1075 4838 Kereatus,
1097 4755 1176 4818 teria
1196 4753 1290 4817 tertia
1303 4752 1451 4836 proxima
1465 4757 1537 4836 post
1552 4758 1680 4816 octavas

210 4860 246 4914 40
280 4857 408 4940 Pasoae,
430 4877 515 4920 anno
537 4863 732 4941 praenotato.

438 5028 459 5091 ι)
476 5026 561 5097 April
579 5032 621 5082 18.

435 5114 457 5181 ¹)
479 5113 611 5184 Varlaqc:
628 5115 749 5183 Henneg.

435 5201 456 5267 ⁸)
479 5200 612 5269 Vorlaqc:
631 5200 739 5254 iuribus.

435 5288 457 5355 ι)
474 5287 531 5341 Dia
549 5286 884 5354 Kmvoborationsfornrcl
907 5286 957 5339 mit
980 5287 1029 5341 der
1047 5285 1258 5355 Ankdadipunp
1282 5285 1329 5339 dea
1347 5284 1449 5356 Siepela
1469 5285 1578 5340 1111011
1599 5285 1680 5355 Napy

210 5374 244 5428 45
280 5372 456 5442 0111ροὶ01111
473 5373 591 5426 amdan.
