4086 6300
908 617 1064 713 -466-

802 869 804 873 ¹
903 889 908 901 ,
938 802 1034 888 474.

360 970 467 1039 1330
488 968 571 1039 Mai
600 971 662 1040 30.
693 968 768 1040 Das
789 967 1091 1041 Grosswordeioer
1107 970 1253 1061 Kapitel
1279 969 1489 1043 hearbmrdat
1510 971 1577 1044 den
1598 970 1682 1043 Ver·

280 1090 391 1180 616161
423 1090 589 1162 66166166
623 1089 690 1162 (166
720 1089 895 1179 Pfarrera
930 1090 988 1162 des
1018 1089 1247 1163 Mdhlbocher
1277 1090 1474 1165 Deianora
1509 1093 1684 1165 auersere

282 1212 357 1284 aad
372 1211 526 1299 Bteohof
534 1210 697 1284 Andreas
722 1212 795 1283 aad
820 1212 897 1284 (166
922 1209 1202 1302 Weisseaharper
1219 1209 1364 1305 chitel
1389 1213 1599 1286 ondrerseits
1630 1214 1683 1286 be-

232 1351 249 1404 6
285 1332 430 1422 trcffend
453 1331 613 1423 Zohlaop
638 1333 698 1405 das
729 1332 866 1405 Census.

442 1470 523 1564 Oria
536 1496 618 1566 Perp.
636 1495 847 1565 Kapitslarcbio
864 1494 1032 1565 Karlsburp.
1058 1493 1147 1566 Stoyci
1163 1512 1224 1550 soar
1242 1497 1406 1568 6666111661.

439 1598 552 1654 Dracc:
570 1598 701 1655 8666161
718 1600 830 1655 Notitia
847 1603 890 1656 34.
919 1599 1006 1667 chdr
1027 1599 1117 1656 Gades
1139 1600 1228 1668 VIII,
1245 1606 1272 1668 3,
1289 1606 1350 1658 473.
1378 1603 1588 1658 Verciasordcio
1606 1604 1685 1659 Nersa

389 1686 475 1755 Folpe
498 1686 587 1754 VIII,
604 1691 657 1741 314
674 1688 733 1742 aad
750 1686 819 1755 XV,
838 1691 898 1742 173.

442 1790 555 1861 Rapsa.-
575 1790 738 1846 Tdrttndmi
756 1793 802 1847 tdr
820 1794 898 1860 1889,
916 1795 977 1847 585.

218 1956 252 2010 10
441 1949 509 2014 Nos
545 1950 720 2034 capitulum
757 1951 909 2015 ecclesiae
938 1949 1169 2031 Waradyensis
1202 1951 1416 2034 praesentium
1451 1972 1508 2036 per
1540 1958 1684 2018 tenorem

286 2051 505 2136 significamus
528 2054 646 2135 quibus
668 2055 798 2138 expedit
820 2054 990 2137 universis,
1013 2053 1099 2136 quod
1121 2053 1346 2119 accedentibus
1368 2056 1408 2119 ad
1430 2062 1573 2121 nostram
1594 2078 1686 2143 prae·

286 2158 421 2221 sentiam
444 2157 589 2221 discretis
611 2158 689 2221 viris
710 2158 870 2241 magistris
885 2158 1059 2222 Benedicto
1082 2157 1305 2222 archidiacono
1322 2159 1361 2223 de
1376 2159 1518 2245 Thylegd
1532 2163 1685 2226 canonico

286 2266 406 2343 nostro,
435 2261 554 2325 Thcma
583 2263 762 2345 praeposito
793 2260 992 2343 Cybynicnsi
1019 2261 1180 2326 canonicis
1210 2261 1362 2327 ecclesiae
1387 2264 1631 2330 lhanssiluanae
1654 2272 1687 2330 61

285 2365 436 2447 magistro
458 2364 585 2428 Bulchu
615 2365 835 2429 archidiacono
866 2365 906 2430 de
929 2365 1078 2429 Zothmar
1107 2384 1180 2428 curn
1203 2364 1437 2431 sufficientibus
1458 2369 1686 2452 procuratoriis

120 2533 123 2545 ¹
218 2476 251 2528 15
286 2468 326 2532 61
356 2488 422 2532 nna
449 2476 548 2552 parte,
577 2474 611 2533 61
635 2469 778 2553 providis
808 2489 845 2533 ac
875 2469 1016 2533 honestis
1038 2469 1117 2532 viris
1139 2469 1305 2550 Mychaele
1335 2469 1472 2553 plebano
1496 2471 1536 2535 16
1557 2471 1687 2536 Kelnulr

287 2571 406 2635 decano
430 2571 469 2635 de
491 2570 595 2636 Sabus
622 2578 654 2636 et
672 2572 819 2637 Iohanne
840 2571 977 2657 plebano
999 2571 1039 2635 16
1061 2572 1199 2657 Apoldia
1220 2572 1378 2657 superiori
1400 2573 1519 2639 decano
1543 2575 1686 2640 eiusdem

286 2675 421 2739 diocesis
442 2675 694 2760 Transsiluanae,
724 2676 869 2740 similiter
897 2696 971 2740 cum
1001 2675 1234 2741 sufficientibus
1263 2678 1491 2761 procuratoriis
1513 2697 1555 2743 ex
1577 2679 1686 2762 altera,

287 2799 344 2863 per
365 2780 452 2864 ipsos
474 2780 673 2861 Mychaelem
703 2780 859 2845 decanum
881 2786 914 2845 st
934 2781 1116 2845 Iohannem
1137 2780 1308 2864 plebanum
1331 2781 1406 2844 viva
1427 2801 1507 2847 voce
1530 2801 1566 2846 aa
1587 2782 1688 2847 libera

287 2888 527 2968 spontaneaque
556 2884 721 2949 voluntate
750 2885 856 2947 animo
887 2883 1062 2948 solenniter
1084 2883 1265 2968 stipulando
1287 2885 1486 2968 propositum
1509 2887 1634 2951 exstitit
1655 2892 1688 2951 61

218 2993 253 3049 20
287 2987 423 3052 relatum
456 2993 488 3052 61
521 2988 658 3052 66616661
691 2993 768 3053 sunt
800 3006 907 3052 coram
937 2987 1039 3070 nobis,
1073 2988 1160 3070 quod
1190 2988 1265 3052 licet
1293 2989 1384 3053 hoste
1406 2989 1538 3053 humani
1560 2990 1686 3073 generis

287 3093 421 3175 antiquo
451 3092 485 3155 id
515 3098 628 3176 agente
651 3092 795 3156 universi
817 3097 849 3156 61
871 3091 989 3175 singuli
1011 3091 1138 3174 plebani
1161 3092 1201 3156 de
1224 3092 1381 3156 decanatu
1403 3093 1443 3157 16
1465 3092 1577 3175 Sabus,
1599 3094 1688 3158 vide-

287 3196 362 3260 licet
391 3195 548 3280 Georgius
582 3196 743 3278 quondam
773 3195 929 3280 plebanus
961 3194 1000 3258 de
1022 3194 1140 3276 Vynoh
1169 3195 1321 3279 inferiori,
1351 3196 1467 3260 Petrus
1499 3197 1539 3261 16
1568 3197 1687 3280 Arkus,

287 3299 309 3364 1
310 3300 451 3364 ohannes
474 3300 514 3364 16
529 3298 714 3381 Kunyrthu,
736 3297 925 3363 Harbordus
947 3298 986 3362 16
1008 3297 1085 3361 villa
1099 3297 1247 3382 Vollrani,
1261 3299 1293 3364 N
1293 3299 1414 3364 1661666
1437 3300 1476 3365 16
1498 3300 1576 3364 villa
1589 3301 1686 3383 Petri,

288 3404 440 3469 Nicolaus
470 3404 510 3468 de
532 3402 689 3485 Lancrulr,
723 3402 885 3485 quondam
906 3400 1032 3484 Danyel
1055 3402 1095 3466 de
1117 3400 1229 3484 Sebus,
1259 3403 1400 3467 Iacobus
1423 3404 1462 3468 de
1485 3403 1551 3469 Sub
1574 3410 1687 3489 castro,

220 3511 254 3566 25
288 3506 467 3572 Homidsus
486 3507 525 3571 de
545 3506 629 3570 Malo
644 3506 788 3591 prandio,
802 3506 834 3570 N
834 3505 954 3570 icclaus
970 3506 1009 3569 de
1024 3504 1145 3588 Rycho,
1159 3505 1307 3588 Mychael
1322 3506 1362 3571 16
1376 3506 1514 3589 Kelnulr,
1536 3507 1689 3572 Nicolaus

291 3610 331 3675 16
345 3610 460 3693 Reech,
482 3610 647 3675 iohannes
670 3610 709 3675 do
725 3609 851 3692 Orbovr,
873 3609 1038 3674 Johannes
1061 3609 1100 3674 16
1115 3608 1279 3691 Duburlra,
1299 3610 1463 3673 Johannes
1485 3610 1525 3674 de
1539 3611 1689 3694 Apoldya

290 3714 456 3797 superiori,
477 3713 642 3795 Nyoolaus
665 3714 704 3777 de
727 3712 845 3796 Omlas,
874 3713 1039 3777 Iohannes
1061 3713 1101 3777 de
1121 3712 1320 3796 Thychelew,
1342 3712 1507 3778 Arnoldus
1529 3714 1568 3778 de
1590 3713 1690 3798 Nigra

290 3837 383 3901 aqua,
405 3818 521 3883 Petrus
543 3819 583 3883 de
599 3817 777 3902 Chapurka,
799 3817 952 3881 Albertus
974 3816 1014 3879 de
1030 3815 1152 3899 Olmur,
1174 3816 1339 3880 Iohannes
1361 3816 1401 3879 de
1416 3815 1532 3894 Ludas,
1546 3818 1568 3881 J
1570 3817 1689 3882 acobus

290 3921 330 3986 (16
344 3922 523 4006 Enyedino,
537 3921 714 3986 Vernerius
737 3920 776 3984 de
791 3919 941 4003 Apoldya
954 3920 1106 4001 inferiori,
1120 3918 1272 3983 Nicolaus
1287 3919 1326 3983 de
1341 3917 1510 4001 Ruzmarlr,
1524 3919 1689 3984 Iohannes

221 4028 256 4084 30
292 4025 331 4089 de
342 4025 425 4089 Alba
440 4025 573 4090 eeclesia
588 4031 620 4089 et
629 4024 881 4089 Henchmannus
905 4023 944 4087 de
960 4022 1060 4087 Zelres
1080 4027 1192 4086 contra
1213 4022 1428 4086 venerabilem
1450 4028 1573 4107 patrem
1588 4023 1689 4087 domi·

292 4149 371 4193 num
392 4129 557 4193 Andream
587 4128 638 4191 dei
668 4133 701 4192 et
725 4126 917 4211 apostolicae
939 4126 1024 4191 sedis
1046 4126 1353 4210 616166616666661
1374 4125 1635 4190 lhanssiluanum
1657 4132 1690 4192 61

292 4230 478 4295 honorabile
509 4230 849 4315 6661161666166166
872 4229 1023 4294 ecclesiae
1044 4229 1287 4293 Transsiluanae
1309 4229 1521 4312 insurgentes,
1549 4230 1690 4294 indebite

293 4335 400 4399 sedem
431 4334 636 4418 apostolicam
668 4333 880 4418 appellassent
902 4339 935 4398 61
955 4338 1125 4418 praetextu
1148 4352 1206 4398 seu
1228 4334 1394 4397 occasione
1417 4333 1560 4397 eiusdem
1583 4333 1690 4417 appel-

292 4438 419 4503 lationis
449 4442 481 4501 et
511 4436 691 4501 obedientia
721 4437 825 4502 eidem
856 4437 984 4501 domino
1015 4438 1173 4521 episcopo,
1203 4441 1365 4518 tamquam
1393 4455 1505 4501 eorum
1529 4435 1689 4499 ordinario

223 4546 258 4600 35
294 4540 401 4605 161116
421 4541 629 4606 recessissent
650 4548 683 4605 et
703 4560 760 4624 per
782 4541 920 4624 spatium
943 4546 1082 4622 quatuor
1103 4559 1262 4603 annorum
1283 4539 1346 4602 iam
1361 4538 1542 4623 elapsurum
1557 4557 1690 4602 censum

295 4644 334 4708 ab
357 4663 469 4709 eorum
491 4644 633 4708 ecelesiis
654 4645 716 4728 ipsi
737 4644 875 4728 capitulo
899 4643 1042 4707 debitum
1065 4648 1097 4707 61
1118 4643 1188 4707 6166
1203 4642 1453 4707 contradictione
1468 4662 1488 4706 a
1502 4641 1691 4705 fundatione

293 4767 425 4813 suarum
446 4748 654 4813 ecclesiarum
674 4747 874 4832 persolutum
896 4746 1095 4811 subtractum
1118 4747 1338 4829 detinuissent,
1361 4746 1490 4811 tandem
1505 4751 1612 4810 actore
1627 4745 1687 4809 deo

292 4853 394 4936 ipsius
424 4853 548 4935 antiqui
570 4852 670 4916 hostis
692 4870 817 4936 semper
839 4851 960 4915 victore
981 4851 1182 4935 propitiante,
1213 4870 1311 4935 supra
1333 4850 1408 4914 dicti
1428 4848 1556 4934 plebani
1578 4866 1690 4931 super·

294 4957 384 5020 stitos
413 4976 450 5020 ac
479 4956 519 5020 ab
541 4975 579 5020 eo
603 4959 745 5040 tempore
774 4955 996 5020 decedentium
1028 4973 1228 5019 successores
1249 4954 1289 5017 ad
1311 4973 1367 5017 cor
1389 4953 1510 5018 reversi
1531 4951 1693 5016 humiliter

223 5064 260 5120 40
294 5079 332 5124 ao
361 5059 476 5124 devote
505 5060 640 5143 gratim
668 5059 770 5143 ipsius
799 5059 920 5123 domini
949 5059 1088 5142 episcopi
1110 5059 1321 5141 requirentes,
1351 5077 1388 5121 ac
1409 5058 1526 5141 pictate
1548 5055 1692 5121 eiusdem

294 5181 365 5227 eam
397 5163 586 5246 obtinentes,
619 5163 660 5227 ad
693 5163 905 5228 obedientiam
939 5162 1077 5227 debitam
1110 5163 1232 5227 reversi
1266 5166 1374 5227 essent
1402 5181 1476 5225 cum
1507 5160 1630 5243 effectu,
1660 5165 1693 5225 61

295 5266 497 5352 appellationi
520 5285 632 5332 eorum
654 5287 691 5331 66
712 5266 949 5352 prosecutoriae
970 5267 1071 5351 ipsius
1092 5266 1311 5351 appellationis
1335 5270 1368 5330 et
1389 5266 1477 5330 omni
1497 5265 1554 5347 liti,
1575 5264 1693 5329 actioni

294 5375 327 5434 61
348 5371 584 5436 controversiae
606 5372 849 5436 renunciassent
870 5375 903 5435 et
924 5390 1031 5435 eoram
1052 5370 1145 5435 nobis
1159 5370 1312 5455 praedicti
1325 5375 1549 5454 procuratores
1564 5369 1693 5433 nomine

294 5474 513 5558 procuratorio
544 5475 776 5540 renunciarent
801 5480 833 5540 et
855 5474 1096 5539 renunciatione
1117 5474 1187 5559 ipsa
1208 5474 1276 5539 sedi
1299 5473 1498 5558 apostolicae,
1521 5491 1558 5536 ac
1580 5491 1690 5536 eorum

400 5605 593 5652 UrkuMonbach
1554 5590 1589 5644 28
