<?xml version="1.0" encoding="UTF-8"?>
<!DOCTYPE html PUBLIC "-//W3C//DTD XHTML 1.0 Transitional//EN"
    "http://www.w3.org/TR/xhtml1/DTD/xhtml1-transitional.dtd">
<html xmlns="http://www.w3.org/1999/xhtml" xml:lang="en" lang="en">
 <head>
  <title>
</title>
<meta http-equiv="Content-Type" content="text/html;charset=utf-8" />
  <meta name='ocr-system' content='tesseract 3.04.00' />
  <meta name='ocr-capabilities' content='ocr_page ocr_carea ocr_par ocr_line ocrx_word'/>
</head>
<body>
  <div class='ocr_page' id='page_1' title='image "./urkundenbuchzur00mlgoog_0495.png"; bbox 0 0 4086 6300; ppageno 0'>
   <div class='ocr_carea' id='block_1_1' title="bbox 948 531 1104 627">
    <p class='ocr_par' dir='ltr' id='par_1_1' title="bbox 948 531 1104 627">
     <span class='ocr_line' id='line_1_1' title="bbox 948 531 1104 627; baseline 0 -33"><span class='ocrx_word' id='word_1_1' title='bbox 948 531 1104 627; x_wconf 65' lang='lat'><strong>..4:²⁰-</strong></span> 
     </span>
    </p>
   </div>
   <div class='ocr_carea' id='block_1_2' title="bbox 330 717 1803 3612">
    <p class='ocr_par' dir='ltr' id='par_1_2' title="bbox 330 717 1803 3612">
     <span class='ocr_line' id='line_1_2' title="bbox 366 717 1728 806; baseline 0.006 -27"><span class='ocrx_word' id='word_1_2' title='bbox 366 738 368 741; x_wconf 92' lang='lat'>·</span> <span class='ocrx_word' id='word_1_3' title='bbox 485 717 668 783; x_wconf 77' lang='lat' dir='ltr'>Venerabili</span> <span class='ocrx_word' id='word_1_4' title='bbox 697 718 731 782; x_wconf 90' lang='lat' dir='ltr'>in</span> <span class='ocrx_word' id='word_1_5' title='bbox 754 717 878 783; x_wconf 74' lang='lat' dir='ltr'>Christo</span> <span class='ocrx_word' id='word_1_6' title='bbox 909 718 992 802; x_wconf 87' lang='lat' dir='ltr'>patri</span> <span class='ocrx_word' id='word_1_7' title='bbox 1023 720 1073 784; x_wconf 91' lang='lat' dir='ltr'>dei</span> <span class='ocrx_word' id='word_1_8' title='bbox 1096 728 1128 785; x_wconf 89' lang='lat' dir='ltr'>et</span> <span class='ocrx_word' id='word_1_9' title='bbox 1150 721 1344 806; x_wconf 86' lang='lat' dir='ltr'>apostolicae</span> <span class='ocrx_word' id='word_1_10' title='bbox 1366 721 1451 786; x_wconf 89' lang='lat' dir='ltr'>sedis</span> <span class='ocrx_word' id='word_1_11' title='bbox 1477 722 1578 806; x_wconf 80' lang='lat' dir='ltr'>gratia</span> <span class='ocrx_word' id='word_1_12' title='bbox 1599 722 1728 787; x_wconf 92' lang='lat' dir='ltr'>domino</span> 
     </span>
     <span class='ocr_line' id='line_1_3' title="bbox 330 820 1730 906; baseline 0.005 -22"><span class='ocrx_word' id='word_1_13' title='bbox 330 820 479 885; x_wconf 79' lang='lat' dir='ltr'>Andreae</span> <span class='ocrx_word' id='word_1_14' title='bbox 498 823 645 906; x_wconf 89' lang='lat' dir='ltr'>episcopo</span> <span class='ocrx_word' id='word_1_15' title='bbox 660 822 869 887; x_wconf 85' lang='lat' dir='ltr'>Transiluano</span> <span class='ocrx_word' id='word_1_16' title='bbox 882 823 1031 889; x_wconf 85' lang='lat' dir='ltr'>Albensis</span> <span class='ocrx_word' id='word_1_17' title='bbox 1048 826 1198 891; x_wconf 87' lang='lat' dir='ltr'>ecclesiae</span> <span class='ocrx_word' id='word_1_18' title='bbox 1221 827 1414 890; x_wconf 75' lang='lat' dir='ltr'>universitas</span> <span class='ocrx_word' id='word_1_19' title='bbox 1436 825 1574 890; x_wconf 91' lang='lat' dir='ltr'>filiorum</span> <span class='ocrx_word' id='word_1_20' title='bbox 1598 847 1730 891; x_wconf 86' lang='lat' dir='ltr'>suorum</span> 
     </span>
     <span class='ocr_line' id='line_1_4' title="bbox 331 924 1731 1005; baseline 0.004 -17"><span class='ocrx_word' id='word_1_21' title='bbox 331 924 531 989; x_wconf 90' lang='lat' dir='ltr'>dominorum</span> <span class='ocrx_word' id='word_1_22' title='bbox 556 927 756 991; x_wconf 80' lang='lat' dir='ltr'>secerdotum</span> <span class='ocrx_word' id='word_1_23' title='bbox 780 927 819 991; x_wconf 92' lang='lat' dir='ltr'>de</span> <span class='ocrx_word' id='word_1_24' title='bbox 841 926 982 1005; x_wconf 82' lang='lat' dir='ltr'>Koczd1)</span> <span class='ocrx_word' id='word_1_25' title='bbox 1006 929 1218 993; x_wconf 81' lang='lat' dir='ltr'>obedientiam</span> <span class='ocrx_word' id='word_1_26' title='bbox 1240 929 1377 994; x_wconf 89' lang='lat' dir='ltr'>filialem.</span> <span class='ocrx_word' id='word_1_27' title='bbox 1404 929 1441 993; x_wconf 92' lang='lat' dir='ltr'>In</span> <span class='ocrx_word' id='word_1_28' title='bbox 1466 929 1615 994; x_wconf 89' lang='lat' dir='ltr'>omnibus</span> <span class='ocrx_word' id='word_1_29' title='bbox 1636 930 1731 995; x_wconf 88' lang='lat' dir='ltr'>licitis</span> 
     </span>
     <span class='ocr_line' id='line_1_5' title="bbox 331 1029 1731 1118; baseline 0.005 -26"><span class='ocrx_word' id='word_1_30' title='bbox 331 1034 364 1093; x_wconf 92' lang='lat' dir='ltr'>et</span> <span class='ocrx_word' id='word_1_31' title='bbox 393 1029 534 1094; x_wconf 86' lang='lat' dir='ltr'>honestis</span> <span class='ocrx_word' id='word_1_32' title='bbox 564 1050 676 1115; x_wconf 89' lang='lat' dir='ltr'>preces</span> <span class='ocrx_word' id='word_1_33' title='bbox 705 1032 870 1115; x_wconf 86' lang='lat' dir='ltr'>primarias</span> <span class='ocrx_word' id='word_1_34' title='bbox 902 1039 1027 1097; x_wconf 89' lang='lat' dir='ltr'>vestrae</span> <span class='ocrx_word' id='word_1_35' title='bbox 1056 1035 1237 1117; x_wconf 76' lang='lat' dir='ltr'>paternitati</span> <span class='ocrx_word' id='word_1_36' title='bbox 1267 1035 1301 1097; x_wconf 91' lang='lat' dir='ltr'>in</span> <span class='ocrx_word' id='word_1_37' title='bbox 1324 1034 1372 1098; x_wconf 93' lang='lat' dir='ltr'>his</span> <span class='ocrx_word' id='word_1_38' title='bbox 1394 1035 1521 1118; x_wconf 88' lang='lat' dir='ltr'>scriptis</span> <span class='ocrx_word' id='word_1_39' title='bbox 1542 1033 1731 1100; x_wconf 86' lang='lat' dir='ltr'>fiducialiter</span> 
     </span>
     <span class='ocr_line' id='line_1_6' title="bbox 330 1134 1780 1221; baseline 0.001 -25"><span class='ocrx_word' id='word_1_40' title='bbox 330 1134 522 1218; x_wconf 81' lang='lat' dir='ltr'>porrigimus</span> <span class='ocrx_word' id='word_1_41' title='bbox 537 1134 744 1218; x_wconf 69' lang='lat' dir='ltr'>postulantes</span> <span class='ocrx_word' id='word_1_42' title='bbox 761 1142 919 1218; x_wconf 89' lang='lat' dir='ltr'>quatenus</span> <span class='ocrx_word' id='word_1_43' title='bbox 934 1141 1042 1201; x_wconf 87' lang='lat' dir='ltr'>vestra</span> <span class='ocrx_word' id='word_1_44' title='bbox 1057 1138 1158 1221; x_wconf 87' lang='lat' dir='ltr'>gratia</span> <span class='ocrx_word' id='word_1_45' title='bbox 1172 1145 1204 1202; x_wconf 91' lang='lat' dir='ltr'>et</span> <span class='ocrx_word' id='word_1_46' title='bbox 1215 1138 1325 1202; x_wconf 83' lang='lat' dir='ltr'>favore</span> <span class='ocrx_word' id='word_1_47' title='bbox 1337 1138 1512 1202; x_wconf 87' lang='lat' dir='ltr'>solutiones</span> <span class='ocrx_word' id='word_1_48' title='bbox 1524 1138 1729 1203; x_wconf 88' lang='lat' dir='ltr'>ecclesiarum</span> <span class='ocrx_word' id='word_1_49' title='bbox 1763 1145 1780 1198; x_wconf 84' lang='lat'><strong>5</strong></span> 
     </span>
     <span class='ocr_line' id='line_1_7' title="bbox 331 1241 1730 1325; baseline 0.005 -25"><span class='ocrx_word' id='word_1_50' title='bbox 331 1243 512 1302; x_wconf 86' lang='lat' dir='ltr'>nostrarum</span> <span class='ocrx_word' id='word_1_51' title='bbox 542 1259 607 1302; x_wconf 93' lang='lat' dir='ltr'>non</span> <span class='ocrx_word' id='word_1_52' title='bbox 638 1247 748 1304; x_wconf 89' lang='lat' dir='ltr'>nostra</span> <span class='ocrx_word' id='word_1_53' title='bbox 774 1241 975 1325; x_wconf 82' lang='lat' dir='ltr'>negligentia,</span> <span class='ocrx_word' id='word_1_54' title='bbox 1006 1242 1063 1306; x_wconf 83' lang='lat' dir='ltr'>sed</span> <span class='ocrx_word' id='word_1_55' title='bbox 1092 1243 1233 1325; x_wconf 90' lang='lat' dir='ltr'>legitima</span> <span class='ocrx_word' id='word_1_56' title='bbox 1254 1262 1351 1306; x_wconf 84' lang='lat' dir='ltr'>causa</span> <span class='ocrx_word' id='word_1_57' title='bbox 1376 1242 1554 1306; x_wconf 90' lang='lat' dir='ltr'>secundum</span> <span class='ocrx_word' id='word_1_58' title='bbox 1575 1241 1730 1307; x_wconf 87' lang='lat' dir='ltr'>iudicium</span> 
     </span>
     <span class='ocr_line' id='line_1_8' title="bbox 331 1342 1731 1431; baseline 0.004 -26"><span class='ocrx_word' id='word_1_59' title='bbox 331 1342 522 1425; x_wconf 89' lang='lat' dir='ltr'>apostolicae</span> <span class='ocrx_word' id='word_1_60' title='bbox 551 1343 635 1407; x_wconf 90' lang='lat' dir='ltr'>sedis</span> <span class='ocrx_word' id='word_1_61' title='bbox 664 1345 824 1428; x_wconf 88' lang='lat' dir='ltr'>neglectas</span> <span class='ocrx_word' id='word_1_62' title='bbox 854 1345 983 1408; x_wconf 91' lang='lat' dir='ltr'>omnino</span> <span class='ocrx_word' id='word_1_63' title='bbox 1013 1346 1259 1411; x_wconf 79' lang='lat' dir='ltr'>misericorditer</span> <span class='ocrx_word' id='word_1_64' title='bbox 1287 1347 1444 1411; x_wconf 79' lang='lat' dir='ltr'>relaxetis.</span> <span class='ocrx_word' id='word_1_65' title='bbox 1481 1346 1561 1411; x_wconf 89' lang='lat' dir='ltr'>Item</span> <span class='ocrx_word' id='word_1_66' title='bbox 1592 1346 1731 1431; x_wconf 88' lang='lat' dir='ltr'>petimus</span> 
     </span>
     <span class='ocr_line' id='line_1_9' title="bbox 332 1445 1730 1534; baseline 0.005 -26"><span class='ocrx_word' id='word_1_67' title='bbox 332 1465 406 1509; x_wconf 92' lang='lat' dir='ltr'>cum</span> <span class='ocrx_word' id='word_1_68' title='bbox 428 1445 552 1528; x_wconf 79' lang='lat' dir='ltr'>affectu,</span> <span class='ocrx_word' id='word_1_69' title='bbox 574 1454 612 1511; x_wconf 91' lang='lat' dir='ltr'>ut</span> <span class='ocrx_word' id='word_1_70' title='bbox 634 1466 744 1513; x_wconf 89' lang='lat' dir='ltr'>omnes</span> <span class='ocrx_word' id='word_1_71' title='bbox 766 1450 946 1514; x_wconf 89' lang='lat' dir='ltr'>sacerdotes</span> <span class='ocrx_word' id='word_1_72' title='bbox 968 1450 1097 1534; x_wconf 90' lang='lat' dir='ltr'>capituli</span> <span class='ocrx_word' id='word_1_73' title='bbox 1112 1451 1213 1514; x_wconf 88' lang='lat' dir='ltr'>nostri</span> <span class='ocrx_word' id='word_1_74' title='bbox 1228 1471 1294 1515; x_wconf 93' lang='lat' dir='ltr'>non</span> <span class='ocrx_word' id='word_1_75' title='bbox 1318 1447 1329 1533; x_wconf 92' lang='lat'>[</span> <span class='ocrx_word' id='word_1_76' title='bbox 1433 1450 1476 1534; x_wconf 71' lang='grc' dir='ltr'>Ρ)</span> <span class='ocrx_word' id='word_1_77' title='bbox 1499 1451 1556 1515; x_wconf 92' lang='lat' dir='ltr'>sed</span> <span class='ocrx_word' id='word_1_78' title='bbox 1577 1451 1730 1515; x_wconf 88' lang='lat' dir='ltr'>canonice</span> 
     </span>
     <span class='ocr_line' id='line_1_10' title="bbox 332 1548 1731 1635; baseline 0.002 -21"><span class='ocrx_word' id='word_1_79' title='bbox 332 1548 450 1614; x_wconf 87' lang='lat' dir='ltr'>electos</span> <span class='ocrx_word' id='word_1_80' title='bbox 470 1552 505 1613; x_wconf 94' lang='lat' dir='ltr'>in</span> <span class='ocrx_word' id='word_1_81' title='bbox 527 1553 727 1635; x_wconf 88' lang='lat' dir='ltr'>possessione</span> <span class='ocrx_word' id='word_1_82' title='bbox 749 1553 954 1617; x_wconf 87' lang='lat' dir='ltr'>ecclesiarum</span> <span class='ocrx_word' id='word_1_83' title='bbox 984 1561 1150 1618; x_wconf 88' lang='lat' dir='ltr'>manentes</span> <span class='ocrx_word' id='word_1_84' title='bbox 1172 1561 1204 1618; x_wconf 89' lang='lat' dir='ltr'>et</span> <span class='ocrx_word' id='word_1_85' title='bbox 1226 1555 1260 1617; x_wconf 92' lang='lat' dir='ltr'>in</span> <span class='ocrx_word' id='word_1_86' title='bbox 1282 1555 1391 1619; x_wconf 85' lang='lat' dir='ltr'>tuturo</span> <span class='ocrx_word' id='word_1_87' title='bbox 1414 1554 1448 1617; x_wconf 91' lang='lat' dir='ltr'>in</span> <span class='ocrx_word' id='word_1_88' title='bbox 1470 1559 1610 1618; x_wconf 91' lang='lat' dir='ltr'>rectores</span> <span class='ocrx_word' id='word_1_89' title='bbox 1632 1553 1731 1617; x_wconf 89' lang='lat' dir='ltr'>eccle-</span> 
     </span>
     <span class='ocr_line' id='line_1_11' title="bbox 332 1654 1801 1742; baseline 0.003 -25"><span class='ocrx_word' id='word_1_90' title='bbox 332 1654 452 1718; x_wconf 87' lang='lat' dir='ltr'>siarum</span> <span class='ocrx_word' id='word_1_91' title='bbox 474 1654 637 1739; x_wconf 89' lang='lat' dir='ltr'>eligendos</span> <span class='ocrx_word' id='word_1_92' title='bbox 658 1675 716 1740; x_wconf 92' lang='lat' dir='ltr'>pro</span> <span class='ocrx_word' id='word_1_93' title='bbox 732 1676 798 1720; x_wconf 92' lang='lat' dir='ltr'>uno</span> <span class='ocrx_word' id='word_1_94' title='bbox 814 1657 938 1721; x_wconf 87' lang='lat' dir='ltr'>fertone</span> <span class='ocrx_word' id='word_1_95' title='bbox 953 1657 1096 1722; x_wconf 91' lang='lat' dir='ltr'>Budensi</span> <span class='ocrx_word' id='word_1_96' title='bbox 1110 1659 1356 1723; x_wconf 81' lang='lat' dir='ltr'>misericorditer</span> <span class='ocrx_word' id='word_1_97' title='bbox 1371 1658 1520 1742; x_wconf 85' lang='lat' dir='ltr'>dignetur</span> <span class='ocrx_word' id='word_1_98' title='bbox 1534 1656 1730 1722; x_wconf 89' lang='lat' dir='ltr'>confirmare.</span> <span class='ocrx_word' id='word_1_99' title='bbox 1766 1663 1801 1717; x_wconf 91' lang='lat'>10</span> 
     </span>
     <span class='ocr_line' id='line_1_12' title="bbox 332 1758 1732 1846; baseline 0.001 -24"><span class='ocrx_word' id='word_1_100' title='bbox 332 1758 456 1823; x_wconf 81' lang='lat' dir='ltr'>Pariter</span> <span class='ocrx_word' id='word_1_101' title='bbox 486 1778 635 1843; x_wconf 88' lang='lat' dir='ltr'>rogamus</span> <span class='ocrx_word' id='word_1_102' title='bbox 663 1765 801 1824; x_wconf 88' lang='lat' dir='ltr'>vestram</span> <span class='ocrx_word' id='word_1_103' title='bbox 824 1761 956 1844; x_wconf 84' lang='lat' dir='ltr'>gratiam</span> <span class='ocrx_word' id='word_1_104' title='bbox 979 1762 1176 1844; x_wconf 84' lang='lat' dir='ltr'>adiutricem,</span> <span class='ocrx_word' id='word_1_105' title='bbox 1207 1769 1243 1825; x_wconf 93' lang='lat' dir='ltr'>ut</span> <span class='ocrx_word' id='word_1_106' title='bbox 1269 1768 1411 1846; x_wconf 90' lang='lat' dir='ltr'>tempore</span> <span class='ocrx_word' id='word_1_107' title='bbox 1433 1762 1579 1844; x_wconf 85' lang='lat' dir='ltr'>synodali</span> <span class='ocrx_word' id='word_1_108' title='bbox 1601 1765 1732 1845; x_wconf 88' lang='lat' dir='ltr'>propter</span> 
     </span>
     <span class='ocr_line' id='line_1_13' title="bbox 333 1862 1732 1947; baseline 0.001 -22"><span class='ocrx_word' id='word_1_109' title='bbox 333 1862 516 1927; x_wconf 86' lang='lat' dir='ltr'>distantiam</span> <span class='ocrx_word' id='word_1_110' title='bbox 544 1864 755 1947; x_wconf 88' lang='lat' dir='ltr'>periculosam</span> <span class='ocrx_word' id='word_1_111' title='bbox 784 1885 857 1929; x_wconf 91' lang='lat' dir='ltr'>cum</span> <span class='ocrx_word' id='word_1_112' title='bbox 889 1865 1008 1929; x_wconf 88' lang='lat' dir='ltr'>decano</span> <span class='ocrx_word' id='word_1_113' title='bbox 1039 1872 1148 1929; x_wconf 93' lang='lat' dir='ltr'>nostro</span> <span class='ocrx_word' id='word_1_114' title='bbox 1181 1871 1213 1929; x_wconf 91' lang='lat' dir='ltr'>et</span> <span class='ocrx_word' id='word_1_115' title='bbox 1235 1865 1337 1929; x_wconf 86' lang='lat' dir='ltr'>tribus</span> <span class='ocrx_word' id='word_1_116' title='bbox 1364 1864 1580 1930; x_wconf 88' lang='lat' dir='ltr'>sacerdotibus</span> <span class='ocrx_word' id='word_1_117' title='bbox 1603 1863 1732 1947; x_wconf 87' lang='lat' dir='ltr'>capituli</span> 
     </span>
     <span class='ocr_line' id='line_1_14' title="bbox 333 1966 1731 2052; baseline 0.001 -23"><span class='ocrx_word' id='word_1_118' title='bbox 333 1966 436 2030; x_wconf 89' lang='lat' dir='ltr'>nostri</span> <span class='ocrx_word' id='word_1_119' title='bbox 465 1968 679 2031; x_wconf 90' lang='lat' dir='ltr'>venerandam</span> <span class='ocrx_word' id='word_1_120' title='bbox 709 1974 847 2033; x_wconf 90' lang='lat' dir='ltr'>vestram</span> <span class='ocrx_word' id='word_1_121' title='bbox 878 1970 1090 2052; x_wconf 86' lang='lat' dir='ltr'>praesentiam</span> <span class='ocrx_word' id='word_1_122' title='bbox 1120 1969 1249 2033; x_wconf 86' lang='lat' dir='ltr'>visitare</span> <span class='ocrx_word' id='word_1_123' title='bbox 1278 1969 1370 2033; x_wconf 92' lang='lat' dir='ltr'>nobis</span> <span class='ocrx_word' id='word_1_124' title='bbox 1392 1968 1520 2052; x_wconf 88' lang='lat' dir='ltr'>penitus</span> <span class='ocrx_word' id='word_1_125' title='bbox 1543 1967 1731 2031; x_wconf 87' lang='lat' dir='ltr'>concedatis.</span> 
     </span>
     <span class='ocr_line' id='line_1_15' title="bbox 334 2069 1732 2157; baseline 0.002 -24"><span class='ocrx_word' id='word_1_126' title='bbox 334 2069 387 2133; x_wconf 84' lang='lat' dir='ltr'>Ex</span> <span class='ocrx_word' id='word_1_127' title='bbox 410 2071 596 2135; x_wconf 86' lang='lat' dir='ltr'>necessitate</span> <span class='ocrx_word' id='word_1_128' title='bbox 618 2072 812 2154; x_wconf 87' lang='lat' dir='ltr'>requirimus</span> <span class='ocrx_word' id='word_1_129' title='bbox 834 2093 906 2137; x_wconf 88' lang='lat' dir='ltr'>oum</span> <span class='ocrx_word' id='word_1_130' title='bbox 930 2072 1054 2155; x_wconf 75' lang='lat' dir='ltr'>affectu,</span> <span class='ocrx_word' id='word_1_131' title='bbox 1077 2079 1114 2137; x_wconf 91' lang='lat' dir='ltr'>ut</span> <span class='ocrx_word' id='word_1_132' title='bbox 1136 2078 1207 2157; x_wconf 90' lang='lat' dir='ltr'>post</span> <span class='ocrx_word' id='word_1_133' title='bbox 1229 2072 1489 2154; x_wconf 88' lang='lat' dir='ltr'>compositionem</span> <span class='ocrx_word' id='word_1_134' title='bbox 1513 2072 1639 2135; x_wconf 91' lang='lat' dir='ltr'>nullum</span> <span class='ocrx_word' id='word_1_135' title='bbox 1661 2092 1732 2155; x_wconf 91' lang='lat' dir='ltr'>spe·</span> 
     </span>
     <span class='ocr_line' id='line_1_16' title="bbox 335 2173 1801 2259; baseline -0.001 -21"><span class='ocrx_word' id='word_1_136' title='bbox 335 2173 456 2238; x_wconf 85' lang='lat' dir='ltr'>cialiter</span> <span class='ocrx_word' id='word_1_137' title='bbox 479 2194 614 2239; x_wconf 84' lang='lat' dir='ltr'>exosum</span> <span class='ocrx_word' id='word_1_138' title='bbox 636 2175 778 2240; x_wconf 89' lang='lat' dir='ltr'>habeatis</span> <span class='ocrx_word' id='word_1_139' title='bbox 793 2182 850 2239; x_wconf 91' lang='lat' dir='ltr'>aut</span> <span class='ocrx_word' id='word_1_140' title='bbox 872 2176 987 2239; x_wconf 88' lang='lat' dir='ltr'>damna</span> <span class='ocrx_word' id='word_1_141' title='bbox 1001 2195 1109 2240; x_wconf 86' lang='lat' dir='ltr'>rerum</span> <span class='ocrx_word' id='word_1_142' title='bbox 1132 2176 1183 2240; x_wconf 87' lang='lat' dir='ltr'>vel</span> <span class='ocrx_word' id='word_1_143' title='bbox 1199 2176 1339 2259; x_wconf 89' lang='lat' dir='ltr'>corporis</span> <span class='ocrx_word' id='word_1_144' title='bbox 1354 2176 1524 2259; x_wconf 90' lang='lat' dir='ltr'>imponatis</span> <span class='ocrx_word' id='word_1_145' title='bbox 1546 2195 1605 2239; x_wconf 91' lang='lat' dir='ltr'>nec</span> <span class='ocrx_word' id='word_1_146' title='bbox 1620 2195 1733 2259; x_wconf 85' lang='lat' dir='ltr'>capere</span> <span class='ocrx_word' id='word_1_147' title='bbox 1768 2183 1801 2236; x_wconf 81' lang='lat'>15</span> 
     </span>
     <span class='ocr_line' id='line_1_17' title="bbox 335 2278 1735 2361; baseline 0 -20"><span class='ocrx_word' id='word_1_148' title='bbox 335 2283 392 2341; x_wconf 92' lang='lat' dir='ltr'>aut</span> <span class='ocrx_word' id='word_1_149' title='bbox 414 2280 692 2343; x_wconf 82' lang='lat' dir='ltr'>excommunicare</span> <span class='ocrx_word' id='word_1_150' title='bbox 707 2280 829 2343; x_wconf 83' lang='lat' dir='ltr'>faciatis</span> <span class='ocrx_word' id='word_1_151' title='bbox 843 2280 905 2344; x_wconf 86' lang='lat' dir='ltr'>nisi</span> <span class='ocrx_word' id='word_1_152' title='bbox 921 2281 954 2342; x_wconf 91' lang='lat' dir='ltr'>in</span> <span class='ocrx_word' id='word_1_153' title='bbox 976 2280 1094 2344; x_wconf 92' lang='lat' dir='ltr'>iudicio</span> <span class='ocrx_word' id='word_1_154' title='bbox 1111 2279 1280 2361; x_wconf 86' lang='lat' dir='ltr'>ordinario,</span> <span class='ocrx_word' id='word_1_155' title='bbox 1303 2286 1335 2343; x_wconf 92' lang='lat' dir='ltr'>et</span> <span class='ocrx_word' id='word_1_156' title='bbox 1350 2279 1509 2343; x_wconf 88' lang='lat' dir='ltr'>sententia</span> <span class='ocrx_word' id='word_1_157' title='bbox 1523 2278 1735 2342; x_wconf 86' lang='lat' dir='ltr'>ecclesiastiea</span> 
     </span>
     <span class='ocr_line' id='line_1_18' title="bbox 334 2381 1732 2465; baseline -0.001 -21"><span class='ocrx_word' id='word_1_158' title='bbox 334 2381 461 2465; x_wconf 87' lang='lat' dir='ltr'>publice</span> <span class='ocrx_word' id='word_1_159' title='bbox 483 2382 639 2465; x_wconf 80' lang='lat' dir='ltr'>vincatur,</span> <span class='ocrx_word' id='word_1_160' title='bbox 662 2389 694 2448; x_wconf 92' lang='lat' dir='ltr'>et</span> <span class='ocrx_word' id='word_1_161' title='bbox 716 2384 761 2447; x_wconf 89' lang='lat' dir='ltr'>sic</span> <span class='ocrx_word' id='word_1_162' title='bbox 781 2384 958 2447; x_wconf 88' lang='lat' dir='ltr'>secundum</span> <span class='ocrx_word' id='word_1_163' title='bbox 973 2385 1086 2448; x_wconf 90' lang='lat' dir='ltr'>merita</span> <span class='ocrx_word' id='word_1_164' title='bbox 1107 2390 1139 2448; x_wconf 91' lang='lat' dir='ltr'>et</span> <span class='ocrx_word' id='word_1_165' title='bbox 1161 2384 1313 2448; x_wconf 87' lang='lat' dir='ltr'>demerita</span> <span class='ocrx_word' id='word_1_166' title='bbox 1334 2383 1374 2446; x_wconf 90' lang='lat' dir='ltr'>ad</span> <span class='ocrx_word' id='word_1_167' title='bbox 1389 2388 1527 2447; x_wconf 88' lang='lat' dir='ltr'>vestram</span> <span class='ocrx_word' id='word_1_168' title='bbox 1543 2382 1732 2446; x_wconf 86' lang='lat' dir='ltr'>sententiam</span> 
     </span>
     <span class='ocr_line' id='line_1_19' title="bbox 334 2486 1733 2570; baseline 0 -22"><span class='ocrx_word' id='word_1_169' title='bbox 334 2486 495 2569; x_wconf 87' lang='lat' dir='ltr'>puniatur.</span> <span class='ocrx_word' id='word_1_170' title='bbox 525 2488 662 2570; x_wconf 91' lang='lat' dir='ltr'>Insuper</span> <span class='ocrx_word' id='word_1_171' title='bbox 684 2487 861 2551; x_wconf 86' lang='lat' dir='ltr'>secundum</span> <span class='ocrx_word' id='word_1_172' title='bbox 877 2488 1104 2552; x_wconf 87' lang='lat' dir='ltr'>devastationis</span> <span class='ocrx_word' id='word_1_173' title='bbox 1119 2487 1265 2551; x_wconf 87' lang='lat' dir='ltr'>villarum</span> <span class='ocrx_word' id='word_1_174' title='bbox 1283 2492 1316 2551; x_wconf 90' lang='lat' dir='ltr'>et</span> <span class='ocrx_word' id='word_1_175' title='bbox 1330 2486 1534 2551; x_wconf 84' lang='lat' dir='ltr'>ecelesiarum</span> <span class='ocrx_word' id='word_1_176' title='bbox 1551 2491 1733 2550; x_wconf 90' lang='lat' dir='ltr'>nostrarum</span> 
     </span>
     <span class='ocr_line' id='line_1_20' title="bbox 335 2589 1733 2676; baseline -0.001 -22"><span class='ocrx_word' id='word_1_177' title='bbox 335 2590 375 2654; x_wconf 93' lang='lat' dir='ltr'>de</span> <span class='ocrx_word' id='word_1_178' title='bbox 396 2590 535 2674; x_wconf 88' lang='lat' dir='ltr'>capitulo</span> <span class='ocrx_word' id='word_1_179' title='bbox 565 2597 674 2655; x_wconf 91' lang='lat' dir='ltr'>nostro</span> <span class='ocrx_word' id='word_1_180' title='bbox 696 2590 813 2655; x_wconf 86' lang='lat' dir='ltr'>XXVI</span> <span class='ocrx_word' id='word_1_181' title='bbox 839 2611 962 2656; x_wconf 86' lang='lat' dir='ltr'>marcas</span> <span class='ocrx_word' id='word_1_182' title='bbox 991 2593 1169 2656; x_wconf 90' lang='lat' dir='ltr'>communis</span> <span class='ocrx_word' id='word_1_183' title='bbox 1196 2591 1345 2676; x_wconf 89' lang='lat' dir='ltr'>ponderis</span> <span class='ocrx_word' id='word_1_184' title='bbox 1367 2590 1428 2654; x_wconf 88' lang='lat' dir='ltr'>sub</span> <span class='ocrx_word' id='word_1_185' title='bbox 1459 2595 1569 2654; x_wconf 90' lang='lat' dir='ltr'>nostro</span> <span class='ocrx_word' id='word_1_186' title='bbox 1592 2589 1733 2673; x_wconf 89' lang='lat' dir='ltr'>periculo</span> 
     </span>
     <span class='ocr_line' id='line_1_21' title="bbox 334 2692 1803 2781; baseline -0.002 -24"><span class='ocrx_word' id='word_1_187' title='bbox 334 2694 369 2757; x_wconf 90' lang='lat' dir='ltr'>in</span> <span class='ocrx_word' id='word_1_188' title='bbox 391 2694 475 2758; x_wconf 81' lang='lat' dir='ltr'>Alba</span> <span class='ocrx_word' id='word_1_189' title='bbox 496 2700 697 2778; x_wconf 90' lang='lat' dir='ltr'>praesentare</span> <span class='ocrx_word' id='word_1_190' title='bbox 727 2701 852 2759; x_wconf 87' lang='lat' dir='ltr'>vestrae</span> <span class='ocrx_word' id='word_1_191' title='bbox 881 2696 1000 2779; x_wconf 87' lang='lat' dir='ltr'>gratiae</span> <span class='ocrx_word' id='word_1_192' title='bbox 1023 2697 1115 2761; x_wconf 88' lang='lat' dir='ltr'>annis</span> <span class='ocrx_word' id='word_1_193' title='bbox 1137 2697 1271 2781; x_wconf 86' lang='lat' dir='ltr'>singulis</span> <span class='ocrx_word' id='word_1_194' title='bbox 1297 2695 1526 2759; x_wconf 79' lang='lat' dir='ltr'>exhibebimus,</span> <span class='ocrx_word' id='word_1_195' title='bbox 1571 2692 1604 2758; x_wconf 84' lang='lat' dir='ltr'>Si</span> <span class='ocrx_word' id='word_1_196' title='bbox 1627 2698 1733 2757; x_wconf 84' lang='lat' dir='ltr'>autern</span> <span class='ocrx_word' id='word_1_197' title='bbox 1768 2699 1803 2755; x_wconf 86' lang='lat'>20</span> 
     </span>
     <span class='ocr_line' id='line_1_22' title="bbox 335 2798 1735 2881; baseline -0.001 -19"><span class='ocrx_word' id='word_1_198' title='bbox 335 2798 430 2862; x_wconf 89' lang='lat' dir='ltr'>villae</span> <span class='ocrx_word' id='word_1_199' title='bbox 452 2803 485 2863; x_wconf 88' lang='lat' dir='ltr'>et</span> <span class='ocrx_word' id='word_1_200' title='bbox 506 2798 657 2863; x_wconf 86' lang='lat' dir='ltr'>ecclesiae</span> <span class='ocrx_word' id='word_1_201' title='bbox 686 2804 813 2863; x_wconf 90' lang='lat' dir='ltr'>nostrae</span> <span class='ocrx_word' id='word_1_202' title='bbox 842 2800 1116 2881; x_wconf 81' lang='lat' dir='ltr'>restaurabuntur,</span> <span class='ocrx_word' id='word_1_203' title='bbox 1151 2805 1228 2864; x_wconf 90' lang='lat' dir='ltr'>tunc</span> <span class='ocrx_word' id='word_1_204' title='bbox 1251 2820 1377 2863; x_wconf 88' lang='lat' dir='ltr'>rursum</span> <span class='ocrx_word' id='word_1_205' title='bbox 1402 2799 1578 2863; x_wconf 89' lang='lat' dir='ltr'>secuudum</span> <span class='ocrx_word' id='word_1_206' title='bbox 1601 2799 1735 2881; x_wconf 69' lang='lat' dir='ltr'>gratim</span> 
     </span>
     <span class='ocr_line' id='line_1_23' title="bbox 336 2902 1735 2987; baseline 0 -23"><span class='ocrx_word' id='word_1_207' title='bbox 336 2907 474 2966; x_wconf 89' lang='lat' dir='ltr'>vestram</span> <span class='ocrx_word' id='word_1_208' title='bbox 494 2903 645 2966; x_wconf 90' lang='lat' dir='ltr'>iustitiam</span> <span class='ocrx_word' id='word_1_209' title='bbox 662 2903 809 2987; x_wconf 90' lang='lat' dir='ltr'>cupimus</span> <span class='ocrx_word' id='word_1_210' title='bbox 824 2910 1038 2987; x_wconf 84' lang='lat' dir='ltr'>augmentare.</span> <span class='ocrx_word' id='word_1_211' title='bbox 1060 2905 1142 2969; x_wconf 92' lang='lat' dir='ltr'>Item</span> <span class='ocrx_word' id='word_1_212' title='bbox 1158 2904 1184 2967; x_wconf 91' lang='lat' dir='ltr'>si</span> <span class='ocrx_word' id='word_1_213' title='bbox 1200 2904 1374 2984; x_wconf 87' lang='lat' dir='ltr'>volueritis,</span> <span class='ocrx_word' id='word_1_214' title='bbox 1397 2902 1573 2986; x_wconf 87' lang='lat' dir='ltr'>capitulum</span> <span class='ocrx_word' id='word_1_215' title='bbox 1589 2908 1735 2965; x_wconf 91' lang='lat' dir='ltr'>nostrum</span> 
     </span>
     <span class='ocr_line' id='line_1_24' title="bbox 336 3004 1735 3072; baseline 0 -3"><span class='ocrx_word' id='word_1_216' title='bbox 336 3006 466 3071; x_wconf 87' lang='lat' dir='ltr'>visitare</span> <span class='ocrx_word' id='word_1_217' title='bbox 495 3027 568 3071; x_wconf 91' lang='lat' dir='ltr'>oum</span> <span class='ocrx_word' id='word_1_218' title='bbox 600 3008 762 3071; x_wconf 87' lang='lat' dir='ltr'>sacerdote</span> <span class='ocrx_word' id='word_1_219' title='bbox 792 3013 825 3071; x_wconf 89' lang='lat' dir='ltr'>et</span> <span class='ocrx_word' id='word_1_220' title='bbox 853 3027 918 3071; x_wconf 92' lang='lat' dir='ltr'>non</span> <span class='ocrx_word' id='word_1_221' title='bbox 947 3008 1027 3072; x_wconf 92' lang='lat' dir='ltr'>laico</span> <span class='ocrx_word' id='word_1_222' title='bbox 1058 3008 1097 3072; x_wconf 94' lang='lat' dir='ltr'>de</span> <span class='ocrx_word' id='word_1_223' title='bbox 1127 3008 1223 3071; x_wconf 91' lang='lat' dir='ltr'>choro</span> <span class='ocrx_word' id='word_1_224' title='bbox 1251 3007 1385 3070; x_wconf 82' lang='lat' dir='ltr'>Albensi</span> <span class='ocrx_word' id='word_1_225' title='bbox 1415 3012 1447 3070; x_wconf 91' lang='lat' dir='ltr'>et</span> <span class='ocrx_word' id='word_1_226' title='bbox 1476 3006 1579 3070; x_wconf 91' lang='lat' dir='ltr'>tribus</span> <span class='ocrx_word' id='word_1_227' title='bbox 1608 3004 1735 3069; x_wconf 87' lang='lat' dir='ltr'>famulis</span> 
     </span>
     <span class='ocr_line' id='line_1_25' title="bbox 337 3107 1734 3196; baseline -0.001 -23"><span class='ocrx_word' id='word_1_228' title='bbox 337 3107 347 3191; x_wconf 78' lang='grc' dir='ltr'>Ι</span> <span class='ocrx_word' id='word_1_229' title='bbox 453 3109 583 3194; x_wconf 68' lang='lat' dir='ltr'>1²)non</span> <span class='ocrx_word' id='word_1_230' title='bbox 605 3116 712 3174; x_wconf 88' lang='lat' dir='ltr'>tamen</span> <span class='ocrx_word' id='word_1_231' title='bbox 733 3110 869 3175; x_wconf 89' lang='lat' dir='ltr'>ulterius</span> <span class='ocrx_word' id='word_1_232' title='bbox 891 3112 1028 3196; x_wconf 87' lang='lat' dir='ltr'>visitare,</span> <span class='ocrx_word' id='word_1_233' title='bbox 1059 3112 1198 3194; x_wconf 90' lang='lat' dir='ltr'>denique</span> <span class='ocrx_word' id='word_1_234' title='bbox 1228 3111 1497 3194; x_wconf 88' lang='lat' dir='ltr'>quandocumque</span> <span class='ocrx_word' id='word_1_235' title='bbox 1530 3115 1639 3173; x_wconf 90' lang='lat' dir='ltr'>vestra</span> <span class='ocrx_word' id='word_1_236' title='bbox 1659 3129 1734 3192; x_wconf 92' lang='lat' dir='ltr'>pru-</span> 
     </span>
     <span class='ocr_line' id='line_1_26' title="bbox 337 3209 1803 3299; baseline -0.002 -23"><span class='ocrx_word' id='word_1_237' title='bbox 337 3213 444 3278; x_wconf 90' lang='lat' dir='ltr'>dentia</span> <span class='ocrx_word' id='word_1_238' title='bbox 466 3214 499 3276; x_wconf 92' lang='lat' dir='ltr'>in</span> <span class='ocrx_word' id='word_1_239' title='bbox 521 3211 613 3296; x_wconf 89' lang='lat' dir='ltr'>has[</span> <span class='ocrx_word' id='word_1_240' title='bbox 717 3214 1356 3299; x_wconf 62' lang='lat' dir='ltr'>1⁸)hominibusnostrisdeliberaverit,</span> <span class='ocrx_word' id='word_1_241' title='bbox 1390 3209 1484 3294; x_wconf 93' lang='lat' dir='ltr'>nos[</span> <span class='ocrx_word' id='word_1_242' title='bbox 1691 3212 1733 3297; x_wconf 64' lang='grc' dir='ltr'>Γ)</span> <span class='ocrx_word' id='word_1_243' title='bbox 1769 3219 1803 3273; x_wconf 78' lang='lat'>25</span> 
     </span>
     <span class='ocr_line' id='line_1_27' title="bbox 335 3317 1736 3401; baseline -0.001 -20"><span class='ocrx_word' id='word_1_244' title='bbox 335 3317 418 3381; x_wconf 82' lang='lat' dir='ltr'>Item</span> <span class='ocrx_word' id='word_1_245' title='bbox 440 3323 578 3382; x_wconf 90' lang='lat' dir='ltr'>vestram</span> <span class='ocrx_word' id='word_1_246' title='bbox 601 3319 733 3401; x_wconf 86' lang='lat' dir='ltr'>gratiam</span> <span class='ocrx_word' id='word_1_247' title='bbox 749 3318 953 3401; x_wconf 80' lang='lat' dir='ltr'>requirimus,</span> <span class='ocrx_word' id='word_1_248' title='bbox 975 3325 1013 3383; x_wconf 92' lang='lat' dir='ltr'>ut</span> <span class='ocrx_word' id='word_1_249' title='bbox 1035 3319 1074 3384; x_wconf 92' lang='lat' dir='ltr'>de</span> <span class='ocrx_word' id='word_1_250' title='bbox 1089 3319 1230 3383; x_wconf 89' lang='lat' dir='ltr'>ecclesiis</span> <span class='ocrx_word' id='word_1_251' title='bbox 1246 3319 1285 3381; x_wconf 92' lang='lat' dir='ltr'>de</span> <span class='ocrx_word' id='word_1_252' title='bbox 1307 3324 1412 3381; x_wconf 90' lang='lat' dir='ltr'>cetero</span> <span class='ocrx_word' id='word_1_253' title='bbox 1427 3317 1616 3382; x_wconf 90' lang='lat' dir='ltr'>vacantibus</span> <span class='ocrx_word' id='word_1_254' title='bbox 1631 3317 1736 3380; x_wconf 85' lang='lat' dir='ltr'>nullas</span> 
     </span>
     <span class='ocr_line' id='line_1_28' title="bbox 338 3420 1736 3506; baseline 0 -21"><span class='ocrx_word' id='word_1_255' title='bbox 338 3421 475 3485; x_wconf 86' lang='lat' dir='ltr'>decimas</span> <span class='ocrx_word' id='word_1_256' title='bbox 490 3427 547 3485; x_wconf 93' lang='lat' dir='ltr'>aut</span> <span class='ocrx_word' id='word_1_257' title='bbox 562 3428 692 3504; x_wconf 87' lang='lat' dir='ltr'>quartas</span> <span class='ocrx_word' id='word_1_258' title='bbox 707 3423 775 3485; x_wconf 87' lang='lat' dir='ltr'>sive</span> <span class='ocrx_word' id='word_1_259' title='bbox 798 3428 904 3506; x_wconf 83' lang='lat' dir='ltr'>partes</span> <span class='ocrx_word' id='word_1_260' title='bbox 920 3423 1170 3506; x_wconf 86' lang='lat' dir='ltr'>qualescumque</span> <span class='ocrx_word' id='word_1_261' title='bbox 1191 3427 1302 3486; x_wconf 88' lang='lat' dir='ltr'>contra</span> <span class='ocrx_word' id='word_1_262' title='bbox 1316 3422 1467 3485; x_wconf 89' lang='lat' dir='ltr'>iustitiam</span> <span class='ocrx_word' id='word_1_263' title='bbox 1483 3421 1621 3485; x_wconf 87' lang='lat' dir='ltr'>ulterius</span> <span class='ocrx_word' id='word_1_264' title='bbox 1636 3420 1736 3485; x_wconf 80' lang='lat' dir='ltr'>eccle-</span> 
     </span>
     <span class='ocr_line' id='line_1_29' title="bbox 338 3525 1212 3612; baseline 0 -23"><span class='ocrx_word' id='word_1_265' title='bbox 338 3525 497 3589; x_wconf 89' lang='lat' dir='ltr'>siasticam</span> <span class='ocrx_word' id='word_1_266' title='bbox 519 3531 627 3590; x_wconf 90' lang='lat' dir='ltr'>vestra</span> <span class='ocrx_word' id='word_1_267' title='bbox 647 3526 749 3610; x_wconf 87' lang='lat' dir='ltr'>pietas</span> <span class='ocrx_word' id='word_1_268' title='bbox 770 3526 911 3610; x_wconf 90' lang='lat' dir='ltr'>recipere</span> <span class='ocrx_word' id='word_1_269' title='bbox 933 3547 998 3591; x_wconf 92' lang='lat' dir='ltr'>non</span> <span class='ocrx_word' id='word_1_270' title='bbox 1021 3532 1212 3612; x_wconf 89' lang='lat' dir='ltr'>praesumat</span> 
     </span>
    </p>
   </div>
   <div class='ocr_carea' id='block_1_3' title="bbox 994 3921 1087 4003">
    <p class='ocr_par' dir='ltr' id='par_1_3' title="bbox 994 3921 1087 4003">
     <span class='ocr_line' id='line_1_30' title="bbox 994 3921 1087 4003; baseline 0.011 -1"><span class='ocrx_word' id='word_1_271' title='bbox 994 3921 1087 4003; x_wconf 89' lang='grc'><strong>481.</strong></span> 
     </span>
    </p>
   </div>
   <div class='ocr_carea' id='block_1_4' title="bbox 338 4099 1807 4317">
    <p class='ocr_par' dir='ltr' id='par_1_4' title="bbox 338 4099 1807 4317">
     <span class='ocr_line' id='line_1_31' title="bbox 414 4099 1807 4194; baseline -0.001 -21"><span class='ocrx_word' id='word_1_272' title='bbox 414 4100 574 4193; x_wconf 77' lang='lat' dir='ltr'>Aoipaoa</span> <span class='ocrx_word' id='word_1_273' title='bbox 600 4103 700 4174; x_wconf 87' lang='grc'><em>1331</em></span> <span class='ocrx_word' id='word_1_274' title='bbox 725 4103 834 4175; x_wconf 76' lang='lat' dir='ltr'>Mara</span> <span class='ocrx_word' id='word_1_275' title='bbox 855 4107 885 4173; x_wconf 86' lang='lat'>1.</span> <span class='ocrx_word' id='word_1_276' title='bbox 913 4103 1024 4194; x_wconf 75' lang='lat' dir='ltr'>Popst</span> <span class='ocrx_word' id='word_1_277' title='bbox 1049 4101 1190 4173; x_wconf 84' lang='lat' dir='ltr'>Jobann</span> <span class='ocrx_word' id='word_1_278' title='bbox 1211 4100 1341 4172; x_wconf 85' lang='lat' dir='ltr'><strong><em>XXII.</em></strong></span> <span class='ocrx_word' id='word_1_279' title='bbox 1370 4101 1570 4191; x_wconf 77' lang='lat' dir='ltr'>becuftropt</span> <span class='ocrx_word' id='word_1_280' title='bbox 1586 4099 1737 4172; x_wconf 76' lang='lat' dir='ltr'>Jacobus</span> <span class='ocrx_word' id='word_1_281' title='bbox 1771 4115 1807 4171; x_wconf 81' lang='lat' dir='ltr'>ao</span> 
     </span>
     <span class='ocr_line' id='line_1_32' title="bbox 338 4220 1739 4317; baseline -0.001 -23"><span class='ocrx_word' id='word_1_282' title='bbox 338 4223 577 4313; x_wconf 70' lang='lat' dir='ltr'>Berecyntius</span> <span class='ocrx_word' id='word_1_283' title='bbox 598 4225 672 4296; x_wconf 77' lang='lat' dir='ltr'>aad</span> <span class='ocrx_word' id='word_1_284' title='bbox 687 4225 917 4317; x_wconf 69' lang='lat' dir='ltr'>Repetendus</span> <span class='ocrx_word' id='word_1_285' title='bbox 934 4224 1109 4312; x_wconf 81' lang='lat' dir='ltr'>Bonofoto</span> <span class='ocrx_word' id='word_1_286' title='bbox 1126 4224 1190 4294; x_wconf 82' lang='lat' dir='ltr'>mit</span> <span class='ocrx_word' id='word_1_287' title='bbox 1208 4223 1270 4294; x_wconf 79' lang='lat' dir='ltr'>der</span> <span class='ocrx_word' id='word_1_288' title='bbox 1286 4221 1492 4313; x_wconf 78' lang='lat' dir='ltr'>Einbcbnnp</span> <span class='ocrx_word' id='word_1_289' title='bbox 1511 4221 1569 4292; x_wconf 78' lang='lat' dir='ltr'>dea</span> <span class='ocrx_word' id='word_1_290' title='bbox 1586 4220 1739 4293; x_wconf 58' lang='lat' dir='ltr'>&amp;bama</span> 
     </span>
    </p>
   </div>
   <div class='ocr_carea' id='block_1_5' title="bbox 338 4343 1737 4714">
    <p class='ocr_par' dir='ltr' id='par_1_5' title="bbox 338 4343 1737 4714">
     <span class='ocr_line' id='line_1_33' title="bbox 338 4343 815 4437; baseline 0.004 -23"><span class='ocrx_word' id='word_1_291' title='bbox 338 4344 388 4415; x_wconf 81' lang='lat' dir='ltr'>im</span> <span class='ocrx_word' id='word_1_292' title='bbox 413 4344 626 4435; x_wconf 74' lang='lat' dir='ltr'>Kb&#39;niprcicb</span> <span class='ocrx_word' id='word_1_293' title='bbox 660 4343 815 4437; x_wconf 81' lang='lat' dir='ltr'>Unporn.</span> 
     </span>
     <span class='ocr_line' id='line_1_34' title="bbox 416 4477 1737 4577; baseline -0.004 -23"><span class='ocrx_word' id='word_1_294' title='bbox 416 4481 548 4555; x_wconf 90' lang='lat' dir='ltr'>Datum</span> <span class='ocrx_word' id='word_1_295' title='bbox 566 4482 748 4576; x_wconf 80' lang='lat' dir='ltr'>Avinione,</span> <span class='ocrx_word' id='word_1_296' title='bbox 773 4481 944 4556; x_wconf 88' lang='lat' dir='ltr'>Kalendis</span> <span class='ocrx_word' id='word_1_297' title='bbox 962 4480 1095 4574; x_wconf 82' lang='lat' dir='ltr'>Martii,</span> <span class='ocrx_word' id='word_1_298' title='bbox 1112 4480 1335 4577; x_wconf 87' lang='lat' dir='ltr'>pontificatus</span> <span class='ocrx_word' id='word_1_299' title='bbox 1353 4501 1445 4551; x_wconf 89' lang='lat' dir='ltr'>anno</span> <span class='ocrx_word' id='word_1_300' title='bbox 1462 4478 1583 4574; x_wconf 89' lang='lat' dir='ltr'>quinto</span> <span class='ocrx_word' id='word_1_301' title='bbox 1600 4477 1737 4550; x_wconf 86' lang='lat' dir='ltr'>decimo.</span> 
     </span>
     <span class='ocr_line' id='line_1_35' title="bbox 495 4640 1736 4714; baseline -0.006 -11"><span class='ocrx_word' id='word_1_302' title='bbox 495 4646 607 4703; x_wconf 77' lang='lat' dir='ltr'>Druck:</span> <span class='ocrx_word' id='word_1_303' title='bbox 629 4647 745 4702; x_wconf 69' lang='lat' dir='ltr'>lisina</span> <span class='ocrx_word' id='word_1_304' title='bbox 762 4645 841 4701; x_wconf 82' lang='lat' dir='ltr'>Mon.</span> <span class='ocrx_word' id='word_1_305' title='bbox 859 4646 955 4714; x_wconf 74' lang='lat' dir='ltr'>Hunq.</span> <span class='ocrx_word' id='word_1_306' title='bbox 975 4645 1001 4713; x_wconf 87' lang='lat'>1,</span> <span class='ocrx_word' id='word_1_307' title='bbox 1019 4648 1075 4700; x_wconf 77' lang='lat'>537</span> <span class='ocrx_word' id='word_1_308' title='bbox 1089 4644 1161 4699; x_wconf 78' lang='lat' dir='ltr'>acob</span> <span class='ocrx_word' id='word_1_309' title='bbox 1178 4644 1238 4698; x_wconf 77' lang='lat' dir='ltr'>dem</span> <span class='ocrx_word' id='word_1_310' title='bbox 1256 4642 1381 4713; x_wconf 61' lang='lat' dir='ltr'>aanor</span> <span class='ocrx_word' id='word_1_311' title='bbox 1404 4642 1614 4697; x_wconf 76' lang='lat' dir='ltr'>Votikoniocbes</span> <span class='ocrx_word' id='word_1_312' title='bbox 1625 4640 1736 4696; x_wconf 77' lang='lat' dir='ltr'>Arabia.</span> 
     </span>
    </p>
   </div>
   <div class='ocr_carea' id='block_1_6' title="bbox 495 4905 1065 5063">
    <p class='ocr_par' dir='ltr' id='par_1_6' title="bbox 495 4905 1065 5063">
     <span class='ocr_line' id='line_1_36' title="bbox 496 4905 1065 4976; baseline -0.007 -14"><span class='ocrx_word' id='word_1_313' title='bbox 496 4908 518 4976; x_wconf 86' lang='lat'>¹)</span> <span class='ocrx_word' id='word_1_314' title='bbox 535 4906 636 4962; x_wconf 81' lang='lat' dir='ltr'>Lecrer</span> <span class='ocrx_word' id='word_1_315' title='bbox 654 4905 756 4975; x_wconf 65' lang='lat' dir='ltr'>Mam,</span> <span class='ocrx_word' id='word_1_316' title='bbox 773 4910 792 4961; x_wconf 83' lang='lat'><em>2</em></span> <span class='ocrx_word' id='word_1_317' title='bbox 809 4905 970 4962; x_wconf 64' lang='lat' dir='ltr'>Gratiam</span> <span class='ocrx_word' id='word_1_318' title='bbox 987 4905 1065 4959; x_wconf 74' lang='lat' dir='ltr'>broit.</span> 
     </span>
     <span class='ocr_line' id='line_1_37' title="bbox 495 4991 766 5063; baseline -0.007 -15"><span class='ocrx_word' id='word_1_319' title='bbox 495 4994 518 5063; x_wconf 85' lang='lat'>⁸)</span> <span class='ocrx_word' id='word_1_320' title='bbox 534 4996 579 5048; x_wconf 61' lang='lat'>23</span> <span class='ocrx_word' id='word_1_321' title='bbox 599 4991 766 5049; x_wconf 63' lang='lat' dir='ltr'>&amp;numm</span> 
     </span>
    </p>
   </div>
   <div class='ocr_carea' id='block_1_7' title="bbox 496 4817 2030 5231">
    <p class='ocr_par' dir='ltr' id='par_1_7' title="bbox 496 4436 2030 5231">
     <span class='ocr_line' id='line_1_38' title="bbox 498 4817 1807 4891; baseline -0.003 -16"><span class='ocrx_word' id='word_1_322' title='bbox 498 4823 518 4890; x_wconf 88' lang='lat'>¹)</span> <span class='ocrx_word' id='word_1_323' title='bbox 540 4820 675 4891; x_wconf 80' lang='lat' dir='ltr'>Vorlope:</span> <span class='ocrx_word' id='word_1_324' title='bbox 692 4820 788 4875; x_wconf 84' lang='lat' dir='ltr'>Kocza</span> <span class='ocrx_word' id='word_1_325' title='bbox 1772 4817 1807 4871; x_wconf 75' lang='lat'>35</span> 
     </span>
     <span class='ocr_line' id='line_1_39' title="bbox 496 5078 2030 5231; baseline -0.003 -96"><span class='ocrx_word' id='word_1_326' title='bbox 496 5080 518 5149; x_wconf 87' lang='lat'>⁴)</span> <span class='ocrx_word' id='word_1_327' title='bbox 536 5082 553 5135; x_wconf 77' lang='grc' dir='ltr'><strong><em>ὅ</em></strong></span> <span class='ocrx_word' id='word_1_328' title='bbox 574 5078 748 5135; x_wconf 64' lang='lat' dir='ltr'>&amp;numam</span> <span class='ocrx_word' id='word_1_329' title='bbox 2022 5110 2030 5231; x_wconf 52' lang='lat' dir='ltr'>q</span> 
     </span>
    </p>
   </div>
   <div class='ocr_carea' id='block_1_8' title="bbox 0 0 2064 6292">
    <p class='ocr_par' dir='ltr' id='par_1_8' title="bbox 0 0 2064 6292">
     <span class='ocr_line' id='line_1_40' title="bbox 0 0 2064 6292; baseline 0 0"><span class='ocrx_word' id='word_1_330' title='bbox 0 0 2064 6292; x_wconf 95' lang='lat' dir='ltr'> </span> 
     </span>
    </p>
   </div>
  </div>
 </body>
</html>
