<?xml version="1.0" encoding="UTF-8"?>
<!DOCTYPE html PUBLIC "-//W3C//DTD XHTML 1.0 Transitional//EN"
    "http://www.w3.org/TR/xhtml1/DTD/xhtml1-transitional.dtd">
<html xmlns="http://www.w3.org/1999/xhtml" xml:lang="en" lang="en">
 <head>
  <title>
</title>
<meta http-equiv="Content-Type" content="text/html;charset=utf-8" />
  <meta name='ocr-system' content='tesseract 3.04.00' />
  <meta name='ocr-capabilities' content='ocr_page ocr_carea ocr_par ocr_line ocrx_word'/>
</head>
<body>
  <div class='ocr_page' id='page_1' title='image "./urkundenbuchzur00mlgoog_0392.png"; bbox 0 0 4106 6294; ppageno 0'>
   <div class='ocr_carea' id='block_1_1' title="bbox 914 611 1070 707">
    <p class='ocr_par' dir='ltr' id='par_1_1' title="bbox 914 611 1070 707">
     <span class='ocr_line' id='line_1_1' title="bbox 914 611 1070 707; baseline 0 -32"><span class='ocrx_word' id='word_1_1' title='bbox 914 611 1070 707; x_wconf 47' lang='lat' dir='ltr'>Q</span> 
     </span>
    </p>
   </div>
   <div class='ocr_carea' id='block_1_2' title="bbox 234 797 1689 1401">
    <p class='ocr_par' dir='ltr' id='par_1_2' title="bbox 285 797 1689 1194">
     <span class='ocr_line' id='line_1_2' title="bbox 285 797 1688 883; baseline 0.003 -22"><span class='ocrx_word' id='word_1_2' title='bbox 285 797 403 881; x_wconf 87' lang='lat' dir='ltr'>regiam</span> <span class='ocrx_word' id='word_1_3' title='bbox 434 799 635 863; x_wconf 88' lang='lat' dir='ltr'>collationem</span> <span class='ocrx_word' id='word_1_4' title='bbox 664 800 833 883; x_wconf 89' lang='lat' dir='ltr'>pertinere,</span> <span class='ocrx_word' id='word_1_5' title='bbox 863 807 896 864; x_wconf 85' lang='lat' dir='ltr'>et</span> <span class='ocrx_word' id='word_1_6' title='bbox 925 802 1004 864; x_wconf 90' lang='lat' dir='ltr'>scita</span> <span class='ocrx_word' id='word_1_7' title='bbox 1033 800 1216 864; x_wconf 88' lang='lat' dir='ltr'>huiusmodi</span> <span class='ocrx_word' id='word_1_8' title='bbox 1244 800 1379 864; x_wconf 85' lang='lat' dir='ltr'>veritate</span> <span class='ocrx_word' id='word_1_9' title='bbox 1409 800 1448 864; x_wconf 91' lang='lat' dir='ltr'>de</span> <span class='ocrx_word' id='word_1_10' title='bbox 1479 800 1562 864; x_wconf 85' lang='lat' dir='ltr'>lacto</span> <span class='ocrx_word' id='word_1_11' title='bbox 1585 805 1688 865; x_wconf 88' lang='lat' dir='ltr'>terrae</span> 
     </span>
     <span class='ocr_line' id='line_1_3' title="bbox 285 901 1687 988; baseline 0.001 -22"><span class='ocrx_word' id='word_1_12' title='bbox 285 901 476 985; x_wconf 74' lang='lat' dir='ltr'>praelibatae</span> <span class='ocrx_word' id='word_1_13' title='bbox 499 903 660 986; x_wconf 81' lang='lat' dir='ltr'>praelatus</span> <span class='ocrx_word' id='word_1_14' title='bbox 682 904 776 968; x_wconf 93' lang='lat' dir='ltr'>homo</span> <span class='ocrx_word' id='word_1_15' title='bbox 800 909 906 968; x_wconf 83' lang='lat' dir='ltr'>vester</span> <span class='ocrx_word' id='word_1_16' title='bbox 936 923 1041 967; x_wconf 90' lang='lat' dir='ltr'>coram</span> <span class='ocrx_word' id='word_1_17' title='bbox 1064 905 1133 988; x_wconf 89' lang='lat' dir='ltr'>ipso</span> <span class='ocrx_word' id='word_1_18' title='bbox 1163 905 1292 968; x_wconf 91' lang='lat' dir='ltr'>homine</span> <span class='ocrx_word' id='word_1_19' title='bbox 1313 908 1424 968; x_wconf 84' lang='lat' dir='ltr'>nostro</span> <span class='ocrx_word' id='word_1_20' title='bbox 1447 904 1549 988; x_wconf 88' lang='lat' dir='ltr'>ipsam</span> <span class='ocrx_word' id='word_1_21' title='bbox 1570 908 1687 968; x_wconf 87' lang='lat' dir='ltr'>terram</span> 
     </span>
     <span class='ocr_line' id='line_1_4' title="bbox 286 1004 1689 1079; baseline 0.001 -9"><span class='ocrx_word' id='word_1_22' title='bbox 286 1004 437 1079; x_wconf 85' lang='lat' dir='ltr'>Solumus</span> <span class='ocrx_word' id='word_1_23' title='bbox 459 1008 553 1070; x_wconf 85' lang='lat' dir='ltr'>iuxta</span> <span class='ocrx_word' id='word_1_24' title='bbox 573 1013 697 1072; x_wconf 88' lang='lat' dir='ltr'>veteres</span> <span class='ocrx_word' id='word_1_25' title='bbox 719 1013 819 1072; x_wconf 90' lang='lat' dir='ltr'>metas</span> <span class='ocrx_word' id='word_1_26' title='bbox 841 1007 1071 1072; x_wconf 86' lang='lat' dir='ltr'>reambulaaset</span> <span class='ocrx_word' id='word_1_27' title='bbox 1093 1012 1125 1071; x_wconf 91' lang='lat' dir='ltr'>et</span> <span class='ocrx_word' id='word_1_28' title='bbox 1145 1008 1397 1072; x_wconf 88' lang='lat' dir='ltr'>reambulatione</span> <span class='ocrx_word' id='word_1_29' title='bbox 1420 1007 1504 1071; x_wconf 85' lang='lat' dir='ltr'>iacta</span> <span class='ocrx_word' id='word_1_30' title='bbox 1525 1009 1689 1072; x_wconf 82' lang='lat' dir='ltr'>statuisset</span> 
     </span>
     <span class='ocr_line' id='line_1_5' title="bbox 286 1110 1687 1194; baseline 0.001 -21"><span class='ocrx_word' id='word_1_31' title='bbox 286 1128 393 1173; x_wconf 88' lang='lat' dir='ltr'>coram</span> <span class='ocrx_word' id='word_1_32' title='bbox 423 1110 572 1173; x_wconf 91' lang='lat' dir='ltr'>omnibus</span> <span class='ocrx_word' id='word_1_33' title='bbox 602 1113 827 1176; x_wconf 89' lang='lat' dir='ltr'>commetaneis</span> <span class='ocrx_word' id='word_1_34' title='bbox 855 1117 888 1175; x_wconf 88' lang='lat' dir='ltr'>et</span> <span class='ocrx_word' id='word_1_35' title='bbox 915 1112 1028 1174; x_wconf 85' lang='lat' dir='ltr'>vicinis</span> <span class='ocrx_word' id='word_1_36' title='bbox 1051 1112 1135 1175; x_wconf 91' lang='lat' dir='ltr'>dicto</span> <span class='ocrx_word' id='word_1_37' title='bbox 1162 1112 1313 1194; x_wconf 88' lang='lat' dir='ltr'>magistro</span> <span class='ocrx_word' id='word_1_38' title='bbox 1336 1111 1433 1175; x_wconf 87' lang='lat' dir='ltr'>Petro</span> <span class='ocrx_word' id='word_1_39' title='bbox 1455 1111 1687 1194; x_wconf 82' lang='lat' dir='ltr'>possidendam,</span> 
     </span>
    </p>

    <p class='ocr_par' dir='ltr' id='par_1_3' title="bbox 234 1214 1688 1401">
     <span class='ocr_line' id='line_1_6' title="bbox 234 1214 1688 1298; baseline 0.003 -25"><span class='ocrx_word' id='word_1_40' title='bbox 234 1221 251 1273; x_wconf 83' lang='lat'><strong>5</strong></span> <span class='ocrx_word' id='word_1_41' title='bbox 286 1215 414 1278; x_wconf 86' lang='lat' dir='ltr'>nemine</span> <span class='ocrx_word' id='word_1_42' title='bbox 442 1214 572 1298; x_wconf 90' lang='lat' dir='ltr'>penitus</span> <span class='ocrx_word' id='word_1_43' title='bbox 600 1215 832 1279; x_wconf 82' lang='lat' dir='ltr'>contradictore</span> <span class='ocrx_word' id='word_1_44' title='bbox 861 1217 1028 1280; x_wconf 84' lang='lat' dir='ltr'>existente.</span> <span class='ocrx_word' id='word_1_45' title='bbox 1072 1214 1191 1279; x_wconf 88' lang='lat' dir='ltr'>Datum</span> <span class='ocrx_word' id='word_1_46' title='bbox 1221 1216 1256 1278; x_wconf 92' lang='lat' dir='ltr'>in</span> <span class='ocrx_word' id='word_1_47' title='bbox 1278 1214 1387 1298; x_wconf 84' lang='lat' dir='ltr'>vigilia</span> <span class='ocrx_word' id='word_1_48' title='bbox 1420 1214 1504 1279; x_wconf 87' lang='lat' dir='ltr'>beati</span> <span class='ocrx_word' id='word_1_49' title='bbox 1526 1214 1688 1278; x_wconf 82' lang='lat' dir='ltr'>Michaelis</span> 
     </span>
     <span class='ocr_line' id='line_1_7' title="bbox 286 1296 1325 1401; baseline -0.001 -20"><span class='ocrx_word' id='word_1_50' title='bbox 286 1315 475 1401; x_wconf 85' lang='lat' dir='ltr'>archangeli,</span> <span class='ocrx_word' id='word_1_51' title='bbox 502 1336 586 1381; x_wconf 90' lang='lat' dir='ltr'>anno</span> <span class='ocrx_word' id='word_1_52' title='bbox 617 1317 738 1382; x_wconf 91' lang='lat' dir='ltr'>domini</span> <span class='ocrx_word' id='word_1_53' title='bbox 768 1318 935 1382; x_wconf 90' lang='lat' dir='ltr'>millesimo</span> <span class='ocrx_word' id='word_1_54' title='bbox 959 1296 1035 1383; x_wconf 82' lang='lat' dir='ltr'>ede</span> <span class='ocrx_word' id='word_1_55' title='bbox 1058 1319 1181 1383; x_wconf 89' lang='lat' dir='ltr'>decimo</span> <span class='ocrx_word' id='word_1_56' title='bbox 1204 1325 1325 1382; x_wconf 87' lang='lat' dir='ltr'>octavo.</span> 
     </span>
    </p>
   </div>
   <div class='ocr_carea' id='block_1_3' title="bbox 940 1629 1032 1714">
    <p class='ocr_par' dir='ltr' id='par_1_4' title="bbox 940 1629 1032 1714">
     <span class='ocr_line' id='line_1_8' title="bbox 940 1629 1032 1714; baseline 0.022 -2"><span class='ocrx_word' id='word_1_57' title='bbox 940 1629 1032 1714; x_wconf 70' lang='lat'>362.</span> 
     </span>
    </p>
   </div>
   <div class='ocr_carea' id='block_1_4' title="bbox 219 1792 1690 2128">
    <p class='ocr_par' dir='ltr' id='par_1_5' title="bbox 219 1792 1690 2128">
     <span class='ocr_line' id='line_1_9' title="bbox 364 1792 1687 1886; baseline 0.003 -23"><span class='ocrx_word' id='word_1_58' title='bbox 364 1795 463 1865; x_wconf 86' lang='grc'><em>1319</em></span> <span class='ocrx_word' id='word_1_59' title='bbox 489 1793 648 1867; x_wconf 73' lang='lat' dir='ltr'>Fcbmtor</span> <span class='ocrx_word' id='word_1_60' title='bbox 673 1797 707 1867; x_wconf 85' lang='lat'>3.</span> <span class='ocrx_word' id='word_1_61' title='bbox 735 1795 851 1885; x_wconf 73' lang='lat' dir='ltr'>Kdaip</span> <span class='ocrx_word' id='word_1_62' title='bbox 869 1795 964 1866; x_wconf 81' lang='lat' dir='ltr'>Karl</span> <span class='ocrx_word' id='word_1_63' title='bbox 989 1794 1148 1886; x_wconf 76' lang='lat' dir='ltr'>bcatdb&#39;pt</span> <span class='ocrx_word' id='word_1_64' title='bbox 1170 1794 1225 1867; x_wconf 77' lang='lat' dir='ltr'>dic</span> <span class='ocrx_word' id='word_1_65' title='bbox 1251 1793 1416 1868; x_wconf 78' lang='lat' dir='ltr'>Urlamdc</span> <span class='ocrx_word' id='word_1_66' title='bbox 1433 1795 1492 1866; x_wconf 84' lang='lat' dir='ltr'>des</span> <span class='ocrx_word' id='word_1_67' title='bbox 1517 1792 1687 1867; x_wconf 77' lang='lat' dir='ltr'>Weissen-</span> 
     </span>
     <span class='ocr_line' id='line_1_10' title="bbox 289 1913 1690 2007; baseline 0.001 -21"><span class='ocrx_word' id='word_1_68' title='bbox 289 1913 415 2006; x_wconf 75' lang='lat' dir='ltr'>barycr</span> <span class='ocrx_word' id='word_1_69' title='bbox 440 1915 601 2007; x_wconf 77' lang='lat' dir='ltr'>Kupitcls</span> <span class='ocrx_word' id='word_1_70' title='bbox 634 1939 700 1988; x_wconf 81' lang='lat' dir='ltr'>cca</span> <span class='ocrx_word' id='word_1_71' title='bbox 726 1917 827 1987; x_wconf 94' lang='grc'><em>1318</em></span> <span class='ocrx_word' id='word_1_72' title='bbox 863 1915 930 1987; x_wconf 81' lang='lat' dir='ltr'>Nr.</span> <span class='ocrx_word' id='word_1_73' title='bbox 961 1918 1038 1987; x_wconf 86' lang='grc'>361</span> <span class='ocrx_word' id='word_1_74' title='bbox 1067 1917 1131 1987; x_wconf 84' lang='lat' dir='ltr'>mit</span> <span class='ocrx_word' id='word_1_75' title='bbox 1160 1917 1274 1988; x_wconf 81' lang='lat' dir='ltr'>aeincr</span> <span class='ocrx_word' id='word_1_76' title='bbox 1308 1914 1473 1988; x_wconf 77' lang='lat' dir='ltr'>Urkaadc</span> <span class='ocrx_word' id='word_1_77' title='bbox 1497 1939 1563 1987; x_wconf 80' lang='lat' dir='ltr'>con</span> <span class='ocrx_word' id='word_1_78' title='bbox 1588 1917 1690 1987; x_wconf 90' lang='grc'><em>1318</em></span> 
     </span>
     <span class='ocr_line' id='line_1_11' title="bbox 219 2033 1514 2128; baseline 0.003 -23"><span class='ocrx_word' id='word_1_79' title='bbox 219 2051 253 2106; x_wconf 83' lang='grc'>10</span> <span class='ocrx_word' id='word_1_80' title='bbox 288 2033 354 2106; x_wconf 82' lang='lat' dir='ltr'>Nr.</span> <span class='ocrx_word' id='word_1_81' title='bbox 378 2038 431 2107; x_wconf 85' lang='lat'>35</span> <span class='ocrx_word' id='word_1_82' title='bbox 438 2039 463 2106; x_wconf 86' lang='lat'><strong><em>7</em></strong></span> <span class='ocrx_word' id='word_1_83' title='bbox 489 2035 674 2125; x_wconf 78' lang='lat' dir='ltr'>bctreffcad</span> <span class='ocrx_word' id='word_1_84' title='bbox 699 2037 754 2109; x_wconf 82' lang='lat' dir='ltr'>die</span> <span class='ocrx_word' id='word_1_85' title='bbox 781 2044 876 2108; x_wconf 78' lang='lat' dir='ltr'>terra</span> <span class='ocrx_word' id='word_1_86' title='bbox 904 2035 1064 2110; x_wconf 80' lang='lat' dir='ltr'>Salamas</span> <span class='ocrx_word' id='word_1_87' title='bbox 1081 2037 1153 2125; x_wconf 75' lang='lat' dir='ltr'>fiir</span> <span class='ocrx_word' id='word_1_88' title='bbox 1178 2037 1354 2128; x_wconf 71' lang='lat' dir='ltr'>Magister</span> <span class='ocrx_word' id='word_1_89' title='bbox 1379 2037 1514 2109; x_wconf 72' lang='lat' dir='ltr'>Petras.</span> 
     </span>
    </p>
   </div>
   <div class='ocr_carea' id='block_1_5' title="bbox 391 2199 1688 2356">
    <p class='ocr_par' dir='ltr' id='par_1_6' title="bbox 391 2199 1688 2356">
     <span class='ocr_line' id='line_1_12' title="bbox 447 2199 1688 2271; baseline 0.002 -17"><span class='ocrx_word' id='word_1_90' title='bbox 447 2199 523 2270; x_wconf 77' lang='lat' dir='ltr'>Orip.</span> <span class='ocrx_word' id='word_1_91' title='bbox 549 2200 630 2270; x_wconf 75' lang='lat' dir='ltr'>Pcrp.</span> <span class='ocrx_word' id='word_1_92' title='bbox 659 2200 763 2271; x_wconf 73' lang='lat' dir='ltr'>Unger.</span> <span class='ocrx_word' id='word_1_93' title='bbox 785 2201 993 2256; x_wconf 79' lang='lat' dir='ltr'>Landcaorcba&#39;v</span> <span class='ocrx_word' id='word_1_94' title='bbox 1011 2200 1163 2270; x_wconf 82' lang='lat' dir='ltr'>Badapcat.</span> <span class='ocrx_word' id='word_1_95' title='bbox 1190 2200 1389 2270; x_wconf 70' lang='lat' dir='ltr'>Doppetaiccet</span> <span class='ocrx_word' id='word_1_96' title='bbox 1407 2200 1587 2269; x_wconf 73' lang='lat' dir='ltr'>Bracbataclc,</span> <span class='ocrx_word' id='word_1_97' title='bbox 1605 2202 1688 2269; x_wconf 81' lang='lat' dir='ltr'>rand,</span> 
     </span>
     <span class='ocr_line' id='line_1_13' title="bbox 391 2285 1271 2356; baseline 0 -15"><span class='ocrx_word' id='word_1_98' title='bbox 391 2287 498 2341; x_wconf 79' lang='lat' dir='ltr'>wcisaea</span> <span class='ocrx_word' id='word_1_99' title='bbox 521 2285 630 2353; x_wconf 79' lang='lat' dir='ltr'>chba,</span> <span class='ocrx_word' id='word_1_100' title='bbox 649 2302 688 2339; x_wconf 78' lang='lat' dir='ltr'>ea</span> <span class='ocrx_word' id='word_1_101' title='bbox 705 2286 868 2355; x_wconf 70' lang='lat' dir='ltr'>roth-palliet</span> <span class='ocrx_word' id='word_1_102' title='bbox 886 2286 1089 2341; x_wconf 75' lang='lat' dir='ltr'>Scidcnocbnur</span> <span class='ocrx_word' id='word_1_103' title='bbox 1107 2286 1271 2356; x_wconf 69' lang='lat' dir='ltr'>aapeteaca</span> 
     </span>
    </p>
   </div>
   <div class='ocr_carea' id='block_1_6' title="bbox 221 2461 1692 5657">
    <p class='ocr_par' dir='ltr' id='par_1_7' title="bbox 221 2461 1692 5657">
     <span class='ocr_line' id='line_1_14' title="bbox 442 2461 1688 2546; baseline 0.001 -21"><span class='ocrx_word' id='word_1_104' title='bbox 442 2461 582 2525; x_wconf 86' lang='lat' dir='ltr'>Karalus</span> <span class='ocrx_word' id='word_1_105' title='bbox 605 2462 655 2526; x_wconf 91' lang='lat' dir='ltr'>dei</span> <span class='ocrx_word' id='word_1_106' title='bbox 675 2463 776 2545; x_wconf 88' lang='lat' dir='ltr'>gratia</span> <span class='ocrx_word' id='word_1_107' title='bbox 790 2462 984 2546; x_wconf 89' lang='lat' dir='ltr'>Hungariae,</span> <span class='ocrx_word' id='word_1_108' title='bbox 1006 2462 1195 2545; x_wconf 87' lang='lat' dir='ltr'>Dalmaciae,</span> <span class='ocrx_word' id='word_1_109' title='bbox 1219 2463 1377 2544; x_wconf 84' lang='lat' dir='ltr'>Grcaciae,</span> <span class='ocrx_word' id='word_1_110' title='bbox 1399 2462 1526 2545; x_wconf 87' lang='lat' dir='ltr'>Ramae,</span> <span class='ocrx_word' id='word_1_111' title='bbox 1549 2462 1688 2545; x_wconf 84' lang='lat' dir='ltr'>Samiae,</span> 
     </span>
     <span class='ocr_line' id='line_1_15' title="bbox 288 2564 1689 2651; baseline 0 -21"><span class='ocrx_word' id='word_1_112' title='bbox 288 2566 446 2649; x_wconf 85' lang='lat' dir='ltr'>Galliciae,</span> <span class='ocrx_word' id='word_1_113' title='bbox 468 2566 683 2648; x_wconf 87' lang='lat' dir='ltr'>Lodomeriac,</span> <span class='ocrx_word' id='word_1_114' title='bbox 707 2565 880 2631; x_wconf 72' lang='lat' dir='ltr'>(lomaniae</span> <span class='ocrx_word' id='word_1_115' title='bbox 902 2567 1136 2651; x_wconf 84' lang='lat' dir='ltr'>Bulgariaeque</span> <span class='ocrx_word' id='word_1_116' title='bbox 1158 2586 1217 2630; x_wconf 80' lang='lat' dir='ltr'>rer</span> <span class='ocrx_word' id='word_1_117' title='bbox 1240 2566 1389 2630; x_wconf 89' lang='lat' dir='ltr'>omnibus</span> <span class='ocrx_word' id='word_1_118' title='bbox 1404 2566 1519 2630; x_wconf 79' lang='lat' dir='ltr'>Christi</span> <span class='ocrx_word' id='word_1_119' title='bbox 1541 2564 1689 2630; x_wconf 89' lang='lat' dir='ltr'>fidelibus</span> 
     </span>
     <span class='ocr_line' id='line_1_16' title="bbox 221 2667 1690 2755; baseline 0.001 -25"><span class='ocrx_word' id='word_1_120' title='bbox 221 2678 253 2731; x_wconf 84' lang='lat'>15</span> <span class='ocrx_word' id='word_1_121' title='bbox 288 2689 439 2754; x_wconf 87' lang='lat' dir='ltr'>praesens</span> <span class='ocrx_word' id='word_1_122' title='bbox 462 2670 615 2754; x_wconf 90' lang='lat' dir='ltr'>scriptum</span> <span class='ocrx_word' id='word_1_123' title='bbox 643 2670 836 2755; x_wconf 90' lang='lat' dir='ltr'>inspecturis</span> <span class='ocrx_word' id='word_1_124' title='bbox 866 2670 1002 2735; x_wconf 90' lang='lat' dir='ltr'>salutem</span> <span class='ocrx_word' id='word_1_125' title='bbox 1023 2672 1057 2733; x_wconf 93' lang='lat' dir='ltr'>in</span> <span class='ocrx_word' id='word_1_126' title='bbox 1080 2691 1126 2753; x_wconf 89' lang='lat' dir='ltr'>eo,</span> <span class='ocrx_word' id='word_1_127' title='bbox 1161 2671 1216 2753; x_wconf 88' lang='lat' dir='ltr'>qui</span> <span class='ocrx_word' id='word_1_128' title='bbox 1239 2670 1368 2754; x_wconf 85' lang='lat' dir='ltr'>regibus</span> <span class='ocrx_word' id='word_1_129' title='bbox 1391 2668 1446 2733; x_wconf 93' lang='lat' dir='ltr'>dat</span> <span class='ocrx_word' id='word_1_130' title='bbox 1467 2668 1610 2733; x_wconf 89' lang='lat' dir='ltr'>salutem.</span> <span class='ocrx_word' id='word_1_131' title='bbox 1647 2667 1690 2731; x_wconf 75' lang='lat' dir='ltr'>let</span> 
     </span>
     <span class='ocr_line' id='line_1_17' title="bbox 288 2771 1689 2856; baseline -0.001 -20"><span class='ocrx_word' id='word_1_132' title='bbox 288 2772 446 2836; x_wconf 82' lang='lat' dir='ltr'>virtutum</span> <span class='ocrx_word' id='word_1_133' title='bbox 468 2774 609 2856; x_wconf 89' lang='lat' dir='ltr'>praemia</span> <span class='ocrx_word' id='word_1_134' title='bbox 639 2781 715 2839; x_wconf 88' lang='lat' dir='ltr'>sunt</span> <span class='ocrx_word' id='word_1_135' title='bbox 744 2775 941 2839; x_wconf 88' lang='lat' dir='ltr'>merentibus</span> <span class='ocrx_word' id='word_1_136' title='bbox 964 2774 1135 2838; x_wconf 88' lang='lat' dir='ltr'>tribuenda</span> <span class='ocrx_word' id='word_1_137' title='bbox 1156 2774 1286 2839; x_wconf 87' lang='lat' dir='ltr'>athoni</span> <span class='ocrx_word' id='word_1_138' title='bbox 1309 2774 1349 2837; x_wconf 91' lang='lat' dir='ltr'>ad</span> <span class='ocrx_word' id='word_1_139' title='bbox 1371 2773 1561 2837; x_wconf 86' lang='lat' dir='ltr'>exercitium</span> <span class='ocrx_word' id='word_1_140' title='bbox 1582 2771 1689 2856; x_wconf 89' lang='lat' dir='ltr'>probi-</span> 
     </span>
     <span class='ocr_line' id='line_1_18' title="bbox 289 2875 1688 2959; baseline -0.001 -20"><span class='ocrx_word' id='word_1_141' title='bbox 289 2877 363 2940; x_wconf 80' lang='lat' dir='ltr'>tatis</span> <span class='ocrx_word' id='word_1_142' title='bbox 394 2877 486 2959; x_wconf 92' lang='lat' dir='ltr'>quasi</span> <span class='ocrx_word' id='word_1_143' title='bbox 517 2877 708 2959; x_wconf 88' lang='lat' dir='ltr'>quibasdam</span> <span class='ocrx_word' id='word_1_144' title='bbox 738 2879 927 2943; x_wconf 89' lang='lat' dir='ltr'>muneribus</span> <span class='ocrx_word' id='word_1_145' title='bbox 949 2877 1104 2942; x_wconf 89' lang='lat' dir='ltr'>illecturis</span> <span class='ocrx_word' id='word_1_146' title='bbox 1124 2877 1283 2941; x_wconf 88' lang='lat' dir='ltr'>invitandi</span> <span class='ocrx_word' id='word_1_147' title='bbox 1313 2881 1390 2941; x_wconf 90' lang='lat' dir='ltr'>sunt</span> <span class='ocrx_word' id='word_1_148' title='bbox 1412 2875 1688 2939; x_wconf 82' lang='lat' dir='ltr'>exhortationibus</span> 
     </span>
     <span class='ocr_line' id='line_1_19' title="bbox 288 2981 1689 3066; baseline -0.002 -22"><span class='ocrx_word' id='word_1_149' title='bbox 288 2982 511 3065; x_wconf 89' lang='lat' dir='ltr'>praemiorum,</span> <span class='ocrx_word' id='word_1_150' title='bbox 541 3002 616 3045; x_wconf 90' lang='lat' dir='ltr'>cum</span> <span class='ocrx_word' id='word_1_151' title='bbox 644 3002 696 3046; x_wconf 90' lang='lat' dir='ltr'>res</span> <span class='ocrx_word' id='word_1_152' title='bbox 719 2984 822 3046; x_wconf 91' lang='lat' dir='ltr'>omnis</span> <span class='ocrx_word' id='word_1_153' title='bbox 844 3001 902 3066; x_wconf 88' lang='lat' dir='ltr'>per</span> <span class='ocrx_word' id='word_1_154' title='bbox 924 2983 1113 3046; x_wconf 82' lang='lat' dir='ltr'>exercitium</span> <span class='ocrx_word' id='word_1_155' title='bbox 1135 2981 1267 3065; x_wconf 89' lang='lat' dir='ltr'>recipiat</span> <span class='ocrx_word' id='word_1_156' title='bbox 1288 2981 1521 3044; x_wconf 89' lang='lat' dir='ltr'>incrementum</span> <span class='ocrx_word' id='word_1_157' title='bbox 1543 2982 1576 3042; x_wconf 91' lang='lat' dir='ltr'>et</span> <span class='ocrx_word' id='word_1_158' title='bbox 1598 2997 1689 3043; x_wconf 82' lang='lat' dir='ltr'>exer-</span> 
     </span>
     <span class='ocr_line' id='line_1_20' title="bbox 289 3081 1689 3170; baseline -0.002 -23"><span class='ocrx_word' id='word_1_159' title='bbox 289 3084 385 3148; x_wconf 89' lang='lat' dir='ltr'>citata</span> <span class='ocrx_word' id='word_1_160' title='bbox 407 3086 510 3149; x_wconf 82' lang='lat' dir='ltr'>virtus</span> <span class='ocrx_word' id='word_1_161' title='bbox 533 3085 573 3148; x_wconf 91' lang='lat' dir='ltr'>ad</span> <span class='ocrx_word' id='word_1_162' title='bbox 595 3086 711 3149; x_wconf 91' lang='lat' dir='ltr'>summi</span> <span class='ocrx_word' id='word_1_163' title='bbox 733 3085 795 3150; x_wconf 92' lang='lat' dir='ltr'>loci</span> <span class='ocrx_word' id='word_1_164' title='bbox 824 3087 950 3170; x_wconf 88' lang='lat' dir='ltr'>fastigia</span> <span class='ocrx_word' id='word_1_165' title='bbox 971 3106 1047 3150; x_wconf 91' lang='lat' dir='ltr'>suos</span> <span class='ocrx_word' id='word_1_166' title='bbox 1068 3085 1224 3170; x_wconf 81' lang='lat' dir='ltr'>provehat</span> <span class='ocrx_word' id='word_1_167' title='bbox 1245 3102 1454 3169; x_wconf 87' lang='lat' dir='ltr'>possessores,</span> <span class='ocrx_word' id='word_1_168' title='bbox 1487 3081 1689 3167; x_wconf 87' lang='lat' dir='ltr'>amplitudini</span> 
     </span>
     <span class='ocr_line' id='line_1_21' title="bbox 221 3185 1690 3273; baseline -0.002 -22"><span class='ocrx_word' id='word_1_169' title='bbox 221 3195 256 3250; x_wconf 82' lang='lat'>20</span> <span class='ocrx_word' id='word_1_170' title='bbox 291 3208 367 3272; x_wconf 89' lang='lat' dir='ltr'>ergo</span> <span class='ocrx_word' id='word_1_171' title='bbox 390 3209 497 3254; x_wconf 89' lang='lat' dir='ltr'>sacrae</span> <span class='ocrx_word' id='word_1_172' title='bbox 519 3191 624 3273; x_wconf 89' lang='lat' dir='ltr'>regiae</span> <span class='ocrx_word' id='word_1_173' title='bbox 647 3190 795 3273; x_wconf 87' lang='lat' dir='ltr'>congruit</span> <span class='ocrx_word' id='word_1_174' title='bbox 817 3191 980 3273; x_wconf 86' lang='lat' dir='ltr'>maiestati,</span> <span class='ocrx_word' id='word_1_175' title='bbox 1008 3190 1095 3254; x_wconf 82' lang='lat' dir='ltr'>viros</span> <span class='ocrx_word' id='word_1_176' title='bbox 1116 3188 1277 3253; x_wconf 88' lang='lat' dir='ltr'>fidelitatis</span> <span class='ocrx_word' id='word_1_177' title='bbox 1300 3187 1434 3273; x_wconf 90' lang='lat' dir='ltr'>dapibus</span> <span class='ocrx_word' id='word_1_178' title='bbox 1456 3185 1590 3250; x_wconf 84' lang='lat' dir='ltr'>reiectos</span> <span class='ocrx_word' id='word_1_179' title='bbox 1613 3203 1690 3249; x_wconf 88' lang='lat' dir='ltr'>suae</span> 
     </span>
     <span class='ocr_line' id='line_1_22' title="bbox 289 3290 1690 3373; baseline -0.003 -16"><span class='ocrx_word' id='word_1_180' title='bbox 289 3293 444 3358; x_wconf 86' lang='lat' dir='ltr'>extollere</span> <span class='ocrx_word' id='word_1_181' title='bbox 473 3292 709 3357; x_wconf 86' lang='lat' dir='ltr'>munificentiae</span> <span class='ocrx_word' id='word_1_182' title='bbox 739 3294 906 3358; x_wconf 84' lang='lat' dir='ltr'>donativis.</span> <span class='ocrx_word' id='word_1_183' title='bbox 951 3295 1091 3359; x_wconf 89' lang='lat' dir='ltr'>Proinde</span> <span class='ocrx_word' id='word_1_184' title='bbox 1113 3292 1153 3356; x_wconf 90' lang='lat' dir='ltr'>ad</span> <span class='ocrx_word' id='word_1_185' title='bbox 1183 3293 1408 3356; x_wconf 85' lang='lat' dir='ltr'>universorum</span> <span class='ocrx_word' id='word_1_186' title='bbox 1431 3290 1576 3354; x_wconf 87' lang='lat' dir='ltr'>notitiam</span> <span class='ocrx_word' id='word_1_187' title='bbox 1599 3309 1690 3373; x_wconf 86' lang='lat' dir='ltr'>prae-</span> 
     </span>
     <span class='ocr_line' id='line_1_23' title="bbox 289 3393 1690 3480; baseline -0.003 -20"><span class='ocrx_word' id='word_1_188' title='bbox 289 3398 428 3461; x_wconf 91' lang='lat' dir='ltr'>sentium</span> <span class='ocrx_word' id='word_1_189' title='bbox 451 3404 483 3461; x_wconf 88' lang='lat' dir='ltr'>et</span> <span class='ocrx_word' id='word_1_190' title='bbox 505 3398 688 3462; x_wconf 80' lang='lat' dir='ltr'>futurorum</span> <span class='ocrx_word' id='word_1_191' title='bbox 708 3398 820 3461; x_wconf 88' lang='lat' dir='ltr'>harum</span> <span class='ocrx_word' id='word_1_192' title='bbox 837 3399 918 3462; x_wconf 91' lang='lat' dir='ltr'>serie</span> <span class='ocrx_word' id='word_1_193' title='bbox 942 3399 1092 3462; x_wconf 82' lang='lat' dir='ltr'>volumus</span> <span class='ocrx_word' id='word_1_194' title='bbox 1107 3396 1284 3480; x_wconf 84' lang='lat' dir='ltr'>pervenire,</span> <span class='ocrx_word' id='word_1_195' title='bbox 1308 3394 1394 3477; x_wconf 92' lang='lat' dir='ltr'>quod</span> <span class='ocrx_word' id='word_1_196' title='bbox 1410 3395 1560 3477; x_wconf 85' lang='lat' dir='ltr'>magister</span> <span class='ocrx_word' id='word_1_197' title='bbox 1574 3393 1690 3457; x_wconf 85' lang='lat' dir='ltr'>Petrus</span> 
     </span>
     <span class='ocr_line' id='line_1_24' title="bbox 289 3498 1690 3581; baseline -0.002 -18"><span class='ocrx_word' id='word_1_198' title='bbox 289 3500 374 3563; x_wconf 90' lang='lat' dir='ltr'>filius</span> <span class='ocrx_word' id='word_1_199' title='bbox 397 3500 558 3564; x_wconf 85' lang='lat' dir='ltr'>Michaelis</span> <span class='ocrx_word' id='word_1_200' title='bbox 588 3502 721 3565; x_wconf 89' lang='lat' dir='ltr'>dilectus</span> <span class='ocrx_word' id='word_1_201' title='bbox 751 3507 784 3566; x_wconf 92' lang='lat' dir='ltr'>et</span> <span class='ocrx_word' id='word_1_202' title='bbox 812 3502 916 3565; x_wconf 91' lang='lat' dir='ltr'>fidelis</span> <span class='ocrx_word' id='word_1_203' title='bbox 938 3508 1047 3566; x_wconf 87' lang='lat' dir='ltr'>noster</span> <span class='ocrx_word' id='word_1_204' title='bbox 1069 3502 1107 3566; x_wconf 91' lang='lat' dir='ltr'>ad</span> <span class='ocrx_word' id='word_1_205' title='bbox 1139 3506 1281 3565; x_wconf 88' lang='lat' dir='ltr'>nostram</span> <span class='ocrx_word' id='word_1_206' title='bbox 1303 3498 1457 3563; x_wconf 88' lang='lat' dir='ltr'>accedens</span> <span class='ocrx_word' id='word_1_207' title='bbox 1478 3498 1690 3581; x_wconf 84' lang='lat' dir='ltr'>praesentiam</span> 
     </span>
     <span class='ocr_line' id='line_1_25' title="bbox 290 3603 1691 3689; baseline -0.004 -21"><span class='ocrx_word' id='word_1_208' title='bbox 290 3611 322 3668; x_wconf 90' lang='lat' dir='ltr'>et</span> <span class='ocrx_word' id='word_1_209' title='bbox 344 3624 420 3669; x_wconf 88' lang='lat' dir='ltr'>suae</span> <span class='ocrx_word' id='word_1_210' title='bbox 442 3604 603 3669; x_wconf 89' lang='lat' dir='ltr'>fidelitatis</span> <span class='ocrx_word' id='word_1_211' title='bbox 623 3607 752 3669; x_wconf 90' lang='lat' dir='ltr'>servitia</span> <span class='ocrx_word' id='word_1_212' title='bbox 766 3605 862 3669; x_wconf 91' lang='lat' dir='ltr'>laude</span> <span class='ocrx_word' id='word_1_213' title='bbox 877 3607 973 3689; x_wconf 90' lang='lat' dir='ltr'>digna</span> <span class='ocrx_word' id='word_1_214' title='bbox 994 3612 1122 3668; x_wconf 90' lang='lat' dir='ltr'>nostrae</span> <span class='ocrx_word' id='word_1_215' title='bbox 1146 3604 1302 3667; x_wconf 87' lang='lat' dir='ltr'>maiestati</span> <span class='ocrx_word' id='word_1_216' title='bbox 1317 3603 1461 3685; x_wconf 90' lang='lat' dir='ltr'>impensa</span> <span class='ocrx_word' id='word_1_217' title='bbox 1475 3619 1691 3664; x_wconf 90' lang='lat' dir='ltr'>rememorans</span> 
     </span>
     <span class='ocr_line' id='line_1_26' title="bbox 221 3704 1690 3792; baseline 0 -24"><span class='ocrx_word' id='word_1_218' title='bbox 221 3714 254 3768; x_wconf 75' lang='lat'>25</span> <span class='ocrx_word' id='word_1_219' title='bbox 291 3715 323 3772; x_wconf 89' lang='lat' dir='ltr'>et</span> <span class='ocrx_word' id='word_1_220' title='bbox 344 3728 510 3792; x_wconf 87' lang='lat' dir='ltr'>exponens</span> <span class='ocrx_word' id='word_1_221' title='bbox 533 3709 692 3791; x_wconf 90' lang='lat' dir='ltr'>quandam</span> <span class='ocrx_word' id='word_1_222' title='bbox 723 3716 840 3773; x_wconf 91' lang='lat' dir='ltr'>terram</span> <span class='ocrx_word' id='word_1_223' title='bbox 870 3715 1013 3773; x_wconf 91' lang='lat' dir='ltr'>nostram</span> <span class='ocrx_word' id='word_1_224' title='bbox 1034 3708 1185 3773; x_wconf 86' lang='lat' dir='ltr'>Solumus</span> <span class='ocrx_word' id='word_1_225' title='bbox 1207 3712 1351 3770; x_wconf 84' lang='lat' dir='ltr'>vocatam</span> <span class='ocrx_word' id='word_1_226' title='bbox 1379 3705 1512 3769; x_wconf 91' lang='lat' dir='ltr'>anobis</span> <span class='ocrx_word' id='word_1_227' title='bbox 1533 3724 1592 3788; x_wconf 90' lang='lat' dir='ltr'>pro</span> <span class='ocrx_word' id='word_1_228' title='bbox 1612 3704 1690 3768; x_wconf 91' lang='lat' dir='ltr'>fide-</span> 
     </span>
     <span class='ocr_line' id='line_1_27' title="bbox 290 3809 1690 3898; baseline -0.001 -25"><span class='ocrx_word' id='word_1_229' title='bbox 290 3810 375 3875; x_wconf 90' lang='lat' dir='ltr'>lihus</span> <span class='ocrx_word' id='word_1_230' title='bbox 397 3812 465 3879; x_wconf 89' lang='lat' dir='ltr'>suis</span> <span class='ocrx_word' id='word_1_231' title='bbox 488 3813 626 3877; x_wconf 83' lang='lat' dir='ltr'>servitiis</span> <span class='ocrx_word' id='word_1_232' title='bbox 655 3812 714 3876; x_wconf 92' lang='lat' dir='ltr'>sibi</span> <span class='ocrx_word' id='word_1_233' title='bbox 738 3814 805 3877; x_wconf 84' lang='grc' dir='ltr'>(1111Ι</span> <span class='ocrx_word' id='word_1_234' title='bbox 827 3814 1012 3898; x_wconf 86' lang='lat' dir='ltr'>postulavit.</span> <span class='ocrx_word' id='word_1_235' title='bbox 1049 3813 1170 3877; x_wconf 90' lang='lat' dir='ltr'>Verum</span> <span class='ocrx_word' id='word_1_236' title='bbox 1199 3811 1337 3893; x_wconf 91' lang='lat' dir='ltr'>quiade</span> <span class='ocrx_word' id='word_1_237' title='bbox 1360 3809 1512 3892; x_wconf 88' lang='lat' dir='ltr'>qualitate</span> <span class='ocrx_word' id='word_1_238' title='bbox 1534 3815 1567 3872; x_wconf 91' lang='lat' dir='ltr'>et</span> <span class='ocrx_word' id='word_1_239' title='bbox 1589 3827 1690 3889; x_wconf 92' lang='lat' dir='ltr'>quan-</span> 
     </span>
     <span class='ocr_line' id='line_1_28' title="bbox 292 3912 1691 4002; baseline -0.003 -23"><span class='ocrx_word' id='word_1_240' title='bbox 292 3915 381 3979; x_wconf 91' lang='lat' dir='ltr'>titate</span> <span class='ocrx_word' id='word_1_241' title='bbox 403 3916 504 3999; x_wconf 89' lang='lat' dir='ltr'>ipsius</span> <span class='ocrx_word' id='word_1_242' title='bbox 527 3923 629 3979; x_wconf 88' lang='lat' dir='ltr'>terrae</span> <span class='ocrx_word' id='word_1_243' title='bbox 645 3922 677 3979; x_wconf 92' lang='lat' dir='ltr'>et</span> <span class='ocrx_word' id='word_1_244' title='bbox 700 3922 806 3980; x_wconf 85' lang='lat' dir='ltr'>utrum</span> <span class='ocrx_word' id='word_1_245' title='bbox 831 3923 958 3981; x_wconf 89' lang='lat' dir='ltr'>nostrae</span> <span class='ocrx_word' id='word_1_246' title='bbox 980 3918 1138 4002; x_wconf 89' lang='lat' dir='ltr'>pertineat</span> <span class='ocrx_word' id='word_1_247' title='bbox 1159 3914 1319 3980; x_wconf 89' lang='lat' dir='ltr'>collationi</span> <span class='ocrx_word' id='word_1_248' title='bbox 1345 3932 1444 3977; x_wconf 91' lang='lat' dir='ltr'>necne</span> <span class='ocrx_word' id='word_1_249' title='bbox 1467 3912 1559 3975; x_wconf 90' lang='lat' dir='ltr'>nohis</span> <span class='ocrx_word' id='word_1_250' title='bbox 1574 3913 1691 3975; x_wconf 89' lang='lat' dir='ltr'>veritas</span> 
     </span>
     <span class='ocr_line' id='line_1_29' title="bbox 292 4015 1691 4099; baseline -0.003 -17"><span class='ocrx_word' id='word_1_251' title='bbox 292 4039 356 4082; x_wconf 94' lang='lat' dir='ltr'>non</span> <span class='ocrx_word' id='word_1_252' title='bbox 379 4019 551 4099; x_wconf 81' lang='lat' dir='ltr'>constabat,</span> <span class='ocrx_word' id='word_1_253' title='bbox 575 4021 752 4084; x_wconf 89' lang='lat' dir='ltr'>secundum</span> <span class='ocrx_word' id='word_1_254' title='bbox 767 4021 883 4084; x_wconf 91' lang='lat' dir='ltr'>bonam</span> <span class='ocrx_word' id='word_1_255' title='bbox 900 4019 1164 4083; x_wconf 89' lang='lat' dir='ltr'>consuetudinem</span> <span class='ocrx_word' id='word_1_256' title='bbox 1188 4019 1278 4099; x_wconf 86' lang='lat' dir='ltr'>regni</span> <span class='ocrx_word' id='word_1_257' title='bbox 1294 4018 1394 4080; x_wconf 91' lang='lat' dir='ltr'>nostri</span> <span class='ocrx_word' id='word_1_258' title='bbox 1408 4015 1558 4080; x_wconf 89' lang='lat' dir='ltr'>fidelibus</span> <span class='ocrx_word' id='word_1_259' title='bbox 1573 4017 1691 4079; x_wconf 90' lang='lat' dir='ltr'>nostris</span> 
     </span>
     <span class='ocr_line' id='line_1_30' title="bbox 290 4119 1691 4207; baseline -0.004 -20"><span class='ocrx_word' id='word_1_260' title='bbox 290 4124 428 4207; x_wconf 88' lang='lat' dir='ltr'>capitulo</span> <span class='ocrx_word' id='word_1_261' title='bbox 451 4123 602 4188; x_wconf 87' lang='lat' dir='ltr'>ecclesiae</span> <span class='ocrx_word' id='word_1_262' title='bbox 629 4124 713 4188; x_wconf 88' lang='lat' dir='ltr'>heafi</span> <span class='ocrx_word' id='word_1_263' title='bbox 736 4124 898 4188; x_wconf 86' lang='lat' dir='ltr'>Michaelis</span> <span class='ocrx_word' id='word_1_264' title='bbox 921 4123 1101 4206; x_wconf 86' lang='lat' dir='ltr'>archangeli</span> <span class='ocrx_word' id='word_1_265' title='bbox 1121 4121 1347 4185; x_wconf 84' lang='lat' dir='ltr'>Transiluanae</span> <span class='ocrx_word' id='word_1_266' title='bbox 1374 4120 1473 4183; x_wconf 90' lang='lat' dir='ltr'>literis</span> <span class='ocrx_word' id='word_1_267' title='bbox 1495 4120 1613 4182; x_wconf 90' lang='lat' dir='ltr'>nestris</span> <span class='ocrx_word' id='word_1_268' title='bbox 1636 4119 1691 4182; x_wconf 91' lang='lat' dir='ltr'>de-</span> 
     </span>
     <span class='ocr_line' id='line_1_31' title="bbox 221 4220 1689 4312; baseline -0.003 -22"><span class='ocrx_word' id='word_1_269' title='bbox 221 4235 255 4289; x_wconf 80' lang='grc'><em>30</em></span> <span class='ocrx_word' id='word_1_270' title='bbox 291 4227 395 4291; x_wconf 89' lang='lat' dir='ltr'>dimus</span> <span class='ocrx_word' id='word_1_271' title='bbox 422 4228 459 4290; x_wconf 88' lang='lat' dir='ltr'>in</span> <span class='ocrx_word' id='word_1_272' title='bbox 488 4228 653 4308; x_wconf 86' lang='lat' dir='ltr'>mandatis,</span> <span class='ocrx_word' id='word_1_273' title='bbox 684 4234 721 4292; x_wconf 91' lang='lat' dir='ltr'>ut</span> <span class='ocrx_word' id='word_1_274' title='bbox 742 4230 802 4312; x_wconf 91' lang='lat' dir='ltr'>ipsi</span> <span class='ocrx_word' id='word_1_275' title='bbox 825 4248 920 4292; x_wconf 89' lang='lat' dir='ltr'>suum</span> <span class='ocrx_word' id='word_1_276' title='bbox 943 4226 1097 4289; x_wconf 91' lang='lat' dir='ltr'>mittendo</span> <span class='ocrx_word' id='word_1_277' title='bbox 1120 4245 1177 4308; x_wconf 91' lang='lat' dir='ltr'>pro</span> <span class='ocrx_word' id='word_1_278' title='bbox 1201 4224 1382 4287; x_wconf 86' lang='lat' dir='ltr'>testimonio</span> <span class='ocrx_word' id='word_1_279' title='bbox 1414 4220 1603 4299; x_wconf 79' lang='lat' dir='ltr'>honrincm1)</span> <span class='ocrx_word' id='word_1_280' title='bbox 1625 4222 1689 4285; x_wconf 94' lang='lat' dir='ltr'>fide</span> 
     </span>
     <span class='ocr_line' id='line_1_32' title="bbox 291 4329 1690 4416; baseline -0.004 -22"><span class='ocrx_word' id='word_1_281' title='bbox 291 4330 423 4413; x_wconf 90' lang='lat' dir='ltr'>dignum</span> <span class='ocrx_word' id='word_1_282' title='bbox 445 4351 518 4394; x_wconf 90' lang='lat' dir='ltr'>cum</span> <span class='ocrx_word' id='word_1_283' title='bbox 544 4333 691 4416; x_wconf 88' lang='lat' dir='ltr'>magistro</span> <span class='ocrx_word' id='word_1_284' title='bbox 706 4333 825 4396; x_wconf 84' lang='lat' dir='ltr'>Thema</span> <span class='ocrx_word' id='word_1_285' title='bbox 847 4332 911 4395; x_wconf 93' lang='lat' dir='ltr'>filio</span> <span class='ocrx_word' id='word_1_286' title='bbox 928 4330 1055 4411; x_wconf 75' lang='lat' dir='ltr'>Mycola</span> <span class='ocrx_word' id='word_1_287' title='bbox 1074 4329 1204 4391; x_wconf 89' lang='lat' dir='ltr'>homine</span> <span class='ocrx_word' id='word_1_288' title='bbox 1220 4334 1329 4392; x_wconf 90' lang='lat' dir='ltr'>nostro</span> <span class='ocrx_word' id='word_1_289' title='bbox 1352 4332 1558 4391; x_wconf 86' lang='lat' dir='ltr'>memoratam</span> <span class='ocrx_word' id='word_1_290' title='bbox 1573 4332 1690 4390; x_wconf 90' lang='lat' dir='ltr'>terram</span> 
     </span>
     <span class='ocr_line' id='line_1_33' title="bbox 289 4431 1689 4516; baseline -0.003 -19"><span class='ocrx_word' id='word_1_291' title='bbox 289 4436 473 4499; x_wconf 91' lang='lat' dir='ltr'>convocatis</span> <span class='ocrx_word' id='word_1_292' title='bbox 502 4438 729 4500; x_wconf 88' lang='lat' dir='ltr'>commetaneis</span> <span class='ocrx_word' id='word_1_293' title='bbox 758 4442 790 4500; x_wconf 91' lang='lat' dir='ltr'>et</span> <span class='ocrx_word' id='word_1_294' title='bbox 812 4435 926 4497; x_wconf 89' lang='lat' dir='ltr'>vicinis</span> <span class='ocrx_word' id='word_1_295' title='bbox 954 4434 1064 4516; x_wconf 89' lang='lat' dir='ltr'>ipsius,</span> <span class='ocrx_word' id='word_1_296' title='bbox 1094 4433 1187 4495; x_wconf 83' lang='lat' dir='ltr'>iuxta</span> <span class='ocrx_word' id='word_1_297' title='bbox 1209 4435 1333 4495; x_wconf 84' lang='lat' dir='ltr'>veteres</span> <span class='ocrx_word' id='word_1_298' title='bbox 1364 4437 1464 4494; x_wconf 85' lang='lat' dir='ltr'>metas</span> <span class='ocrx_word' id='word_1_299' title='bbox 1486 4437 1519 4493; x_wconf 91' lang='lat' dir='ltr'>et</span> <span class='ocrx_word' id='word_1_300' title='bbox 1540 4431 1689 4512; x_wconf 88' lang='lat' dir='ltr'>antiquas</span> 
     </span>
     <span class='ocr_line' id='line_1_34' title="bbox 291 4532 1691 4620; baseline -0.004 -18"><span class='ocrx_word' id='word_1_301' title='bbox 291 4537 529 4620; x_wconf 89' lang='lat' dir='ltr'>reambulando,</span> <span class='ocrx_word' id='word_1_302' title='bbox 552 4540 579 4602; x_wconf 91' lang='lat' dir='ltr'>si</span> <span class='ocrx_word' id='word_1_303' title='bbox 602 4546 729 4603; x_wconf 89' lang='lat' dir='ltr'>nostrae</span> <span class='ocrx_word' id='word_1_304' title='bbox 751 4540 934 4603; x_wconf 87' lang='lat' dir='ltr'>invenirent</span> <span class='ocrx_word' id='word_1_305' title='bbox 953 4536 1113 4601; x_wconf 89' lang='lat' dir='ltr'>coMationi</span> <span class='ocrx_word' id='word_1_306' title='bbox 1129 4536 1288 4618; x_wconf 87' lang='lat' dir='ltr'>pertinere</span> <span class='ocrx_word' id='word_1_307' title='bbox 1311 4540 1343 4598; x_wconf 91' lang='lat' dir='ltr'>et</span> <span class='ocrx_word' id='word_1_308' title='bbox 1365 4554 1431 4598; x_wconf 91' lang='lat' dir='ltr'>non</span> <span class='ocrx_word' id='word_1_309' title='bbox 1452 4532 1544 4598; x_wconf 88' lang='lat' dir='ltr'>fieret</span> <span class='ocrx_word' id='word_1_310' title='bbox 1564 4539 1691 4597; x_wconf 91' lang='lat' dir='ltr'>contra-</span> 
     </span>
     <span class='ocr_line' id='line_1_35' title="bbox 291 4636 1691 4726; baseline -0.005 -21"><span class='ocrx_word' id='word_1_311' title='bbox 291 4641 395 4725; x_wconf 86' lang='lat' dir='ltr'>dictio,</span> <span class='ocrx_word' id='word_1_312' title='bbox 418 4643 521 4707; x_wconf 91' lang='lat' dir='ltr'>eidem</span> <span class='ocrx_word' id='word_1_313' title='bbox 544 4644 694 4726; x_wconf 87' lang='lat' dir='ltr'>magistro</span> <span class='ocrx_word' id='word_1_314' title='bbox 717 4642 813 4706; x_wconf 87' lang='lat' dir='ltr'>Petro</span> <span class='ocrx_word' id='word_1_315' title='bbox 838 4647 1015 4705; x_wconf 87' lang='lat' dir='ltr'>statuerent</span> <span class='ocrx_word' id='word_1_316' title='bbox 1036 4645 1191 4724; x_wconf 91' lang='lat' dir='ltr'>perpetuo</span> <span class='ocrx_word' id='word_1_317' title='bbox 1213 4637 1445 4721; x_wconf 89' lang='lat' dir='ltr'>possidendam.</span> <span class='ocrx_word' id='word_1_318' title='bbox 1477 4636 1539 4714; x_wconf 79' lang='lat' dir='ltr'>Qui</span> <span class='ocrx_word' id='word_1_319' title='bbox 1562 4637 1691 4719; x_wconf 89' lang='lat' dir='ltr'>quidem</span> 
     </span>
     <span class='ocr_line' id='line_1_36' title="bbox 222 4740 1691 4829; baseline -0.003 -22"><span class='ocrx_word' id='word_1_320' title='bbox 222 4754 256 4808; x_wconf 76' lang='lat'>35</span> <span class='ocrx_word' id='word_1_321' title='bbox 291 4744 401 4810; x_wconf 89' lang='lat' dir='ltr'>fideles</span> <span class='ocrx_word' id='word_1_322' title='bbox 417 4747 517 4810; x_wconf 89' lang='lat' dir='ltr'>nostri</span> <span class='ocrx_word' id='word_1_323' title='bbox 540 4747 715 4829; x_wconf 89' lang='lat' dir='ltr'>capitulum</span> <span class='ocrx_word' id='word_1_324' title='bbox 738 4747 889 4810; x_wconf 88' lang='lat' dir='ltr'>ecclesiae</span> <span class='ocrx_word' id='word_1_325' title='bbox 910 4745 996 4808; x_wconf 89' lang='lat' dir='ltr'>beati</span> <span class='ocrx_word' id='word_1_326' title='bbox 1017 4742 1180 4807; x_wconf 89' lang='lat' dir='ltr'>Michaelis</span> <span class='ocrx_word' id='word_1_327' title='bbox 1194 4741 1419 4805; x_wconf 82' lang='lat' dir='ltr'>Transiluanae</span> <span class='ocrx_word' id='word_1_328' title='bbox 1442 4740 1535 4804; x_wconf 89' lang='lat' dir='ltr'>nobis</span> <span class='ocrx_word' id='word_1_329' title='bbox 1557 4740 1691 4823; x_wconf 91' lang='lat' dir='ltr'>rescrip-</span> 
     </span>
     <span class='ocr_line' id='line_1_37' title="bbox 290 4840 1691 4933; baseline -0.005 -21"><span class='ocrx_word' id='word_1_330' title='bbox 290 4855 403 4912; x_wconf 88' lang='lat' dir='ltr'>serunt</span> <span class='ocrx_word' id='word_1_331' title='bbox 431 4851 466 4912; x_wconf 91' lang='lat' dir='ltr'>in</span> <span class='ocrx_word' id='word_1_332' title='bbox 496 4850 573 4914; x_wconf 89' lang='lat' dir='ltr'>haec</span> <span class='ocrx_word' id='word_1_333' title='bbox 604 4850 710 4914; x_wconf 84' lang='lat' dir='ltr'>verba</span> <span class='ocrx_word' id='word_1_334' title='bbox 754 4848 859 4933; x_wconf 65' lang='lat' dir='ltr'>(rope</span> <span class='ocrx_word' id='word_1_335' title='bbox 880 4848 929 4911; x_wconf 81' lang='lat' dir='ltr'>dic</span> <span class='ocrx_word' id='word_1_336' title='bbox 959 4846 1105 4912; x_wconf 76' lang='lat' dir='ltr'>Urlctmdc</span> <span class='ocrx_word' id='word_1_337' title='bbox 1130 4846 1182 4909; x_wconf 69' lang='lat' dir='ltr'>dae</span> <span class='ocrx_word' id='word_1_338' title='bbox 1210 4845 1451 4927; x_wconf 73' lang='lat' dir='ltr'>Wciaambarper</span> <span class='ocrx_word' id='word_1_339' title='bbox 1473 4840 1615 4927; x_wconf 81' lang='lat' dir='ltr'>Kapitcla</span> <span class='ocrx_word' id='word_1_340' title='bbox 1635 4863 1691 4906; x_wconf 83' lang='lat' dir='ltr'>con</span> 
     </span>
     <span class='ocr_line' id='line_1_38' title="bbox 290 4945 1692 5036; baseline -0.002 -22"><span class='ocrx_word' id='word_1_341' title='bbox 290 4952 373 5016; x_wconf 89' lang='grc'><em>1318</em></span> <span class='ocrx_word' id='word_1_342' title='bbox 394 4951 453 5018; x_wconf 87' lang='lat' dir='ltr'>Nr.</span> <span class='ocrx_word' id='word_1_343' title='bbox 477 4954 540 5017; x_wconf 83' lang='lat'>361</span> <span class='ocrx_word' id='word_1_344' title='bbox 566 4955 622 5017; x_wconf 79' lang='lat' dir='ltr'>mit</span> <span class='ocrx_word' id='word_1_345' title='bbox 650 4953 706 5017; x_wconf 78' lang='lat' dir='ltr'>dar</span> <span class='ocrx_word' id='word_1_346' title='bbox 736 4950 882 5018; x_wconf 81' lang='lat' dir='ltr'>Urlandc</span> <span class='ocrx_word' id='word_1_347' title='bbox 904 4952 955 5016; x_wconf 77' lang='lat' dir='ltr'>des</span> <span class='ocrx_word' id='word_1_348' title='bbox 976 4949 1201 5036; x_wconf 66' lang='grc'><em>1111911111</em></span> <span class='ocrx_word' id='word_1_349' title='bbox 1228 4971 1285 5014; x_wconf 81' lang='lat' dir='ltr'>voc</span> <span class='ocrx_word' id='word_1_350' title='bbox 1306 4950 1390 5013; x_wconf 87' lang='grc'><em>1318</em></span> <span class='ocrx_word' id='word_1_351' title='bbox 1410 4945 1469 5011; x_wconf 87' lang='lat' dir='ltr'>Nr.</span> <span class='ocrx_word' id='word_1_352' title='bbox 1493 4947 1589 5028; x_wconf 85' lang='lat'><em>357.)</em></span> <span class='ocrx_word' id='word_1_353' title='bbox 1624 4946 1692 5011; x_wconf 87' lang='lat' dir='ltr'>Nos</span> 
     </span>
     <span class='ocr_line' id='line_1_39' title="bbox 290 5052 1691 5142; baseline -0.003 -24"><span class='ocrx_word' id='word_1_354' title='bbox 290 5056 400 5138; x_wconf 90' lang='lat' dir='ltr'>itaque</span> <span class='ocrx_word' id='word_1_355' title='bbox 422 5076 464 5121; x_wconf 81' lang='grc'>61</span> <span class='ocrx_word' id='word_1_356' title='bbox 487 5057 671 5122; x_wconf 90' lang='lat' dir='ltr'>huiusmodi</span> <span class='ocrx_word' id='word_1_357' title='bbox 692 5058 843 5142; x_wconf 88' lang='lat' dir='ltr'>praedicti</span> <span class='ocrx_word' id='word_1_358' title='bbox 866 5057 996 5141; x_wconf 91' lang='lat' dir='ltr'>capituli</span> <span class='ocrx_word' id='word_1_359' title='bbox 1016 5056 1167 5121; x_wconf 89' lang='lat' dir='ltr'>ecclesiae</span> <span class='ocrx_word' id='word_1_360' title='bbox 1189 5054 1273 5119; x_wconf 89' lang='lat' dir='ltr'>beati</span> <span class='ocrx_word' id='word_1_361' title='bbox 1288 5052 1450 5118; x_wconf 88' lang='lat' dir='ltr'>Michaelis</span> <span class='ocrx_word' id='word_1_362' title='bbox 1464 5052 1691 5116; x_wconf 82' lang='lat' dir='ltr'>lhansiluanae</span> 
     </span>
     <span class='ocr_line' id='line_1_40' title="bbox 289 5155 1692 5244; baseline -0.004 -19"><span class='ocrx_word' id='word_1_363' title='bbox 289 5160 431 5227; x_wconf 90' lang='lat' dir='ltr'>fidelium</span> <span class='ocrx_word' id='word_1_364' title='bbox 454 5170 637 5228; x_wconf 90' lang='lat' dir='ltr'>nostrorum</span> <span class='ocrx_word' id='word_1_365' title='bbox 659 5162 812 5227; x_wconf 89' lang='lat' dir='ltr'>relatione</span> <span class='ocrx_word' id='word_1_366' title='bbox 835 5164 953 5228; x_wconf 88' lang='lat' dir='ltr'>certius</span> <span class='ocrx_word' id='word_1_367' title='bbox 980 5161 1142 5225; x_wconf 78' lang='lat' dir='ltr'>informati</span> <span class='ocrx_word' id='word_1_368' title='bbox 1164 5158 1357 5244; x_wconf 87' lang='lat' dir='ltr'>praedictam</span> <span class='ocrx_word' id='word_1_369' title='bbox 1365 5155 1388 5237; x_wconf 80' lang='lat'>¹)</span> <span class='ocrx_word' id='word_1_370' title='bbox 1411 5162 1526 5222; x_wconf 89' lang='lat' dir='ltr'>terram</span> <span class='ocrx_word' id='word_1_371' title='bbox 1550 5162 1692 5220; x_wconf 90' lang='lat' dir='ltr'>nostram</span> 
     </span>
     <span class='ocr_line' id='line_1_41' title="bbox 221 5261 1692 5348; baseline -0.001 -20"><span class='ocrx_word' id='word_1_372' title='bbox 221 5273 257 5328; x_wconf 80' lang='lat'>40</span> <span class='ocrx_word' id='word_1_373' title='bbox 291 5264 442 5330; x_wconf 86' lang='lat' dir='ltr'>Solumus</span> <span class='ocrx_word' id='word_1_374' title='bbox 471 5268 512 5330; x_wconf 90' lang='lat' dir='ltr'>ad</span> <span class='ocrx_word' id='word_1_375' title='bbox 541 5273 685 5331; x_wconf 92' lang='lat' dir='ltr'>nostram</span> <span class='ocrx_word' id='word_1_376' title='bbox 713 5267 914 5331; x_wconf 88' lang='lat' dir='ltr'>collationem</span> <span class='ocrx_word' id='word_1_377' title='bbox 943 5266 1102 5348; x_wconf 90' lang='lat' dir='ltr'>pertinere</span> <span class='ocrx_word' id='word_1_378' title='bbox 1125 5268 1361 5347; x_wconf 81' lang='lat' dir='ltr'>cognoscentes,</span> <span class='ocrx_word' id='word_1_379' title='bbox 1390 5261 1547 5326; x_wconf 86' lang='lat' dir='ltr'>revocatis</span> <span class='ocrx_word' id='word_1_380' title='bbox 1568 5261 1603 5324; x_wconf 91' lang='lat' dir='ltr'>in</span> <span class='ocrx_word' id='word_1_381' title='bbox 1625 5278 1692 5326; x_wconf 90' lang='lat' dir='ltr'>me·</span> 
     </span>
     <span class='ocr_line' id='line_1_42' title="bbox 448 5403 749 5487; baseline -0.007 -29"><span class='ocrx_word' id='word_1_382' title='bbox 448 5403 469 5471; x_wconf 85' lang='lat'>¹)</span> <span class='ocrx_word' id='word_1_383' title='bbox 486 5403 628 5471; x_wconf 71' lang='lat' dir='ltr'>Hicroaf:</span> <span class='ocrx_word' id='word_1_384' title='bbox 649 5419 749 5487; x_wconf 75' lang='lat' dir='ltr'>aarum.</span> 
     </span>
     <span class='ocr_line' id='line_1_43' title="bbox 446 5489 776 5561; baseline 0.006 -16"><span class='ocrx_word' id='word_1_385' title='bbox 446 5491 468 5557; x_wconf 88' lang='lat'>¹)</span> <span class='ocrx_word' id='word_1_386' title='bbox 490 5489 625 5561; x_wconf 64' lang='lat' dir='ltr'>Vortape:</span> <span class='ocrx_word' id='word_1_387' title='bbox 642 5491 776 5547; x_wconf 84' lang='lat' dir='ltr'>redictanr.</span> 
     </span>
     <span class='ocr_line' id='line_1_44' title="bbox 395 5588 1589 5657; baseline -0.007 -1"><span class='ocrx_word' id='word_1_388' title='bbox 395 5609 587 5657; x_wconf 68' lang='lat' dir='ltr'>camaena.</span> <span class='ocrx_word' id='word_1_389' title='bbox 1555 5588 1589 5648; x_wconf 74' lang='lat'>22</span> 
     </span>
    </p>
   </div>
   <div class='ocr_carea' id='block_1_7' title="bbox 0 0 2064 6292">
    <p class='ocr_par' dir='ltr' id='par_1_8' title="bbox 0 0 2064 6292">
     <span class='ocr_line' id='line_1_45' title="bbox 0 0 2064 6292; baseline 0 0"><span class='ocrx_word' id='word_1_390' title='bbox 0 0 2064 6292; x_wconf 95' lang='lat' dir='ltr'> </span> 
     </span>
    </p>
   </div>
  </div>
 </body>
</html>
