4106 6294
993 584 1148 678 —25—2—

368 770 583 853 promittimus
605 772 763 853 cmnibns,
785 792 923 854 quorum
943 773 1076 836 interest
1097 773 1136 836 de
1160 773 1276 836 iudicio
1300 774 1377 854 sisti,
1400 782 1432 837 et
1454 773 1592 837 iudicato
1615 773 1769 838 solvendo

367 874 400 936 in
433 894 560 937 omnem
590 895 680 938 snam
711 876 886 940 clausulam
909 875 968 939 sub
992 876 1183 958 obligatione
1207 877 1362 940 bonorum
1394 882 1576 941 nostrorum
1608 884 1640 941 et
1670 878 1769 941 ecele-

369 979 487 1042 siarum
518 984 707 1042 nostrarum.
752 980 789 1043 ln
820 981 913 1044 cuins
940 982 1147 1063 procuratorii
1179 980 1369 1044 evidentiam
1401 1002 1474 1044 cum
1505 981 1608 1064 sigillo
1640 982 1768 1065 provin-

368 1082 495 1147 cialium
512 1083 596 1147 sedis
613 1083 850 1147 Oibiniensiset
865 1084 967 1167 sigillo
984 1091 1163 1149 conventus
1182 1086 1245 1148 frat
1232 1089 1317 1148 trum
1333 1084 1498 1148 Praedicat
1486 1091 1590 1149 torum
1608 1085 1768 1149 Oibinien·

370 1187 453 1249 sium
467 1206 592 1250 necnon
617 1187 791 1291 sigillorum
816 1195 998 1252 nostrorum
1022 1190 1197 1253 munimine
1219 1190 1398 1272 praeseutia
1413 1189 1566 1253 duximus
1580 1189 1767 1252 roboranda
1803 1199 1819 1251 5

368 1289 487 1355 Datum
509 1311 593 1355 anno
616 1292 736 1355 domiui
759 1270 800 1355 M.
823 1292 1005 1356 CCCVIIII.
1024 1292 1141 1372 XIHI.
1163 1291 1324 1356 Kalendas
1345 1293 1459 1356 Martu
1465 1294 1485 1370 ¹)

199 1398 331 1452 Exhibitio
524 1394 584 1459 Die
598 1396 692 1460 Jouis
714 1374 786 1459 XM.
810 1395 893 1469 Maii
920 1396 1022 1459 dictae
1037 1395 1108 1458 VH
1130 1344 1313 1459 indictionis
1328 1397 1610 1480 comparentibus'
1603 1416 1636 1459 m
1652 1397 1768 1460 iudicio

187 1476 342 1623 lffidfflsso
369 1517 475 1560 coram
499 1498 563 1561 dict
550 1506 582 1561 to
599 1499 727 1564 domino
743 1501 832 1565 audit
820 1506 887 1564 tore
902 1500 1072 1583 praedictis
1086 1505 1237 1584 procurat
1224 1500 1400 1564 toribust
1363 1521 1384 1564 ιι
1387 1502 1531 1583 triusque
1546 1501 1645 1584 partis
1665 1501 1730 1565 dict
1716 1508 1769 1565 tus

196 1571 338 1687 cleneislM
370 1602 518 1667 dominus
533 1602 704 1668 Bertoldus
726 1612 841 1668 suoet
856 1624 975 1685 eorum,
999 1624 1136 1686 quorum
1153 1611 1302 1686 procurat
1303 1624 1339 1666 or
1354 1612 1411 1683 est
1435 1625 1563 1668 nomme
1572 1605 1593 1682 ²)
1616 1605 1770 1688 produxit

202 1712 331 1766 ternrinus
369 1712 402 1770 et
389 1707 599 1771 texhibuit
590 1728 625 1771 ιιι
641 1709 757 1771 iudicio
774 1709 811 1772 lit
798 1715 881 1772 teras
896 1709 1136 1790 infrascriptae
1158 1727 1232 1770 cum
1256 1726 1328 1771 cera
1343 1708 1414 1771 alba
1429 1709 1580 1791 sigillatas
1602 1729 1621 1772 a
1643 1710 1767 1792 tergo³l
1805 1718 1838 1771 10

192 1805 338 1845 ⁰⁰¹¹¹¹¹¹¹²¹¹¹⁸
371 1829 451 1891 quas
474 1812 601 1893 quidem
626 1812 663 1875 lit
650 1820 734 1876 teras
757 1813 821 1876 dict
809 1818 860 1877 tus
883 1812 1033 1894 magister
1055 1812 1221 1895 Philippus
1247 1818 1397 1895 procurat
1398 1833 1434 1876 or
1384 1814 1610 1877 tsubstitut
1597 1819 1650 1877 tus
1671 1816 1770 1897 partis

187 1870 220 1922 ad
235 1868 341 1923 interlo-

193 1950 335 2016 quendum
368 1914 520 1979 adversae
550 1916 675 1980 dicebat
662 1917 947 2001 trecipiendaset
934 1917 1185 1980 tadmittendas
1212 1936 1277 1980 nou
1301 1936 1379 1998 esse
1410 1937 1484 1980 eum
1507 1937 1572 1980 non
1594 1918 1659 1982 siut
1687 1919 1770 1982 intra

369 2019 456 2083 debit
443 2029 511 2083 tum
535 2027 660 2104 tempus
682 2021 865 2106 productae,
888 2026 920 2085 θι
942 2040 985 2084 ex
1007 2020 1141 2083 adverso
1164 2020 1328 2085 dicebatur
1350 2022 1553 2085 contrarium.
1587 2023 1682 2087 Unde
1704 2030 1768 2087 tam

369 2142 466 2206 super
495 2124 632 2187 literis
624 2126 702 2208 ipsis
729 2126 919 2209 recipiendis
950 2125 1000 2189 vel
1033 2144 1107 2205 uon,
1138 2142 1234 2206 quam
1257 2144 1354 2208 super
1383 2125 1492 2189 multis
1514 2125 1592 2207 aliis,
1623 2128 1770 2191 dictiset

369 2226 511 2310 allegatis
535 2229 608 2292 lrinc
638 2229 712 2292 inde
741 2249 798 2312 per
820 2230 991 2293 advocatos
1022 2234 1054 2293 et
1079 2236 1300 2311 procuratores
1330 2230 1500 2311 utriusque
1530 2231 1628 2313 partis
1650 2230 1770 2294 scilicet
1805 2240 1837 2293 15

369 2350 466 2414 super
495 2332 721 2415 impedimento
744 2334 914 2416 praedicto,
945 2334 1048 2396 dietus
1075 2333 1224 2396 dominus
1246 2332 1372 2397 auditor
1394 2334 1568 2417 assignavit
1597 2334 1768 2398 terminum

369 2436 538 2517 utriusque
560 2437 658 2519 partis
680 2437 940 2521 procuratoribus
954 2437 1136 2499 memoratis
1159 2436 1198 2499 ad
1222 2437 1305 2500 diem
1324 2437 1433 2501 Sabati
1454 2438 1599 2521 proxime
1622 2438 1768 2502 futurum

368 2538 407 2601 ad
431 2538 621 2603 audiendam
644 2541 916 2605 interlocutoriam
944 2561 1041 2624 super
1062 2542 1231 2624 praedictis
1253 2547 1285 2604 et
1313 2541 1390 2604 alias
1412 2542 1452 2604 ad
1475 2542 1712 2624 procedendum
1734 2543 1768 2604 in

369 2644 454 2706 dicta
475 2663 579 2725 causa,
603 2652 639 2709 ut
662 2645 701 2708 de
724 2647 794 2709 iure
817 2646 921 2708 tuerit.
943 2645 1047 2708 'l'enor
1068 2665 1145 2708 vero
1169 2644 1326 2708 dictarum
1348 2645 1512 2708 literarum
1535 2645 1607 2709 talis
1629 2651 1685 2710 est

221 2758 325 2813 Literae
524 2748 592 2811 Nos
608 2748 793 2830 Gobolinus
816 2749 967 2813 Nicolaus
990 2750 1121 2812 comites
1143 2749 1227 2812 sedis
1243 2748 1445 2829 Cybiniensis
1464 2755 1561 2831 atque
1577 2750 1768 2814 universitas
1803 2758 1838 2810 20

250 2853 304 2926 1³3⁰,
369 2852 511 2915 eiusdem
541 2852 653 2915 harum
684 2855 765 2917 serie
794 2853 958 2917 literarum
989 2853 1254 2936 recognoscimus,
1290 2852 1407 2934 quibus
1441 2854 1571 2936 expedit
1600 2854 1768 2934 universis,

218 2915 327 2969 dem
368 2955 401 3017 in
432 2956 553 3019 animas
576 2960 701 3019 nostras
724 2961 943 3039 protestantes
973 2956 1058 3037 quod
1089 2976 1146 3040 pro
1172 2956 1319 3040 capitulis
1349 2957 1497 3021 videficet
1526 2957 1565 3021 de
1588 2957 1699 3039 Sebus,
1729 2958 1768 3022 de

367 3058 467 3141 Kozd‚
497 3061 536 3124 de
560 3059 662 3142 Kyzd,
693 3061 732 3124 de
754 3060 879 3143 Spring,
910 3060 949 3123 de
979 3061 1089 3123 maiori
1112 3060 1267 3143 Kukullu‚
1299 3061 1338 3124 de
1361 3060 1475 3125 minori
1498 3060 1644 3125 Kukullu
1674 3067 1706 3125 θι
1729 3062 1768 3127 de

367 3162 460 3226 Crind
481 3164 590 3228 literas
613 3165 856 3248 provincialium
878 3184 935 3248 per
958 3165 1122 3227 dondnum
1137 3163 1330 3228 Reinherum
1354 3165 1524 3248 plebanum
1549 3166 1588 3229 de
1611 3166 1766 3249 superiori

368 3267 511 3350 Apoldia,
541 3287 666 3331 necnon
690 3270 854 3332 dominum
869 3268 1045 3333 Nicolaum
1075 3269 1245 3353 plebanum
1276 3270 1315 3332 de
1337 3268 1636 3332 Lanchnrukindorf
1665 3278 1767 3333 trans
1803 3276 1837 3332 25

368 3371 512 3434 misimus
526 3371 643 3435 illustri
657 3372 792 3456 principi
808 3372 936 3435 domino
953 3372 1120 3437 Ladislavo
1136 3373 1291 3437 vaivodae
1306 3373 1539 3451 Transsiluana
1555 3393 1628 3437 cum
1643 3394 1767 3437 summo

367 3476 473 3540 studio
489 3477 703 3559 exhortantes,
721 3484 880 3559 qnatenus
896 3477 1014 3541 eisdem
1030 3498 1127 3541 eausa
1141 3477 1280 3541 iustitiae
1296 3482 1328 3540 et
1342 3483 1524 3540 nostrorum
1541 3476 1769 3559 obsequiorum

367 3580 537 3644 transitum
553 3581 741 3645 concederet
762 3601 819 3664 per
835 3581 884 3644 sni
908 3581 1015 3645 iudicii
1035 3581 1223 3662 districtum,
1247 3581 1323 3663 quia
1345 3581 1433 3644 citati
1447 3586 1570 3645 starent
1584 3582 1768 3665 responsuri

367 3704 474 3747 coram
504 3685 678 3749 venerabili
708 3685 836 3749 domino
870 3685 972 3769 legato
1003 3685 1100 3748 fratre
1130 3684 1247 3748 Gentili
1281 3684 1320 3747 ad
1351 3685 1533 3748 instantiam
1565 3685 1767 3750 dominorum

367 3789 594 3852 canonicorom
617 3789 767 3853 ecclesiae
786 3790 935 3853 Albensis
949 3788 1200 3869 Transsiluanae‚
1224 3788 1311 3870 quod
1329 3788 1478 3872 precibus
1492 3790 1609 3854 nostris
1631 3789 1769 3855 finaliter
1803 3799 1838 3853 30

368 3893 545 3976 denegarit,
575 3894 637 3957 nisi
666 3894 798 3957 forsitan
821 3899 982 3957 cessarent
1004 3893 1164 3976 praedicta
1194 3892 1333 3976 capitula
1354 3892 1394 3955 de
1421 3892 1640 3977 appellatione,
1671 3914 1767 3976 quam

367 3996 407 4059 ad
428 3997 551 4060 curiam
572 3997 748 4061 Romanam
770 3998 915 4062 fecerunt
941 3997 1104 4061 laboribus
1133 3995 1284 4080 gravibus
1306 4002 1339 4061 et
1367 3996 1517 4079 expensis
1539 4017 1558 4060 a
1580 3998 1660 4061 festo
1684 3998 1768 4063 beati

366 4099 508 4177 Jacobi‘)
530 4121 633 4183 usque
656 4121 806 4186 praesens
830 4107 963 4186 tempus.
988 4101 1135 4165 Ceterum
1157 4120 1254 4186 super
1275 4100 1456 4164 huiusmodi
1480 4101 1593 4165 timore
1615 4103 1768 4185 praedicti

367 4205 547 4270 sacerdotes
570 4206 723 4271 malentes
745 4225 779 4269 se
808 4224 928 4288 ponere
950 4205 991 4268 ad
1013 4205 1183 4287 fortunam,
1214 4205 1378 4268 dominum
1400 4203 1587 4268 Bertoldum
1611 4205 1767 4269 decanum

366 4308 406 4372 de
428 4308 532 4373 Zebus
555 4309 726 4393 plebanum
749 4309 788 4374 de
810 4308 952 4373 Kelnelre
982 4314 1014 4372 θι
1037 4308 1201 4372 ιιοιιιιιιιιιιι
1223 4308 1369 4372 Vlricnm
1401 4307 1571 4393 plebanum
1596 4308 1635 4372 de
1657 4316 1768 4373 sancta
1802 4319 1835 4371 35

366 4411 541 4477 Katherina
562 4420 784 4497 procuratores
813 4432 910 4497 supra
940 4413 1098 4476 dictorum
1119 4413 1331 4496 capitulorum
1362 4413 1599 4476 constituerunt
1629 4413 1669 4475 ad
1692 4413 1766 4477 obe-

367 4516 519 4580 diendum
548 4517 676 4582 domino
706 4519 818 4601 legato.
853 4516 922 4593 Quo
944 4522 1094 4601 percepto
1125 4523 1157 4581 et
1179 4516 1287 4580 audito
1310 4522 1438 4581 nostrae
1461 4515 1643 4579 discretioni
1675 4517 1766 4581 nobis

367 4621 473 4684 visum
503 4631 559 4704 est
595 4623 679 4704 qnod
715 4623 809 4686 iidem
843 4625 1065 4705 procuratores
1098 4619 1132 4682 in
1165 4624 1250 4684 terra
1278 4620 1500 4703 permanenti)
1534 4639 1575 4683 ne
1603 4620 1685 4685 torte
1710 4640 1768 4704 per

367 4726 582 4809 captivitatem
612 4746 732 4807 eorum,
763 4746 859 4807 quam
888 4726 920 4787 in
951 4725 1029 4808 ipsis
1052 4724 1201 4788 dominus
1223 4726 1359 4789 vairoda
1388 4725 1492 4789 iacere
1521 4731 1637 4809 posset
1668 4725 1767 4789 robur

366 4830 493 4895 firmum
523 4831 679 4895 amicitiae
709 4836 741 4894 et
770 4830 855 4913 pacis
886 4830 970 4892 inter
999 4829 1163 4892 dominnm
1194 4829 1361 4892 vaivodam
1391 4835 1423 4893 et
1451 4830 1649 4913 provinciam
1679 4849 1766 4893 rum·
1801 4836 1836 4890 40

367 4940 503 5018 peretur.
526 4935 727 5019 Quapropter
741 4934 958 5017 praecepimus
974 4932 1101 5013 eisdem,
1121 4938 1281 5014 quatenus
1297 4940 1518 4998 excusatorem
1534 4935 1663 4997 tratrem
1678 4932 1767 4996 Hen-

366 5038 469 5102 n‘cnm
491 5040 612 5103 ordinis
627 5039 886 5104 Praedicatorum
908 5057 966 5122 pro
989 5056 1024 5101 se
1046 5036 1239 5101 excusandis
1261 5037 1301 5100 ad
1316 5038 1481 5101 dominum
1503 5037 1642 5121 legatum
1665 5041 1768 5101 trans

523 5178 544 5243 ¹)
563 5175 694 5229 Febraur
712 5177 754 5228 15.

523 5266 545 5330 ²)
564 5262 645 5317 Feblt
662 5261 695 5315 in
711 5260 761 5316 der
784 5259 910 5329 Variana.

522 5350 545 5418 ⁸)
567 5348 699 5419 Vorlopc:
716 5350 796 5403 teret.

522 5436 545 5503 ι)
562 5433 626 5490 luti
641 5438 685 5488 25.
739 5498 742 5504 ¹

523 5521 544 5591 ⁸)
567 5519 699 5591 Veneta:
719 5508 864 5590 ρθιιιιθιιῖι
