4086 6300
938 616 1092 710 Q

312 822 419 865 sanim
443 803 597 867 molestiis
619 803 659 867 de
682 804 935 887 congruentibus
957 805 1106 869 remediis
1127 805 1205 887 ipsis
1220 804 1394 869 clementer
1416 804 1621 888 dignaremur
1642 823 1716 888 pro-

314 906 429 970 videre.
473 905 587 988 Dignis
610 911 643 969 et
664 906 906 971 rationabilibus
936 909 1144 991 petitionibus
1167 910 1301 992 praelati
1323 906 1440 993 prioris
1461 908 1513 991 pie
1535 912 1715 971 annuentes

311 1010 398 1072 cordi
422 1014 458 1072 ut
481 1009 571 1073 decet
594 1009 723 1092 regibus
746 1030 815 1074 esse
838 1017 935 1093 atque
958 1032 1064 1091 carrae,
1093 1018 1131 1075 ut
1153 1032 1190 1076 ca
1217 1032 1299 1094 quae
1329 1033 1386 1096 pro
1411 1013 1518 1094 quiete
1549 1010 1714 1094 religiosae

313 1114 563 1177 conversationis
595 1121 671 1177 sunt
701 1116 854 1198 disposita
886 1136 923 1179 ac
957 1116 1127 1179 salubriter
1161 1117 1306 1179 ordinata
1335 1136 1394 1180 nec
1426 1117 1569 1199 ipsorum
1602 1134 1714 1198 regum

259 1225 276 1275 5
312 1217 521 1281 dissimulatio
552 1218 692 1300 negligat
721 1237 781 1280 nee
803 1218 939 1282 aliorum
961 1221 1130 1304 plectibilis
1153 1221 1368 1304 praesumptio
1391 1218 1565 1304 perturbet,
1596 1219 1714 1282 media-

309 1328 411 1385 torem
440 1341 515 1403 ergo
546 1323 595 1385 dei
628 1327 660 1384 et
688 1322 851 1385 hominum
874 1322 1009 1387 Jhesum
1032 1324 1193 1388 Christum
1224 1329 1256 1388 et
1278 1325 1508 1388 sanctissimam
1535 1324 1604 1387 eius
1626 1324 1714 1405 geni·

308 1426 428 1507 tricem,
462 1444 545 1507 quae
575 1427 675 1489 nostri
705 1429 796 1509 regni
826 1429 971 1510 specialis
993 1429 1103 1492 existit
1126 1429 1255 1491 domina
1283 1434 1315 1491 et
1336 1434 1478 1511 patrona,
1512 1428 1714 1491 intendentes

307 1548 364 1612 pro
395 1528 613 1612 possibilitatis
646 1532 746 1593 nostri
778 1530 907 1593 modulo
943 1531 1017 1593 totis
1050 1532 1172 1595 sincere
1205 1533 1326 1595 meritis
1359 1531 1523 1596 affectibus
1552 1530 1709 1595 honorare

307 1633 484 1715 praelatum
499 1633 727 1696 monasterium
743 1633 783 1695 ad
805 1633 959 1696 honorem
974 1634 1074 1717 ipsius
1090 1635 1245 1717 gloriosae
1262 1655 1387 1720 semper
1401 1635 1535 1718 virginis
1550 1636 1590 1699 de
1602 1634 1706 1698 Kerch

242 1740 274 1794 10
309 1742 373 1798 tam
395 1737 625 1821 multiplicibus
648 1737 942 1820 perturbationibus
959 1739 1102 1819 undique
1125 1739 1315 1822 involutum,
1338 1746 1375 1803 ut
1398 1741 1458 1802 viri
1474 1740 1532 1803 deo
1556 1738 1707 1802 amabiles

307 1840 404 1904 abbas
427 1848 459 1905 et
480 1846 660 1904 conventus
682 1841 822 1904 eiusdem
847 1842 1032 1924 ordinisque
1054 1844 1220 1906 memorati
1242 1843 1376 1907 devotae
1398 1846 1487 1907 vocis
1502 1862 1621 1925 organo
1636 1843 1706 1905 lau-

308 1945 384 2007 dent
413 1945 569 2027 virginem
597 1951 670 2008 eta
700 1950 800 2008 matre
830 1946 1062 2010 misericordiae
1092 1946 1340 2010 misericordiam
1362 1952 1507 2030 satagant
1528 1946 1705 2030 implorare,

307 2050 340 2112 in
370 2054 511 2113 nostram
541 2049 768 2132 protectionem
799 2048 967 2132 specialem
998 2049 1165 2132 dignanter
1194 2051 1373 2133 recepimus
1403 2049 1484 2112 hauc
1514 2050 1647 2132 gratiam
1674 2054 1707 2113 et

307 2152 553 2216 misericordiam
584 2172 657 2216 cum
681 2154 798 2217 eisdem
823 2174 860 2216 ac
889 2152 1017 2237 populis
1039 2158 1071 2216 et
1092 2155 1330 2236 possessionum
1357 2153 1532 2217 eorundem
1554 2152 1699 2217 iaciendo

242 2261 274 2313 lb
312 2256 398 2337 quod
420 2257 453 2318 in
477 2258 563 2319 omni
585 2257 730 2321 libe1tate
752 2256 996 2340 provincialium
1026 2257 1065 2320 de
1089 2256 1224 2337 Cybinio
1256 2277 1416 2320 unacum
1440 2256 1559 2320 eisdem
1582 2256 1711 2340 provin-

309 2359 442 2422 cialibus
456 2361 597 2442 plenarie
612 2362 772 2444 gaudeant
792 2381 885 2425 neca
906 2362 1066 2424 consortio
1090 2361 1233 2424 eiusdem
1256 2361 1411 2424 libertatis
1433 2361 1465 2423 in
1484 2360 1711 2443 qualicumque

309 2465 506 2528 necessitatis
528 2465 661 2528 articulo
685 2465 887 2547 aliquatenus
911 2470 1107 2548 separentur,
1130 2472 1294 2548 praeterea
1308 2485 1349 2528 ne
1372 2465 1558 2529 ineffrenata
1573 2464 1710 2528 malitiae

309 2568 466 2652 cupiditas
498 2587 774 2651 quorumcumque
805 2570 926 2633 dictum
956 2568 1102 2632 abbatem
1133 2575 1165 2632 et
1194 2574 1389 2632 conventum
1412 2588 1449 2632 ac
1471 2567 1615 2632 homines
1637 2588 1710 2652 pos·

309 2673 488 2736 sessionum
511 2673 686 2736 eorundem
708 2674 741 2735 in
764 2680 928 2757 posterum
950 2672 1117 2756 perturbet
1138 2673 1278 2736 indebite
1301 2678 1333 2737 et
1354 2674 1480 2737 iniuste.
1503 2672 1663 2737 Volumus
1678 2678 1710 2737 et

237 2781 272 2834 20
309 2776 369 2839 sub
392 2776 526 2840 obtentu
548 2776 700 2859 plenioris
714 2777 834 2858 gratiae
849 2783 977 2840 nostrae
993 2777 1223 2840 districtissime
1238 2777 1450 2860 praecipimus
1466 2780 1498 2840 et
1512 2778 1709 2858 mandamus,

307 2885 467 2961 quatenus
489 2899 509 2943 a
535 2880 629 2943 modo
660 2885 772 2943 contra
800 2882 872 2943 iura
902 2886 934 2943 et
963 2880 1124 2943 libertates
1153 2881 1306 2964 praedicti
1327 2880 1511 2944 monasterii
1534 2884 1566 2943 et
1588 2880 1709 2943 ordinis

307 2983 416 3047 nullus
438 2985 567 3046 omuino
598 2984 637 3047 de
663 2984 921 3066 quibuscumque
943 2983 1077 3065 iuribus
1107 2983 1241 3065 iudiciis,
1271 2984 1417 3067 birsagiis
1445 2989 1477 3047 et
1498 2983 1708 3067 proventibus

307 3088 470 3150 bominum
494 3095 526 3151 et
547 3089 784 3171 possessionum
807 3087 950 3150 eiusdem
972 3088 1156 3151 monasterii
1179 3106 1213 3151 se
1235 3089 1397 3152 ullatenus
1419 3089 1617 3169 intromittat,
1652 3088 1708 3152 sed

305 3193 393 3255 solus
416 3191 513 3255 abbas
544 3198 576 3255 et
605 3199 783 3255 conventus
805 3192 948 3255 eiusdem
971 3191 1155 3254 monasterii
1186 3190 1283 3254 libere
1306 3191 1455 3255 ordinent
1484 3197 1517 3255 et
1539 3192 1709 3275 disponant

237 3300 271 3353 25
306 3296 518 3378 comitemque
548 3315 642 3359 suum
674 3296 725 3359 vel
755 3296 887 3359 comites
917 3295 1101 3357 nullatenus
1123 3300 1229 3358 tamen
1265 3295 1515 3378 qualescumque
1538 3302 1708 3361 extraneos

306 3401 367 3464 nisi
397 3420 437 3464 ex
469 3400 531 3464 illis
562 3400 618 3481 qui
647 3401 681 3462 in
714 3397 970 3482 possessionibus
1001 3399 1184 3462 nronasterii
1218 3400 1351 3481 praelati
1385 3400 1525 3464 resident
1558 3401 1707 3482 dictoque

305 3504 410 3570 abbati
440 3511 472 3568 et
501 3504 675 3567 conventui
705 3503 867 3583 obediunt,
902 3503 1171 3584 quandocumque
1202 3508 1234 3566 et
1267 3504 1532 3585 quotiescumque
1565 3510 1707 3569 statuant

306 3616 337 3671 et
359 3609 541 3689 destituant,
573 3608 628 3690 qui
658 3608 689 3670 in
722 3607 871 3670 omnibus
902 3606 1071 3689 praedictis
1102 3605 1356 3689 possessionibus
1384 3608 1566 3672 monasterii
1589 3609 1708 3673 iudicia

305 3713 389 3775 iusta
404 3720 436 3776 ct
452 3732 528 3775 vcra
542 3720 722 3791 exerceant,
738 3717 832 3795 prout
847 3710 944 3773 abbas
956 3716 989 3772 et
999 3716 1178 3773 conventus
1193 3710 1270 3793 ipsis
1285 3711 1501 3774 commiserint
1515 3713 1705 3797 faciendum,

236 3818 271 3869 30
306 3816 419 3898 stipsi
442 3817 573 3879 comites
595 3823 627 3879 et
649 3817 804 3878 dictarum
828 3814 1065 3897 possessionum
1096 3813 1278 3894 iobagiones
1307 3815 1341 3876 in
1365 3814 1538 3879 maioribus
1561 3823 1594 3880 et
1614 3837 1706 3902 prae·

305 3918 406 4001 cipuis
428 3920 533 3983 causis
549 3925 581 3982 et
596 3920 731 3999 negotiis
746 3938 871 4001 semper
887 3938 1052 3981 recursum
1067 3918 1106 3980 ad
1123 3919 1300 4001 praelatum
1315 3920 1544 3983 monasterium
1560 3921 1704 3987 habeant.

305 4021 346 4085 Et
376 4023 531 4105 quidquid
562 4024 594 4084 in
625 4023 769 4105 birsagiis
798 4023 928 4085 cesserit
957 4021 1061 4083 abbati
1092 4028 1123 4084 et
1153 4022 1326 4083 conventui
1348 4029 1576 4105 praesentetur,
1599 4025 1703 4089 omnis

306 4127 423 4208 gratiae
446 4127 540 4209 plena
561 4126 695 4189 facultas
719 4127 750 4188 in
775 4126 918 4189 ciusdem
940 4125 1063 4187 abbatis
1086 4131 1118 4187 et
1139 4130 1318 4188 conventus
1341 4126 1470 4189 arbitrio
1494 4130 1647 4192 consistat
1667 4130 1701 4192 in

306 4232 428 4313 agendo
451 4238 483 4293 et
505 4231 673 4293 statuendo
697 4231 736 4294 de
760 4229 1026 4311 quibuscumque,
1054 4228 1140 4310 quod
1163 4229 1221 4291 sibi
1246 4234 1277 4292 et
1299 4230 1455 4293 dictarum
1478 4251 1610 4295 suarum
1631 4252 1705 4316 pos·

237 4336 271 4387 35
307 4335 484 4396 sessionum
501 4333 721 4415 iobagionibus
736 4333 846 4397 utilius
862 4352 931 4396 esse
947 4332 1107 4395 videbitur
1121 4333 1370 4396 contradictione
1392 4334 1624 4417 cuiuscumque
1640 4356 1705 4399 non

306 4438 459 4501 obstante.
489 4438 521 4501 Si
546 4438 618 4519 quis
640 4458 717 4501 vcro
741 4437 814 4502 huic
838 4443 946 4500 nostro
970 4438 1067 4517 regali
1093 4438 1240 4500 mandato
1255 4457 1409 4519 proccrve
1431 4443 1463 4501 et
1484 4438 1705 4504 inobedienter

306 4560 339 4605 se
355 4543 539 4625 opposuerit
553 4547 586 4604 et
600 4542 659 4625 ipsi
676 4542 780 4605 abbati
794 4548 827 4606 et
841 4543 1014 4605 conventui
1030 4543 1062 4604 in
1087 4541 1153 4605 suis
1168 4541 1293 4605 iuribus
1308 4547 1340 4604 et
1355 4540 1554 4607 libertatibus
1571 4542 1703 4626 quibus·

305 4665 443 4728 cumque
465 4646 614 4708 iniuriam
638 4653 694 4708 aut
715 4645 898 4709 violentiam
922 4645 1074 4725 intulerit,
1097 4645 1136 4707 ad
1160 4645 1399 4727 requisitionem
1422 4646 1564 4711 eiusdem
1581 4646 1703 4712 abbatis

305 4754 337 4812 et
365 4754 544 4813 conventus
573 4769 679 4813 comes
709 4749 913 4833 provincialis
935 4748 1138 4829 Cybinicnsis
1172 4748 1367 4829 quicumque
1399 4749 1497 4813 fuerit
1526 4750 1578 4813 vel
1608 4751 1703 4815 etiam

235 4856 271 4907 40
306 4853 446 4916 eiusdem
478 4854 564 4916 vices
594 4860 740 4932 gerentes
770 4854 925 4916 advocata
945 4851 1171 4915 communitate
1193 4852 1438 4934 provincialium
1461 4852 1702 4934 (lybiniensium

304 4956 536 5040 praedictorum
569 4957 697 5038 quondo
728 4963 760 5020 et
790 4958 916 5038 quoties
945 4975 1026 5039 opus
1056 4956 1152 5018 fuerit
1174 4956 1261 5037 regia
1286 4963 1396 5018 nostra
1418 4957 1599 5020 omnimoda
1628 4977 1703 5023 auc·

304 5060 430 5123 toritate
461 5066 494 5123 et
523 5059 732 5123 demandato
756 5059 937 5123 huiusmodi
967 5060 1169 5122 iniuriatores
1192 5080 1211 5121 a
1237 5060 1438 5123 nocumentis
1459 5060 1648 5143 prohibeant
1671 5070 1703 5127 et

304 5163 343 5226 ad
367 5164 473 5225 omnia
496 5181 578 5244 quae
601 5164 685 5226 iusta
706 5165 826 5227 fuerint
848 5164 1002 5227 inducant
1024 5170 1056 5227 et
1078 5163 1276 5245 compellant.
1300 5163 1367 5227 Nec
1383 5163 1481 5246 aliqui
1503 5165 1634 5230 comites
1650 5167 1702 5231 vel

305 5273 459 5350 potentes
484 5268 537 5348 qui
561 5287 619 5351 per
641 5268 741 5331 dictas
760 5269 976 5352 possessiones
992 5266 1114 5330 abbatis
1137 5272 1168 5330 et
1183 5273 1362 5331 conventus
1377 5270 1547 5332 uenatum
1569 5270 1702 5336 fecerint

235 5373 270 5425 45
306 5370 357 5434 rel
380 5370 655 5454 qualitercumque
684 5372 882 5451 advenerint
911 5373 937 5435 si
968 5393 988 5436 a
1016 5370 1195 5435 senioribus
1229 5378 1261 5435 et
1289 5373 1517 5437 communitate
1545 5373 1701 5440 dictarum

304 5474 541 5557 possessionum
557 5477 737 5540 voluntarie
755 5497 821 5539 non
837 5476 1042 5560 recipiuntur,
1065 5476 1098 5537 in
1114 5476 1233 5545 eisdem
1247 5476 1502 5559 possessionibus
1523 5479 1700 5543 violentum
