4088 6292
954 657 1110 753 ffl-

327 847 478 931 praestito
501 846 591 930 prius
613 844 653 909 ab
675 846 744 930 ipso
759 846 858 911 fratre
880 850 990 911 nostro
1013 846 1133 910 decano
1148 847 1201 911 vel
1220 847 1316 930 socio,
1340 865 1437 929 qnam
1451 847 1555 911 eidem
1577 847 1730 912 duxerint

327 950 558 1032 associandum,
581 955 788 1033 sacramento,
804 950 892 1033 quod
906 950 941 1013 in
956 950 1100 1032 dicando,
1122 951 1281 1035 exigendo
1297 955 1329 1015 et
1342 951 1377 1015 in
1392 957 1523 1035 argento
1538 951 1729 1035 recipiendo,

328 1053 449 1116 nullam
471 1053 620 1116 iniuriam
643 1053 761 1117 facient
778 1053 830 1118 vel
844 1054 1051 1117 committent
1081 1053 1220 1118 Praefati
1235 1059 1343 1119 autem
1364 1054 1547 1141 plebanide
1562 1055 1730 1138 sexaginta

329 1157 425 1220 funda
447 1156 631 1240 praehabita
652 1156 810 1221 dicahom
832 1157 960 1222 solvent
981 1176 1079 1220 unam
1102 1176 1241 1220 marcam
1262 1156 1319 1219 fini
1345 1158 1469 1241 argenti
1490 1178 1565 1222 cum
1588 1159 1729 1243 pondera

276 1267 293 1319 5
329 1265 438 1323 nostro
469 1259 590 1324 scilieet
618 1260 771 1343 Budensi,
804 1265 1035 1343 campanatore,
1068 1265 1194 1345 pastore
1228 1266 1260 1324 et
1291 1262 1445 1326 servitore
1479 1263 1630 1327 ecclesiae
1663 1282 1730 1327 uon

328 1363 438 1428 dicatis
460 1368 493 1427 et
507 1363 721 1427 servientibus
736 1364 890 1427 comitum
905 1365 938 1427 in
954 1363 1048 1428 domo
1063 1384 1120 1448 pro
1136 1364 1315 1448 hospitibus
1329 1370 1440 1449 parata
1459 1366 1730 1430 commorantibus

328 1470 360 1530 et
382 1484 446 1548 quo
478 1466 551 1548 quis
573 1466 718 1531 similiter
739 1487 806 1531 non
828 1468 947 1532 dicatis
984 1467 1027 1532 Et
1048 1473 1085 1532 ut
1110 1468 1272 1552 praedicta
1293 1469 1479 1553 compositio
1510 1470 1594 1535 inter
1622 1475 1729 1554 partes

327 1569 427 1633 robur
459 1568 601 1634 obtineat
633 1578 806 1655 perpetuae
839 1570 998 1636 firmitatis
1031 1572 1072 1635 ad
1100 1571 1285 1636 instantiam
1315 1577 1347 1637 et
1375 1573 1561 1657 petitionem
1591 1574 1729 1657 partium

327 1679 510 1757 praesentes
540 1673 649 1738 literas
680 1675 896 1739 concessimus
928 1674 1023 1758 sigilli
1055 1675 1158 1738 nostri
1190 1676 1367 1739 munimine
1399 1675 1572 1741 roboratas.
1610 1676 1730 1741 Datum

261 1783 295 1837 10
329 1776 678 1944 pilbagbrgrapparfiieria
699 1779 848 1861 proxima
869 1782 941 1861 post
962 1778 1079 1842 festum
1097 1777 1337 1862 epiphaniarum
1356 1779 1486 1863 domiui,
1508 1799 1593 1844 anne
1609 1781 1730 1844 domini

363 1930 370 1944 .
498 1930 504 1944 .
602 1900 629 1945 o.

484 2001 559 2084 Aof
582 2001 638 2065 der
656 2000 814 2066 saneta
842 2022 900 2066 oon
926 2003 1008 2066 eina
1029 1998 1129 2064 Hand
1154 2001 1206 2064 dea
1228 2003 1278 2067 15.
1301 2001 1548 2068 Jatrtoadera:
1579 2002 1729 2069 Decimae

329 2104 413 2171 sedis
435 2103 541 2169 Sebes.

987 2311 1078 2396 299.

262 2493 296 2546 rs
409 2476 516 2546 1303
531 2474 623 2546 Joai
643 2479 676 2546 9.
704 2475 782 2547 Dae
803 2473 1084 2567 Weissenborqer
1096 2475 1241 2568 Kopitel
1258 2476 1404 2570 boeot,
1422 2479 1505 2550 dass
1522 2477 1585 2550 der
1600 2476 1729 2551 sabaa

330 2596 507 2688 00090000
538 2595 774 2669 Viacwoiwoole
791 2597 955 2669 Ebelleas
980 2619 1046 2669 oon
1070 2596 1236 2670 Toronaico
1262 2599 1337 2671 aad
1359 2599 1502 2672 Jotoaa
1526 2622 1592 2671 eoa
1621 2598 1729 2671 Gan-

330 2716 411 2789 toa
436 2718 535 2790 daeo
560 2717 801 2789 Recitatoascb
826 2715 1078 2810 obpescblosaeo
1104 2718 1222 2790 boten

485 2863 597 2918 nnat.-
627 2862 716 2918 Ssobd
741 2862 816 2919 ask.
840 2864 985 2919 olcleoc'ltdr
1008 2864 1071 2932 III,
1097 2869 1114 2918 4
1139 2865 1210 2920 noch
1233 2865 1293 2920 dem
1319 2865 1396 2937 Ott‘p.
1420 2866 1523 2921 Arabio
1548 2866 1597 2921 aar
1622 2863 1731 2934 Grasea

437 2948 606 3004 damaskai
623 2949 830 3022 Klauseaburp.

261 3114 296 3168 20
486 3104 694 3192 [G]apitrdum
702 3109 723 3189 1)
746 3110 897 3175 Albensis
926 3109 1077 3175 ecclesiae
1107 3110 1190 3175 beati
1212 3110 1387 3195 Mychaelis
1413 3111 1594 3195 archangeli
1615 3110 1730 3175 Trans·

330 3210 472 3276 siluanae
493 3213 654 3276 universis
676 3211 792 3276 Christi
817 3211 973 3296 fidelibus,
1006 3233 1158 3299 praesens
1188 3216 1341 3299 scriptum
1370 3215 1563 3299 inspecturis
1594 3214 1730 3279 salutem

331 3315 365 3377 iu
387 3315 527 3378 omnium
552 3315 717 3379 salvatore.
762 3315 808 3381 Ut
829 3323 918 3400 gesta
940 3338 1022 3401 quae
1044 3319 1079 3382 in
1101 3325 1243 3403 tempore
1270 3318 1353 3383 fiunt
1375 3319 1527 3382 varietate
1550 3323 1730 3401 temporum

331 3438 395 3482 non
417 3418 568 3482 labantur
589 3438 647 3483 seu
669 3419 828 3503 vacilleut,
851 3422 919 3505 ipsa
933 3426 1024 3505 gesta
1037 3421 1171 3506 provida
1194 3422 1340 3486 discretio
1356 3422 1537 3505 sapientum
1552 3420 1730 3502 sollersque

330 3522 530 3606 investigatio
559 3524 705 3586 ‘virorum
734 3523 909 3607 peritorum
931 3525 970 3588 ad
993 3524 1149 3588 cautelam
1171 3527 1346 3609 patrocinio
1376 3525 1541 3589 literarum
1562 3524 1731 3588 consuevit

261 3631 296 3685 25
331 3624 481 3687 roborari
504 3624 644 3689 Proinde
659 3627 699 3689 ad
722 3627 948 3691 universorum
963 3628 1106 3691 notitiam
1123 3634 1188 3692 tarn
1203 3630 1419 3713 praesentium
1435 3647 1533 3710 quam
1547 3626 1730 3691 hrtrrrorum

331 3728 446 3791 harum
468 3729 550 3792 serie
573 3727 723 3794 volumus
737 3731 914 3815 pervenire,
939 3730 1026 3811 quod
1042 3730 1141 3794 nobili
1162 3730 1233 3794 siro
1248 3730 1379 3795 Ehelleo
1395 3730 1603 3795 mcevdroda
1616 3729 1731 3793 Trans·

331 3831 455 3896 siluarm
478 3831 543 3895 filio
565 3831 687 3897 Ehellei
710 3834 750 3897 de
771 3834 938 3897 Thuruslro
961 3833 1000 3896 ab
1023 3853 1090 3897 una
1110 3839 1200 3915 parte
1223 3838 1255 3898 et
1276 3835 1392 3898 comite
1406 3833 1553 3899 iohanne
1576 3833 1615 3897 de
1631 3831 1731 3897 Gum-

331 3933 416 3998 buch
436 3933 503 3998 filio
518 3934 625 4017 Heym
641 3956 683 4001 ex
698 3937 798 4001 altera
812 3957 918 4001 coram
941 3936 1033 4000 nobis
1048 3937 1258 4021 personaliter
1271 3937 1462 4019 constitutis,
1483 3937 1569 4002 idem
1580 3935 1730 4001 Ehelleus

331 4038 538 4103 rioerairoda
567 4045 600 4104 et
628 4059 735 4104 comes
756 4040 921 4104 lohannes
950 4058 1046 4124 super
1075 4039 1331 4123 possessionibus
1362 4059 1420 4104 seu
1442 4041 1536 4104 terris
1558 4040 1626 4104 suis
1646 4040 1731 4103 inira

261 4149 297 4203 30
330 4143 502 4207 nominatis
529 4143 667 4208 confessi
696 4149 781 4225 suut,
810 4143 1029 4207 concambium
1060 4144 1144 4208 iuter
1166 4163 1200 4207 se
1222 4143 1405 4207 huiusmodi
1426 4143 1611 4226 celebrasse,
1643 4142 1730 4225 quod

330 4245 434 4310 dictus
444 4245 594 4311 Ehelleus
617 4247 824 4312 vicevaivoda
839 4246 999 4329 quandam
1021 4247 1254 4330 possessiouem
1269 4266 1361 4310 suam
1376 4247 1597 4310 hereditariam
1612 4246 1730 4310 medie·

330 4353 427 4412 tatem
449 4349 596 4413 videlicet
617 4350 722 4415 totalis
745 4357 847 4415 terrae
862 4355 895 4414 et
910 4350 1004 4413 villae
1020 4348 1204 4414 Gerebenus
1227 4355 1366 4433 vocaue,
1389 4369 1408 4413 a
1427 4354 1516 4433 parte
1532 4348 1730 4432 occidentali,

330 4452 365 4515 in
386 4454 539 4517 comitatu
562 4454 601 4518 de
621 4453 725 4517 Torda
752 4453 928 4534 existentis,
957 4452 1063 4536 ipsum
1085 4453 1331 4537 contingentem,
1361 4473 1435 4517 cum
1464 4452 1614 4517 omnibus
1644 4452 1730 4517 utili-

331 4555 449 4621 tatibus
470 4558 505 4620 in
526 4557 624 4639 silvis,
654 4557 762 4641 pratis,
791 4556 921 4640 stagnis,
943 4555 1082 4639 piscinis,
1110 4557 1203 4620 terris
1224 4556 1396 4621 arabilibus
1418 4562 1451 4621 et
1471 4555 1541 4621 aliis
1563 4556 1604 4620 ad
1626 4557 1727 4640 ipsam

260 4666 295 4721 35
330 4660 532 4725 medietatem
553 4660 796 4745 pertinentibus,
818 4659 958 4724 dedisset
972 4659 1040 4723 sine
1061 4660 1255 4743 praeiudicio
1278 4660 1357 4724 iuris
1379 4659 1475 4723 alieni
1489 4665 1522 4723 et
1536 4659 1729 4743 assignasset

329 4763 469 4827 Johauni
499 4764 606 4828 comiti
629 4767 802 4828 memorato
825 4769 979 4847 perpetuo
1002 4768 1035 4826 et
1054 4763 1305 4828 irrevocabiliter
1326 4765 1360 4827 in
1389 4762 1472 4827 filios
1493 4761 1633 4827 filiorum
1654 4782 1727 4846 pos·

331 4865 495 4929 sideudam
517 4866 646 4950 pacifice
668 4872 701 4932 et
722 4867 908 4930 habendam.
945 4864 1046 4929 Cuius
1068 4872 1170 4930 terrae
1193 4866 1390 4931 Gicrebenus
1412 4866 1506 4929 aliam
1529 4866 1730 4929 medietatem

331 4988 350 5032 a
371 4974 462 5054 parte
485 4970 638 5052 orientali,
661 4971 745 5034 sicut
767 4970 851 5034 idem
873 4969 1024 5034 Ehelleus
1045 4970 1253 5034 vicevaivoda
1274 4970 1392 5052 retulit,
1418 4970 1566 5054 primitus
1588 4969 1730 5052 cognatis

331 5077 364 5136 at
384 5073 598 5157 proquinquis
620 5074 687 5138 suis
710 5074 858 5138 Andreae
880 5073 1001 5138 scilicet
1022 5078 1054 5138 et
1076 5072 1235 5158 Stephano
1258 5073 1332 5137 filiis
1354 5072 1536 5154 Halymban
1560 5071 1675 5137 Siculis
1690 5072 1730 5136 de

262 5184 299 5239 40
331 5175 452 5260 Tylegd
474 5177 614 5242 dedisset
643 5183 676 5243 et
705 5178 827 5241 ratione
856 5177 1069 5261 proximitatis
1102 5183 1135 5242 et
1169 5178 1318 5242 donasset
1351 5177 1435 5241 dicto
1469 5175 1629 5261 Stephano
1662 5175 1728 5240 filio

330 5278 522 5362 Halymban,
544 5301 603 5364 pro
626 5302 660 5347 se
683 5288 715 5346 et
729 5281 860 5346 Andrea
874 5281 971 5345 tratre
987 5301 1045 5345 suo
1061 5300 1169 5345 coram
1189 5282 1281 5346 nobis
1295 5281 1504 5365 personaliter
1518 5286 1730 5364 comparente,

332 5388 492 5466 tamquam
516 5392 734 5450 commetaneo
757 5390 860 5449 terrae
875 5390 1079 5469 praenotatae
1094 5389 1127 5449 et
1140 5384 1323 5449 huiusmodi
1338 5383 1522 5449 concambio
1538 5402 1731 5448 consensum

330 5487 502 5570 praebente
524 5494 623 5571 atque
645 5495 815 5553 annuente.
844 5487 872 5552 E
895 5507 1050 5553 converso
1072 5494 1179 5553 autem
1201 5488 1235 5550 iu
1257 5487 1478 5553 concambium
1501 5494 1534 5552 et
1555 5493 1731 5551 commuta·

487 5624 508 5695 ¹)
526 5622 620 5678 Reum
635 5624 686 5692 [ον
706 5622 797 5679 Olecr
813 5622 945 5695 peloeaa
1510 5648 1513 5653 Δ
1579 5622 1627 5678 15·
