4088 6292
933 571 1083 665 329,-

385 761 515 834 Datum
548 762 587 833 in
612 763 699 834 feste
727 764 816 836 beati
843 764 961 837 Jacobi
990 766 1145 862 apostoli,
1180 789 1272 839 anne
1298 766 1429 839 domini
1455 766 1495 839 Μ
1518 741 1572 840 θ’(ἔ
1599 791 1707 841 nona·

306 882 439 979 gesimo
465 883 593 978 quinte.
700 880 701 883 '

465 1048 540 1118 θήρ.
569 1049 649 1118 Perp.
678 1049 887 1117 Kopitclarcbio
913 1050 1081 1120 Karlaburp.
1121 1050 1210 1121 Siepcl
1235 1068 1295 1105 war
1322 1071 1361 1107 aa
1386 1053 1495 1107 weisscr
1522 1054 1709 1121 Hanfscbnur

411 1136 574 1205 anpcbdnpt.

254 1256 271 1307 5
463 1257 575 1311 Druck:
594 1257 680 1323 Fejdr
702 1257 792 1312 (iodea
814 1258 865 1325 VI,
885 1263 908 1325 1,
926 1262 986 1314 366.
1019 1259 1131 1313 Teulscb
1149 1277 1176 1313 u.
1196 1260 1358 1316 Firnbaber
1376 1260 1448 1316 sab.
1466 1262 1548 1317 Urltb.
1567 1263 1593 1329 Ι,
1614 1267 1671 1318 189.

464 1377 576 1446 Rectam
598 1378 761 1433 Tdrtdmlmi
778 1380 824 1434 tdr
843 1384 919 1448 1889,
937 1383 998 1435 575.

961 1730 1051 1814 270.

382 1911 487 1980 1295
522 1910 660 2003 Aupaat
694 1916 758 1984 24.
812 1912 889 1984 Das
932 1912 1213 2003 Weissenbarper
1251 1914 1396 2004 Kopitel
1434 1914 1585 2005 beaeupt,
1626 1916 1708 1987 dass

305 2029 471 2120 Alordus,
489 2035 622 2105 iuuenis
632 2033 733 2121 filias
755 2034 881 2126 Quae
899 2035 941 2107 de
963 2034 1135 2126 Verulano,
1163 2034 1212 2105 int
1229 2033 1350 2106 Bestia
1369 2035 1432 2107 der
1450 2041 1546 2107 terra
1564 2035 1706 2125 Rinpcl

237 2167 272 2221 10
306 2152 403 2224 tirel»
429 2154 580 2227 bdcssen
605 2156 743 2227 worden
768 2157 827 2227 sci.

464 2318 540 2388 Θήρ.
553 2320 633 2389 Pcrp.
651 2319 755 2389 Unpar.
768 2319 975 2374 Landeaarcbio
987 2319 1139 2387 Badupcal.
1161 2318 1249 2387 Sicpcl
1260 2319 1379 2374 dereelbe
1391 2319 1507 2389 Stcmpel
1518 2320 1568 2375 wic
1582 2321 1636 2375 Nr.
1645 2324 1705 2388 216,

409 2406 516 2459 uicisse
539 2405 648 2472 Wacaa
667 2423 704 2458 an
722 2406 989 2476 pelli-rotb-oioleller
1008 2405 1210 2460 Setdcnacbnur
1230 2406 1394 2476 anpebdnpt.

460 2525 572 2580 Druck:
599 2527 722 2596 Keratny
745 2528 857 2581 Notilio
880 2528 906 2595 1,
930 2531 972 2582 92.
1012 2527 1125 2582 Teulacb
1149 2545 1176 2580 u.
1196 2527 1357 2581 Findeober
1381 2527 1452 2582 siet.
1482 2528 1565 2583 Uritb.
1590 2529 1616 2596 1,
1645 2533 1704 2584 190.

414 2613 524 2668 Wertrel
544 2612 608 2667 God.
627 2615 735 2682 Arpod.
759 2614 869 2682 V,130.

237 2796 270 2848 15
460 2788 528 2852 Nes
550 2790 725 2873 capitulum
747 2789 898 2855 Albensis
921 2791 1071 2855 eeclesiae
1094 2790 1178 2855 beati
1193 2790 1368 2872 Mychaelis
1390 2791 1570 2873 archangeli
1592 2791 1706 2855 Trans·

305 2892 495 2956 siluanensis
519 2892 733 2976 significamus
757 2895 916 2959 universis
939 2895 1056 2977 quibus
1079 2895 1209 2978 expedit
1235 2894 1451 2977 praesentium
1473 2913 1531 2978 per
1554 2899 1706 2975 tenorem,

306 2995 391 3076 quod
415 3014 488 3059 cum
512 2997 661 3079 magister
683 2998 855 3079 Vyuianus
885 3018 992 3062 comes
1022 3018 1165 3063 camerae
1192 2999 1311 3063 domini
1333 2999 1418 3081 regis
1439 3003 1472 3062 et
1494 2999 1534 3062 de
1555 2999 1707 3063 Bezteree

304 3117 361 3182 per
391 3099 555 3163 dominum
585 3120 692 3184 regem
722 3109 909 3186 procurator
939 3103 1150 3186 possessionis
1172 3102 1271 3166 Zelres
1293 3102 1460 3166 institutus
1490 3103 1530 3166 ad
1559 3102 1706 3168 reambu·

304 3203 435 3266 landum
458 3204 559 3287 ipsam
582 3209 696 3268 terram
721 3225 779 3269 seu
801 3209 1034 3290 possessionem
1058 3207 1166 3288 Zetes,
1188 3210 1286 3290 prout
1308 3207 1404 3269 moris
1427 3212 1477 3269 est
1498 3211 1596 3288 atque
1616 3207 1706 3289 iuris,

234 3315 270 3369 ‘20
305 3326 379 3370 cum
395 3308 522 3371 homine
538 3308 657 3371 domini
681 3310 764 3392 regis
786 3317 819 3373 et
834 3317 943 3374 nostro
967 3311 1151 3374 accessisset
1166 3316 1199 3373 et
1222 3310 1382 3392 quandam
1400 3311 1587 3394 particulam
1603 3315 1706 3374 terrae

305 3410 419 3492 Gndyn
450 3417 590 3494 vocatae,
623 3432 705 3494 quae
728 3414 903 3497 vulgariter
924 3413 1156 3497 Ryngyllryreh
1182 3414 1366 3478 nominatur
1388 3415 1427 3477 ad
1450 3415 1551 3497 ipsam
1581 3432 1706 3498 posses-

304 3515 426 3579 sionem
449 3515 548 3579 Zelres
578 3522 720 3600 spectare
750 3524 934 3582 constanter
964 3523 1128 3598 assereret
1157 3523 1258 3582 metas
1287 3517 1466 3601 praedictae
1496 3518 1706 3602 possessionis

304 3619 403 3683 Zetes
434 3639 530 3703 super
552 3621 653 3703 ipsam
676 3622 888 3704 extendendo,
911 3623 988 3704 quia
1009 3627 1115 3685 tamen
1139 3640 1245 3685 eomes
1255 3621 1274 3697 ¹)
1297 3621 1437 3684 Alardus
1462 3621 1590 3686 iuvenis
1620 3620 1706 3685 filius

304 3723 416 3804 Gyaan
439 3724 478 3787 de
493 3718 658 3805 Vyzalrna
681 3724 829 3789 deminus
852 3726 1061 3810 possessionis
1084 3725 1305 3809 supradictae
1328 3724 1445 3807 Godpn
1467 3725 1624 3806 videlicet,
1647 3726 1704 3806 qui

230 3835 267 3886 25
304 3826 396 3890 titulo
421 3828 591 3911 emptionis
614 3829 755 3911 possedit
770 3848 873 3910 usque
889 3830 992 3909 modo,
1016 3829 1285 3910 quemadmodum
1305 3849 1365 3893 sua
1379 3848 1476 3912 super
1489 3829 1549 3892 hoe
1565 3827 1707 3892 exhibita

304 3931 512 4015 comprobant
534 3934 732 3995 munimenta
750 3933 852 3996 eidem
874 3933 958 3995 circa
979 3938 1079 3996 metas
1094 3933 1268 4015 particulae
1291 3939 1393 3997 terrae
1415 3932 1607 4016 praelibatae
1630 3951 1705 3995 con-

304 4035 443 4099 tradixit
466 4036 528 4100 Sed
545 4037 697 4118 quoniam
719 4056 785 4099 nen
809 4035 954 4099 obstante
969 4036 1219 4100 contradictione
1236 4037 1427 4118 huiusmodi,
1449 4036 1535 4100 idem
1556 4035 1707 4119 magister

303 4140 475 4220 Vyuianus
497 4160 594 4224 super
616 4141 685 4223 ipsa
708 4160 782 4204 enm
797 4141 998 4223 possessione
1016 4138 1145 4223 pacifice
1161 4159 1325 4204 remanere
1341 4161 1405 4204 non
1422 4139 1554 4219 sinebat
1577 4139 1706 4203 tandem

303 4243 365 4307 tale
388 4244 563 4307 remedium
585 4243 694 4327 probis
716 4244 794 4307 viris
816 4243 1103 4308 intervenientibus
1126 4252 1174 4308 est
1196 4245 1373 4326 inventurn,
1400 4249 1437 4307 ut
1458 4243 1543 4308 idem
1565 4242 1705 4306 Alardus

233 4355 268 4409 30
303 4348 431 4411 domino
462 4347 528 4431 regi
557 4357 590 4411 et
619 4348 679 4412 sibi
709 4347 955 4412 adhaerentibus
982 4348 1152 4431 praecipue
1179 4348 1237 4432 ipsi
1269 4348 1418 4431 magistro
1442 4347 1581 4410 Viuiano
1612 4364 1706 4409 omne

301 4451 462 4515 fidelitatis
485 4450 676 4533 obsequium
692 4453 897 4534 repromittat.
932 4450 1003 4527 Quo
1026 4451 1109 4515 iacto
1137 4453 1286 4535 magister
1307 4452 1467 4515 Viuianus
1489 4450 1703 4533 saepedictus

301 4556 468 4620 confessus
487 4562 536 4620 est
554 4575 661 4619 coram
677 4556 769 4619 nobis
787 4556 826 4619 ab
840 4556 1072 4637 inquietatione
1086 4556 1227 4633 Alardill
1250 4573 1344 4638 saepe
1359 4553 1416 4617 lati
1431 4555 1561 4617 omnino
1582 4573 1706 4618 cessare

302 4665 334 4724 et
363 4680 437 4724 eum
466 4661 500 4723 in
531 4658 662 4743 pacifica
684 4660 884 4743 possessione
907 4660 1007 4744 ipsius
1030 4666 1133 4724 terrae
1156 4660 1272 4741 Godyn
1298 4677 1463 4723 reservare
1493 4658 1553 4722 sub
1585 4657 1705 4722 eisdem

301 4765 394 4828 matis
424 4771 456 4828 et
478 4764 631 4845 terminis,
664 4764 781 4845 quibus
803 4766 871 4847 ipse
894 4770 926 4828 et
955 4762 1214 4846 praedecessores
1237 4763 1288 4826 sui
1318 4767 1497 4825 noscuntur
1525 4761 1705 4845 possedisse

232 4876 266 4927 35
302 4868 432 4949 tamdiu,
463 4868 565 4932 donee
594 4867 675 4932 fines
697 4867 943 4951 promissionum
967 4886 1097 4930 suarum
1126 4886 1233 4929 eoram
1252 4866 1344 4930 nobis
1367 4865 1522 4929 laetarum
1552 4885 1618 4928 non
1648 4884 1706 4929 ex·

302 4972 400 5036 cedet.
422 4971 460 5035 In
477 4973 569 5036 cuins
585 4973 630 5035 rei
654 4973 837 5035 memoriam
860 4978 892 5036 et
914 4972 1015 5036 iactae
1036 4971 1245 5034 ordinationis
1262 4969 1445 5033 firmitatem
1460 4969 1500 5032 ad
1522 4969 1705 5032 instantiam

300 5077 438 5159 partium
454 5082 581 5140 nostras
596 5075 812 5139 concessimus
827 5076 945 5178 literas
956 5074 1058 5178 sigillo
1076 5079 1185 5139 nostro
1201 5074 1411 5157 consignatas.
1433 5070 1552 5137 Datum
1567 5073 1601 5135 in
1623 5071 1704 5136 festo

301 5180 383 5244 beati
406 5180 642 5261 Bartholomey,
673 5199 758 5243 anno
782 5179 902 5243 domini
924 5179 958 5242 M
982 5178 1032 5243 CC
1055 5179 1260 5262 nonagesimo
1285 5178 1406 5260 quinto.

303 5302 561 5310 ————-...—-—.

458 5354 478 5417 ¹)
497 5350 626 5418 Hierasos
639 5349 890 5420 durcltpestrtrben:
907 5349 1019 5403 invenis.

231 5436 268 5492 40
457 5440 479 5506 ¹)
497 5437 627 5504 Hicrouf
639 5437 890 5507 durcltpcslricbcn:
908 5435 941 5492 al.
