4048 6284
1006 542 1050 606 4o

991 729 1061 816 48.

402 895 500 967 Rietr’
524 896 631 966 1225
664 894 744 967 Juli
777 897 837 967 15.
879 894 988 988 Papst
1014 894 1191 967 Honorias
1222 893 1300 966 III.
1329 894 1472 983 fordert
1497 895 1598 982 Belo,
1634 894 1727 969 Solen

325 1015 460 1107 Korer'qs
486 1014 648 1089 Andreas
675 1015 742 1104 11„
779 1019 853 1107 aas,
889 1019 928 1091 ir
959 1018 1036 1091 dem
1061 1040 1126 1091 core
1152 1016 1340 1089 metten
1365 1016 1582 1090 ceromate
1611 1015 1728 1089 reete

327 1137 387 1211 des
411 1136 556 1211 Reicbea
591 1138 648 1211 die
682 1161 757 1211 vom
783 1139 901 1232 Kdaiq
934 1163 1013 1212 eam
1049 1138 1252 1211 Noebtbeile
1286 1138 1346 1209 dee
1380 1137 1563 1210 murman
1594 1136 1728 1210 Orderrs

323 1260 533 1351 retroffenen
567 1256 813 1353 Vcrffiqunyen
838 1283 883 1332 ea
907 1261 1131 1349 wederrusen.
1762 1276 1779 1329 5

484 1423 610 1495 selem
632 1423 842 1480 vesamae
860 1425 971 1480 Arare,

483 1544 596 1601 Druck:
614 1546 748 1617 Reynald
758 1545 863 1601 Arnai.
882 1547 977 1613 XIII,
994 1550 1055 1602 313.
1079 1546 1159 1615 Pruy
1175 1545 1280 1600 Ausul.
1299 1561 1354 1615 ree.
1369 1545 1465 1615 Haeo.
1483 1545 1509 1611 I,
1527 1549 1588 1600 230.
1611 1544 1729 1599 Kutora

432 1632 508 1687 Hist.
526 1633 587 1688 crit,
612 1633 643 1701 V,
666 1636 727 1689 469.
754 1634 841 1702 Pejor
862 1633 952 1688 Codes
970 1633 1033 1700 III,
1056 1637 1082 1699 2,
1100 1638 1143 1688 47.
1171 1632 1294 1688 scheller
1311 1632 1414 1687 Archiv
1432 1632 1458 1699 I,
1476 1635 1537 1687 245.
1569 1632 1682 1687 Teutseb
1699 1650 1727 1686 a.

433 1718 595 1773 romare
612 1718 684 1774 Stet.
708 1719 790 1775 Urlcb.
808 1722 835 1787 I,
852 1724 896 1775 35.
924 1720 1041 1774 I'lreiner
1058 1719 1137 1774 Mors.
1156 1719 1251 1789 Hune.
1270 1720 1297 1787 Ι,
1315 1723 1358 1775 60.

486 1838 600 1909 seem.-
617 1840 745 1895 Potare
763 1840 880 1912 Reyeeta
900 1844 975 1896 7443.
1765 1840 1799 1894 10

431 1997 596 2063 Honorius
619 1999 787 2084 opiscopus
810 2050 909 2065 .....
932 2002 1094 2065 canssimo
1117 2002 1151 2064 in
1174 2001 1299 2065 Christo
1321 2000 1386 2064 filio
1409 2000 1526 2064 illustri
1548 1999 1618 2061 riro
1633 1997 1732 2061 Belae

328 2101 439 2166 iuveni
461 2104 537 2187 regi.
559 2103 725 2169 Intellecto
740 2104 804 2167 iam
826 2104 956 2186 dudum,
973 2104 1060 2187 quod
1076 2106 1258 2169 carissimus
1280 2106 1314 2168 in
1329 2104 1454 2168 Christo
1469 2102 1555 2167 filius
1570 2107 1680 2166 noster
1695 2147 1703 2163 .
1720 2146 1729 2164 .

328 2204 462 2270 illustris
491 2226 550 2271 rex
580 2207 750 2292 Ungariae,
781 2214 871 2292 pater
899 2214 985 2288 tuus,
1015 2208 1222 2272 alienationes
1253 2208 1407 2290 quasdam
1436 2208 1547 2271 lecerit
1575 2207 1610 2269 in
1639 2224 1730 2290 prae·

328 2308 483 2373 iudicium
504 2312 596 2393 regni
618 2312 669 2375 sui
690 2316 724 2375 et
744 2317 857 2376 contra
870 2312 955 2395 regis
969 2312 1132 2393 honorem,
1147 2332 1207 2376 nos
1227 2330 1324 2395 super
1344 2311 1405 2375 hoc
1419 2317 1552 2395 paterna
1565 2310 1730 2373 affectione

329 2413 497 2477 consulere
530 2414 704 2497 cupientes,
733 2414 837 2479 eidem
866 2416 933 2499 regi
964 2416 1129 2499 dirigimus
1160 2417 1277 2499 scripta
1306 2420 1425 2495 nostra,
1454 2421 1493 2479 ut
1523 2415 1730 2478 alienationes
1766 2421 1798 2473 15

329 2515 515 2598 praedictas,
537 2536 603 2580 non
625 2517 773 2582 obstante
794 2520 983 2602 iuramento,
1006 2521 1033 2584 si
1057 2520 1143 2602 quod
1158 2519 1234 2584 fecit
1255 2520 1295 2583 de
1318 2538 1384 2583 non
1399 2518 1586 2583 revocandis
1601 2517 1731 2598 eisdem,

331 2619 458 2683 studeat
478 2638 637 2686 revocare.
661 2620 754 2698 Quod
773 2642 847 2687 oum
870 2628 1016 2687 teneatur
1036 2627 1068 2687 et
1089 2623 1124 2686 in
1142 2624 1348 2687 coronatione
1370 2642 1430 2688 sua
1451 2622 1606 2687 iuraverit
1628 2622 1731 2702 otiam,

329 2723 402 2786 iura
422 2724 513 2806 regni
536 2725 586 2788 sui
608 2731 641 2790 et
661 2727 816 2791 honorem
837 2746 973 2791 coronae
1003 2727 1124 2792 illibata
1153 2746 1290 2809 servare,
1319 2727 1466 2792 illicitum
1496 2725 1638 2809 protecto
1660 2723 1731 2807 fuit,

331 2826 358 2889 si
390 2827 548 2911 praestitit
576 2830 616 2893 de
645 2850 711 2894 non
740 2831 929 2896 revocandis
959 2831 1204 2896 alienationibus
1233 2832 1416 2896 huiusmodi
1449 2833 1665 2915 iuramentum
1699 2832 1732 2892 et

330 2936 499 3015 propterea
520 2933 649 3016 penitus
671 2953 736 2998 non
760 2935 961 2999 serrandum.
994 2934 1151 3012 Quocirca
1172 2936 1375 3000 serenitatem
1398 2940 1487 2999 tuam
1509 2951 1677 2997 monemus
1699 2937 1732 2995 et
1766 2938 1801 2993 20

330 3033 496 3098 hortamur
518 3041 647 3119 attente,
679 3044 838 3119 quatenus
867 3039 900 3102 in
930 3058 968 3103 ea
990 3039 1081 3121 regni
1104 3044 1203 3122 parto,
1227 3057 1323 3120 quam
1347 3058 1389 3103 ex
1412 3038 1611 3102 ordinatione
1633 3036 1732 3120 patris

331 3138 379 3201 tui
401 3137 507 3221 habes,
538 3139 745 3205 alienationes
775 3142 901 3205 easdem
930 3160 1081 3206 revocare
1109 3160 1271 3226 procures,
1301 3143 1481 3206 iuramento
1504 3140 1643 3224 deipsis
1665 3159 1732 3204 non

330 3242 519 3307 revocandis
550 3263 569 3306 a
598 3252 688 3329 patre
717 3251 773 3310 tuo
803 3245 855 3309 vel
885 3251 957 3310 ate
987 3246 1138 3331 praestito
1162 3266 1227 3311 non
1254 3246 1409 3311 obstante.
1454 3244 1539 3322 Quin
1562 3245 1669 3329 potius
1692 3243 1732 3308 de

330 3345 489 3410 iuratione
510 3348 640 3413 incauta
661 3350 851 3432 condignam
872 3351 1100 3433 poenitentiam
1121 3369 1215 3434 agere
1237 3370 1302 3415 non
1326 3350 1460 3413 omittas.
1482 3347 1602 3414 Datum
1623 3349 1731 3431 Reate,

331 3449 442 3515 Idibus
464 3450 553 3536 Julii‚
574 3452 779 3537 pontificatus
801 3454 903 3518 nostri
925 3473 1010 3518 anno
1032 3454 1091 3519 Du
1767 3456 1801 3512 25

998 3729 1068 3813 49.

410 3889 508 3963 Riete‘
542 3895 648 3963 1225
684 3891 881 3985 September
911 3898 941 3965 1.
982 3892 1092 3986 Papst
1126 3892 1303 3966 Honorius
1339 3892 1417 3965 III.
1446 3892 1646 3984 beeaslroqt
1680 3892 1736 3964 die

332 4009 496 4102 Bisebefe
521 4036 587 4086 eon
609 4013 871 4088 Grosswerdeir
890 4016 972 4087 'aad
987 4015 1089 4087 Roob
1114 4017 1179 4087 mit
1196 4016 1259 4088 der
1284 4014 1547 4106 Uetersecboee
1564 4013 1627 4086 der
1640 4015 1731 4086 Aus-

332 4134 573 4228 scbrea‘tenyeo
599 4136 658 4209 des
684 4137 866 4210 macene
897 4136 1040 4209 Ordens.

491 4299 603 4354 orer.-
638 4300 754 4356 ruem
781 4301 859 4355 noe.
884 4300 979 4370 Hem.
1004 4300 1031 4367 1,
1059 4303 1093 4355 er
1119 4299 1191 4354 „aa
1216 4300 1277 4353 rem
1298 4299 1473 4370 memes
1500 4299 1625 4370 meree
1656 4298 1733 4353 raa
1770 4296 1806 4351 ao

437 4386 580 4442 caloae
597 4388 707 4442 Arare.
726 4418 760 4428 -
779 4389 865 4456 ree
886 4388 976 4443 eoae
993 4388 1056 4454 111,
1073 4391 1099 4454 r,
1118 4390 1161 4443 sa.
1186 4386 1308 4442 seem
1324 4386 1426 4441 neae
1444 4387 1471 4453 r,
1488 4390 1549 4441 ree.
1576 4386 1690 4441 rema
1708 4403 1736 4440 e.

439 4472 600 4528 remor
618 4473 691 4529 sse.
714 4474 796 4530 orm.
814 4476 841 4543 1,
858 4479 901 4530 ss.
926 4475 1111 4530 uersarem
1128 4474 1295 4529 neumae
1312 4477 1355 4528 er.

492 4593 605 4665 Reaest:
623 4595 751 4651 Petttuet
769 4596 887 4667 &reste
904 4596 958 4651 Nr.
974 4600 1050 4652 7470.

490 4754 655 4820 Honorius
677 4756 845 4842 episcopus
867 4805 995 4820 .....
1011 4754 1247 4820 venerabilibus
1269 4753 1420 4819 fratribus
1443 4800 1451 4816 .
1476 4754 1515 4829 .¹l
1538 4753 1738 4818 Waradiensi

335 4861 368 4920 et
390 4902 399 4920 .
423 4857 462 4934 .²)
486 4856 653 4923 (lauriensi
675 4860 831 4944 episcopis
854 4859 989 4924 salutem
1012 4909 1141 4922 .....
1171 4857 1365 4923 Detestabile
1388 4878 1513 4942 semper
1534 4864 1584 4922 est
1604 4857 1736 4941 ingrati·
1772 4862 1806 4916 35

335 4959 457 5024 tudinis
479 4962 602 5045 vitium,
633 4983 697 5046 quo
729 4965 803 5046 quis
825 4963 946 5048 accepti
974 4962 1119 5027 beneficii
1149 4969 1182 5026 et
1202 4961 1414 5026 benefactoris
1445 4960 1495 5025 sui
1518 4960 1636 5044 pariter
1658 4958 1737 5023 obli-

336 5063 478 5147 viscitur,
500 5084 575 5129 cum
597 5066 637 5130 ed
652 5068 794 5131 antidota
810 5066 944 5149 quilibet
958 5066 1146 5131 naturaliter
1161 5066 1327 5149 obligetur.
1351 5064 1473 5128 Verum
1488 5082 1527 5128 aa
1540 5063 1737 5146 ingratitudo

336 5166 552 5232 detestabilior
574 5169 779 5254 dignoscitur,
802 5189 876 5234 eum
899 5170 981 5252 quis,
1003 5188 1069 5233 non
1091 5168 1196 5241 solum
1218 5187 1284 5232 non
1299 5174 1349 5232 est
1370 5184 1492 5232 memor
1514 5165 1609 5249 illius,
1631 5186 1651 5229 a
1673 5185 1737 5248 quo

494 5326 515 5394 ¹)
532 5324 699 5380 Αῑιωαπάον.

492 5412 515 5481 ¹)
534 5410 648 5481 (ἔναρον.
1418 5448 1422 5454 .
1773 5404 1809 5460 40
