4048 6284
948 549 987 611 11

267 737 453 802 electionem
483 736 583 820 ipsius
613 737 801 801 auctoritate
830 737 1035 820 dignaremur
1068 735 1241 819 apostolica
1272 735 1466 799 confirmare.
1516 734 1672 810 Quocirca

268 841 457 905 fraternitati
488 846 563 904 tuae
593 859 650 924 per
672 841 845 923 apostolica
873 841 991 923 scripta
1020 839 1217 919 mandamns,
1249 844 1408 921 quatenus
1437 839 1571 902 15111515
1601 837 1671 900 dili·

267 944 394 1027 gentius
415 944 576 1025 inqrusita,
604 944 631 1007 si
653 963 722 1007 rem
743 944 905 1007 inveneris
927 944 972 1007 ita
993 963 1071 1024 esse,
1094 944 1199 1026 ipsum
1209 944 1230 1019 ¹)
1254 943 1440 1006 auctoritate
1464 948 1573 1005 nostra
1594 962 1670 1004 con-

268 1046 374 1111 firmes
404 1047 498 1129 eique
529 1048 693 1127 concedas,
727 1052 764 1111 51
793 1048 827 1109 15
859 1046 1078 1131 spiritualibus
1110 1047 1314 1109 administret.
1364 1044 1482 1109 Datum
1514 1045 1670 1125 Laterani,

214 1157 232 1209 5
269 1147 410 1228 15111551)
432 1149 521 1230 Juhi,
543 1150 747 1235 pontificatus
769 1151 870 1215 nostri
892 1170 976 1215 anno
1001 1156 1115 1232 quarto
1139 1150 1268 1214 decimo.

938 1445 1001 1528 19.

345 1627 438 1696 1211
472 1625 561 1697 5551
586 1625 670 1696 Mat
701 1628 735 1696 7.
776 1625 893 1716 Kdnip
920 1624 1081 1697 Andreas
1117 1624 1172 1695 ΙΙ.
1214 1622 1356 1695 verleibt
1386 1623 1463 1695 dem
1489 1622 1670 1694 5551551155

274 1744 390 1818 aaa
416 1747 480 1819 das
506 1746 743 1818 Barcenlaad.

424 1909 628 1980 macedam
647 1926 701 1964 555
722 1911 811 1979 Ρ5551
831 1910 936 1980 5115555
955 1910 1011 1964 IX.
1030 1914 1107 1976 1231,
1132 1910 1257 1979 11551515
1281 1908 1490 1963 Vatilcam'aches
1507 1907 1617 1962 Arabio.
1636 1937 1671 1947 -

197 1978 233 2033 10
372 1996 428 2051 55
444 1995 1349 2066 555555555555551555555555555555,
1363 2010 1417 2048 aaa
1430 1993 1672 2062 5555155555

372 2082 529 2138 remma
547 2086 625 2149 aare,
648 2082 724 2152 55.
743 2082 933 2137 samareae
951 2083 1133 2153 11555555.

425 2202 537 2257 Druck:
560 2202 645 2272 11551.
663 2203 800 2273 11555515
818 2203 873 2270 IV,
890 2208 950 2258 219.
970 2205 1056 2272 Fejtr
1077 2203 1167 2259 Ocalea
1185 2205 1248 2269 III,
1268 2207 1326 2257 106.
1352 2203 1466 2257 Bethlem
1485 2202 1578 2256 655511.
1594 2202 1671 2255 Dor·

372 2289 489 2358 11511555
504 2292 544 2343 70.
563 2288 686 2343 Malla
698 2290 800 2344 Archiv
813 2291 838 2357 1,
856 2294 915 2344 214.
944 2291 1055 2345 Teatacb
1067 2308 1095 2345 5.
1108 2290 1269 2346 Firababer
1282 2287 1354 2343 seo.
1371 2288 1452 2343 Uret.
1466 2289 1491 2356 1,
1508 2293 1534 2342 8.
1557 2287 1672 2342 raam

373 2375 451 2430 noa.
471 2375 567 2444 Hanc.
586 2375 612 2441 I,
630 2380 672 2430 95.
691 2376 875 2431 1155555555
892 2377 1187 2432 1155515551556555
1206 2380 1264 2430 115.

199 2497 233 2549 15
426 2496 537 2566 Reponi:
555 2494 677 2550 Strebltc
699 2497 820 2552 Tabulae
839 2501 896 2552 156.
922 2497 1011 2553 Scato
1029 2497 1104 2552 Stet.
1123 2497 1268 2552 oblectltdr
1286 2498 1310 2564 1,
1328 2502 1354 2551 2.

424 2671 463 2734 15
477 2671 607 2735 5515155
622 2677 750 2735 sanctae
765 2672 914 2736 trinitatis
930 2678 962 2736 et
983 2672 1167 2735 individuae
1182 2671 1321 2735 unitatis.
1345 2671 1490 2734 Andreas
1505 2671 1555 2734 dei
1571 2670 1672 2753 gratia

268 2774 462 2858 Hungariae,
478 2773 662 2855 Dalmatiae,
680 2774 832 2855 croatiae,
847 2776 974 2859 Romae,
989 2775 1127 2858 Serviae,
1140 2776 1272 2839 Galitiae
1287 2774 1550 2857 lodomiriaeque
1565 2794 1624 2838 151
1639 2776 1671 2837 15

268 2883 466 2963 5515515551.
499 2878 589 2943 Inter
610 2878 725 2962 regalis
748 2879 955 2943 excellentiae
978 2880 1123 2963 insignia,
1155 2879 1272 2961 quibus
1294 2879 1481 2942 recolendae
1504 2879 1673 2943 memoriae

269 2986 506 3046 antecessorum
528 2987 713 3046 nostrorum
734 2982 902 3045 recolenda
924 2983 1076 3046 memoria
1097 2984 1276 3067 insignitur,
1302 2983 1386 3047 istud
1409 2982 1619 3053 excellentius
1642 2987 1674 3045 et

200 3089 236 3144 20
270 3084 551 3150 commendabilius
580 3105 657 3169 prae
686 3085 800 3148 ceteris
829 3086 1001 3167 invenitru,
1038 3087 1297 3150 commendandis
1319 3084 1497 3168 hospitibus
1529 3084 1673 3167 largioris

269 3188 466 3253 liberalitatis
497 3190 663 3253 dexteram
692 3190 866 3272 porrigere,
902 3210 1039 3271 quorum
1069 3190 1269 3254 conversatio
1298 3195 1331 3253 et
1359 3188 1447 3251 utilis
1476 3207 1545 3252 esse
1574 3206 1673 3270 regno

273 3293 464 3358 discernitur
487 3294 641 3358 51515115
664 3294 724 3357 deo
747 3294 1005 3357 commendabilis
1028 3314 1098 3358 esse
1121 3295 1285 3378 reperitur.
1316 3293 1401 3356 Hinc
1424 3291 1580 3372 estquod
1603 3291 1674 3376 piae

271 3396 499 3460 recordationis
527 3402 697 3480 parentum
726 3402 910 3463 nostrorum
944 3399 1079 3481 vestigia
1107 3399 1160 3482 pio
1191 3398 1346 3462 desiderio
1377 3394 1612 3478 amplectentes,
1642 3399 1675 3458 et

272 3505 420 3564 aeternae
456 3500 540 3564 vitae
575 3499 722 3564 bravium
754 3521 828 3564 cum
862 3501 908 3565 eis
937 3508 1010 3585 post
1038 3508 1239 3586 praesentem
1273 3518 1405 3563 cursum
1437 3497 1674 3581 apprehendere

202 3606 236 3660 25
271 3603 445 3686 cupientes,
475 3604 639 3668 cruciferis
668 3604 708 3667 de
731 3604 877 3688 hospitali
900 3611 1027 3669 sanctae
1049 3605 1177 3686 Mariae,
1209 3603 1293 3685 quod
1327 3602 1521 3684 quandoque
1553 3601 1673 3663 151115

269 3705 458 3787 Jerusalem,
492 3707 549 3772 sed
578 3708 672 3771 modo
702 3709 840 3791 peccatis
870 3709 1072 3791 exigentibus
1102 3709 1199 3773 situm
1230 3713 1278 3771 est
1305 3707 1338 3769 in
1366 3707 1505 3785 Aceron,
1535 3703 1674 3767 caritatis

270 3809 390 3873 intuitu
421 3811 582 3891 quandam
611 3811 854 3875 1511551Β5155
880 3812 1018 3893 nomine,
1046 3812 1132 3876 51115
1157 3811 1254 3874 silvas
1277 3829 1390 3873 versus
1413 3809 1572 3873 Cumanos
1601 3808 1675 3871 licet

271 3913 428 3978 desertam
450 3920 482 3977 et
504 3913 710 3977 inhabitatam
732 3914 926 3977 contulimus
948 3914 1077 3998 pacifice
1100 3914 1336 3978 inhabitandam
1367 3919 1400 3977 et
1429 3914 1463 3975 in
1485 3918 1674 3996 perpetuum

271 4015 371 4081 libere
400 4017 632 4101 possidendam,
662 4024 699 4082 51
728 4026 760 4082 51
782 4038 916 4101 mgnum
944 4038 1001 4102 per
1026 4019 1301 4082 conversationem
1330 4037 1440 4081 eorum
1470 4022 1674 4101 propagatam

204 4122 239 4177 50
273 4119 423 4183 dilatetur
451 4126 484 4184 et
512 4120 683 4185 elemosina
713 4129 821 4186 555115
849 4143 906 4206 551
935 4125 1110 4187 5151155551
1141 4141 1251 4186 551515
1279 4122 1319 4184 ad
1348 4120 1522 4184 remedium
1552 4119 1675 4182 animae

271 4228 399 4288 nostrae
422 4229 455 4287 et
475 4230 644 4308 parentum
659 4230 843 4289 nostrorum
865 4247 972 4290 coram
994 4247 1118 4291 summo
1141 4227 1200 4289 deo
1217 4226 1409 4308 deportetur.
1438 4223 1607 4286 Praeterea
1629 4222 1675 4285 eis

270 4327 494 4409 concessimus,
510 4329 634 4409 quodsi
649 4349 765 4392 aurum
775 4329 827 4392 rel
840 4335 1005 4412 argentum
1021 4330 1064 4393 ibi
1077 4331 1109 4392 in
1123 4330 1283 4413 praedicta
1296 4334 1380 4391 terra
1391 4327 1493 4390 Borza
1508 4326 1675 4389 inventum

271 4430 377 4511 tuerit,
399 4450 552 4515 unapars
567 4431 607 4494 ad
622 4430 733 4495 fiscum
748 4433 928 4516 pertinebit,
944 4433 1068 4515 reliqua
1083 4434 1122 4496 ad
1138 4453 1193 4497 eos
1208 4432 1404 4496 devolvetur.
1426 4430 1563 4513 Insuper
1577 4428 1676 4492 libera

270 4534 341 4597 1515
361 4540 394 4598 51
415 4533 534 4598 tributa
548 4534 690 4599 15151551
712 4536 856 4599 eiusdem
877 4542 981 4601 terrae
1003 4538 1049 4601 eis
1071 4535 1210 4600 totaliter
1232 4535 1431 4615 indulsimus,
1454 4540 1486 4597 et
1508 4533 1548 4596 ad
1570 4532 1674 4595 muni·

204 4639 237 4692 35
271 4656 345 4702 5155
368 4638 457 4721 regni
487 4644 598 4701 contra
619 4638 779 4703 Cumanos
808 4645 912 4703 castra
932 4639 1038 4722 lignea
1065 4645 1098 4703 et
1127 4638 1224 4702 urbes
1256 4638 1376 4722 ligneas
1406 4643 1591 4701 construere
1620 4654 1675 4698 eos

270 4743 480 4825 permisimus.
517 4740 819 4825 81515151555115511
853 4743 938 4825 quod
969 4742 1078 4807 nudus
1109 4742 1246 4805 rairoda
1275 4761 1371 4825 super
1400 4761 1455 4805 eos
1486 4740 1675 4802 descensum

270 4844 393 4927 habeat,
415 4844 532 4909 liberos
561 4846 707 4909 denarios
737 4852 769 4910 et
798 4847 939 4930 pondera
970 4846 1016 4910 eis
1043 4847 1231 4927 remisimus,
1262 4852 1294 4910 et
1323 4846 1361 4909 ab
1392 4844 1478 4907 omni
1508 4842 1675 4907 exactione

271 4949 429 5013 immunes
452 4954 484 5011 et
505 4947 622 5012 liberos
652 4969 707 5012 eos
729 4969 799 5013 esse
821 4950 1030 5033 permisimus.
1066 4950 1194 5013 Nullius
1220 4951 1336 5013 iudicio
1367 4949 1434 5012 sire
1466 4946 1674 5011 iurisdictioni

273 5051 334 5114 nisi
356 5050 455 5114 solius
477 5051 561 5134 regis
583 5051 776 5132 subiaceant,
799 5052 935 5116 iudicem
957 5053 1042 5116 inter
1066 5072 1099 5116 se
1121 5052 1274 5135 eligentes
1296 5071 1393 5135 super
1415 5070 1448 5114 se
1471 5050 1674 5113 constituant.

206 5157 240 5211 40
273 5153 340 5219 Nos
362 5174 438 5218 vero
453 5155 644 5238 praemissos
665 5155 837 5219 cruciferos
852 5155 885 5217 in
901 5156 1134 5239 possessionem
1149 5175 1246 5239 supra
1260 5155 1362 5219 dictae
1378 5160 1479 5218 terrae
1493 5153 1598 5217 Borza
1618 5170 1676 5235 per

429 5326 450 5391 ¹)
472 5323 605 5395 Vorlopa:
622 5323 713 5393 ipsam.

427 5412 450 5477 ¹)
471 5409 604 5480 Vorlapa:
620 5410 692 5465 Idus.
