4086 6300
976 585 1131 680 Aoe—

352 767 520 865 consilium
551 769 687 853 principi
717 773 915 857 proponitur,
939 774 1024 857 quod
1049 775 1122 857 quis
1144 776 1196 839 cui
1219 776 1338 854 tribuit
1370 783 1554 862 competens
1576 780 1754 860 subsidium

352 872 495 936 conterat
524 878 557 937 et
586 875 637 937 cui
668 875 779 939 adimit
808 878 918 960 gravia
947 879 1063 943 damna
1085 899 1150 943 uon
1181 879 1312 964 infligat,
1344 901 1402 946 nec
1432 881 1551 946 suflicit
1580 885 1756 969 principem

351 976 543 1042 beneficium
567 978 749 1043 donationis
771 981 956 1065 impendere
984 984 1011 1047 si
1032 985 1258 1067 impedimento
1286 986 1450 1051 turbatum
1472 986 1571 1051 libere
1593 1008 1659 1052 non
1681 1009 1755 1074 prc-

353 1082 445 1161 cedit,
477 1081 557 1145 illud
587 1084 682 1146 etiam
711 1091 817 1167 potest
847 1105 949 1168 aeque
979 1087 1060 1151 benc
1070 1090 1091 1164 ¹)
1121 1089 1240 1169 inferri,
1272 1090 1356 1171 quod
1389 1110 1453 1153 non
1482 1091 1585 1155 solum
1615 1092 1669 1156 ille
1700 1094 1755 1176 qui

352 1187 474 1252 bonurn
503 1186 616 1270 incipit
645 1187 775 1251 denario
806 1189 925 1251 domini
956 1191 1073 1274 dignus
1095 1191 1237 1271 babetur,
1268 1194 1322 1257 scd
1354 1194 1447 1259 etiam
1479 1195 1541 1277 ifle,
1571 1197 1626 1279 qui
1649 1199 1756 1281 priora
1790 1205 1808 1254 5

354 1292 528 1372 continuat
560 1291 668 1374 dirigit
695 1297 727 1355 et
759 1293 847 1357 dotat
868 1295 1087 1377 praerogativa
1116 1293 1270 1369 libertate,
1300 1297 1428 1360 videtur
1458 1300 1542 1362 enim
1573 1299 1612 1363 ad
1636 1299 1757 1365 bonum

354 1403 489 1482 torpere,
522 1396 577 1478 qui
608 1395 647 1459 ab
678 1396 739 1459 alio
771 1396 890 1462 iactum
919 1399 999 1464 illud
1029 1400 1160 1483 negligit
1189 1419 1387 1464 conservare.
1425 1402 1564 1466 Proinde
1594 1409 1643 1467 est
1670 1404 1757 1485 quod

354 1500 546 1567 venerabilis
568 1501 601 1562 in
619 1500 743 1565 Christo
766 1507 856 1586 pater
871 1504 1016 1568 Andreas
1032 1505 1082 1568 dei
1106 1511 1138 1567 et
1160 1504 1350 1588 apostolicae
1373 1506 1457 1569 sedis
1472 1506 1574 1590 gratia
1589 1508 1757 1592 episcopus

353 1606 600 1671 Transsiluanus
632 1604 672 1668 ad
702 1611 843 1669 nostram
866 1607 1076 1689 praesentiam
1100 1608 1255 1672 accedens
1281 1629 1423 1692 suaeque
1445 1609 1605 1675 fidelitatis
1627 1613 1757 1676 servitia

355 1729 521 1795 exponens
551 1709 718 1793 proposuit
748 1716 780 1773 et
802 1709 993 1792 supplicavit
1022 1711 1054 1773 in
1078 1711 1163 1775 bunc
1195 1713 1334 1793 modum,
1365 1715 1450 1795 quod
1479 1715 1618 1779 decimae
1642 1715 1755 1779 salium
1795 1722 1827 1776 10

356 1816 396 1880 de
419 1814 575 1894 Zelakna,
598 1814 637 1876 de
660 1812 857 1893 Kulusalrna,
880 1813 920 1877 de
942 1812 1109 1878 Deesalrna
1132 1824 1164 1880 et
1186 1817 1225 1880 de
1244 1817 1346 1880 Torda
1368 1817 1428 1880 sibi
1452 1825 1484 1881 et
1506 1818 1657 1883 ccclesiae
1680 1839 1756 1883 suae

356 1920 480 1984 ratione
492 1919 700 1982 donationum
712 1924 895 1982 sanctorum
907 1938 1018 2002 regum
1030 1921 1268 2003 progenitorum
1280 1928 1312 1984 et
1323 1928 1559 1986 antecessorum
1572 1928 1756 1986 nostrorum

356 2023 396 2089 ab
420 2023 553 2106 antiquo
576 2022 677 2087 iactae
700 2027 733 2085 et
761 2041 930 2085 concessae
953 2022 1077 2086 debitae
1099 2030 1130 2087 et
1153 2024 1377 2107 provenientes
1403 2044 1460 2108 per
1482 2026 1639 2090 indebitas
1662 2046 1756 2089 exac-

356 2129 462 2213 tiones
492 2126 686 2190 tributorum
709 2132 741 2190 et
769 2145 826 2209 per
856 2127 1001 2209 angarias
1023 2128 1055 2190 in
1080 2129 1219 2191 vecturis
1242 2128 1446 2192 terrestribus
1468 2135 1500 2193 et
1522 2130 1677 2211 aquaticis
1700 2130 1758 2193 iur-

357 2233 545 2320 pedirentur
566 2238 598 2296 et
614 2230 821 2295 turbarentur
835 2236 868 2294 et
882 2230 915 2292 in
932 2230 1082 2294 daumum
1099 2238 1370 2315 converterentur,
1393 2233 1426 2296 in
1442 2234 1543 2317 ipsius
1558 2240 1590 2298 et
1605 2234 1756 2298 ecclesiae
1794 2243 1826 2295 15

358 2356 436 2402 suae
459 2355 525 2399 uon
546 2334 707 2398 modicum
729 2334 958 2418 praeiudicium
982 2341 1014 2398 et
1035 2356 1216 2418 gravamen,
1239 2344 1349 2420 petens
1372 2358 1391 2399 a
1412 2337 1505 2401 nobis
1527 2338 1661 2422 supplici
1685 2358 1758 2401 cum

358 2439 518 2520 instantia,
540 2443 578 2503 ut
601 2457 697 2521 super
728 2438 776 2501 his
799 2437 838 2501 de
861 2439 1000 2502 remedio
1024 2445 1203 2524 opportuno
1234 2441 1327 2504 etde
1354 2442 1554 2505 immunitate
1577 2462 1613 2505 ac
1636 2441 1758 2506 indem-

359 2545 458 2608 nitate
480 2542 577 2627 regali
601 2542 702 2626 gratia
723 2541 891 2625 providere
914 2542 1125 2625 dignaremur.
1155 2543 1222 2607 Nos
1244 2546 1353 2628 itaque
1376 2545 1493 2609 auditis
1515 2547 1616 2629 ipsius
1639 2545 1758 2609 domini

359 2648 498 2733 episcopi
514 2648 607 2711 iustis
621 2644 906 2729 supplicationibus
922 2652 953 2708 et
964 2647 1170 2728 petitionibus
1187 2649 1395 2731 attendentes,
1419 2649 1504 2732 quod
1521 2649 1616 2712 saluti
1632 2656 1759 2713 nostae

322 2814 326 2821 .
360 2759 438 2817 tunc
460 2752 541 2816 bene
564 2750 779 2834 providemus,
810 2751 836 2813 si
862 2748 1013 2813 beneficia
1035 2751 1177 2833 priorum
1201 2752 1233 2814 in
1257 2773 1315 2815 suo
1339 2754 1409 2817 iure
1431 2773 1504 2817 cum
1528 2752 1621 2837 pleno
1645 2752 1759 2816 affectu
1795 2761 1830 2814 20

360 2875 587 2923 conservamus
616 2874 681 2917 non
713 2855 796 2917 enim
829 2855 940 2918 ordine
974 2855 1130 2919 virtutum
1158 2856 1273 2919 minori
1304 2857 1379 2920 sede
1409 2859 1463 2921 sed
1495 2866 1527 2922 et
1558 2856 1638 2921 illud
1668 2856 1760 2937 tucri,

361 2963 448 3046 quod
471 2967 595 3047 partum
620 2965 676 3040 est
701 2978 796 3042 qnam
820 2979 862 3022 ex
886 2979 969 3022 novo
993 2959 1130 3022 condere
1153 2967 1243 3023 actus
1265 2961 1447 3043 gratiarum,
1476 2963 1642 3046 cupientes
1664 2961 1761 3044 igitur

361 3068 431 3151 piae
454 3064 716 3129 considerationis
738 3062 902 3127 affectibus
925 3063 1151 3127 conscientiam
1174 3069 1315 3126 nostram
1338 3064 1509 3128 informare
1532 3072 1565 3129 et
1586 3083 1644 3148 pro
1667 3069 1762 3127 tutet

361 3172 459 3236 tantis
481 3169 574 3232 bonis
589 3167 806 3252 gubernaculo
824 3168 923 3230 nostri
939 3167 1101 3250 regiminis
1117 3167 1226 3230 diviua
1240 3168 1441 3232 miseratione
1464 3170 1593 3233 creditis
1617 3169 1761 3231 volentes

362 3274 541 3357 aliqualiter
556 3272 813 3354 correspondere,
836 3272 1027 3356 praedictam
1051 3271 1254 3335 donationem
1275 3272 1468 3337 decimarum
1484 3274 1598 3337 salium
1621 3272 1653 3335 in
1671 3291 1761 3356 prue-
1796 3282 1830 3332 ‘25

362 3377 454 3442 dictis
468 3376 547 3440 locis
561 3375 621 3460 ipsi
642 3375 770 3437 domino
786 3376 933 3458 episcopo
950 3383 982 3439 ct
997 3395 1073 3438 suae
1089 3375 1240 3439 ecclcsiae
1254 3376 1512 3458 provenientium
1527 3375 1761 3455 confirmamus,

362 3480 554 3546 ratificamus
576 3486 608 3542 et
630 3499 672 3543 ex
694 3479 877 3568 provisione
894 3499 994 3542 novae
1011 3488 1137 3542 nostrae
1160 3481 1279 3561 gratiae
1295 3480 1388 3543 talem
1405 3480 1581 3543 libertatem
1605 3488 1637 3543 et
1653 3480 1761 3543 huius-

363 3586 448 3650 modi
471 3584 682 3665 exemptionis
704 3583 904 3665 privilcg'um
924 3590 955 3646 ct
971 3584 1200 3646 immunitatem
1218 3585 1421 3647 concedimus
1438 3590 1469 3647 et
1491 3584 1657 3647 adiicimus
1672 3604 1761 3667 prae·

364 3690 462 3754 sentis
484 3686 641 3772 privilegii
657 3686 844 3749 auctoritate
868 3688 1045 3769 pracdictos
1065 3687 1146 3750 sales
1162 3688 1330 3750 decimales
1353 3707 1371 3750 a
1387 3687 1523 3750 vaivoda
1537 3686 1760 3769 Transsiluano

363 3801 396 3859 et
419 3793 457 3857 ab
482 3790 630 3854 omnibus
653 3788 841 3853 officialibus
864 3797 895 3853 et
917 3791 1085 3854 comitibus
1101 3792 1167 3854 suis
1191 3798 1223 3854 et
1245 3811 1264 3853 a
1286 3791 1454 3855 comitibus
1477 3810 1619 3854 canrerae
1635 3798 1761 3854 nostrae
1797 3802 1833 3853 30

364 3904 396 3962 et
419 3894 606 3959 officialibus
629 3894 802 3957 eorundem
827 3894 858 3956 in
876 3895 1024 3957 omuibus
1039 3896 1217 3958 eximentes
1239 3896 1271 3957 in
1295 3895 1381 3957 bunc
1404 3895 1542 3975 modum,
1566 3894 1652 3976 quod
1667 3894 1760 3957 iidem

365 4000 514 4065 dominus
544 3998 712 4081 episcopus
734 4003 766 4061 et
789 4000 838 4062 sui
862 3999 1012 4063 officiales
1035 3998 1116 4062 sales
1140 3997 1308 4063 decimales
1329 3999 1361 4062 in
1387 3998 1561 4075 Zcelxalrna
1588 3999 1621 4060 iu
1644 3996 1763 4061 Kulus-

365 4106 455 4185 alrna,
478 4104 511 4166 in
523 4101 689 4167 Deesalrna
712 4108 744 4164 et
766 4102 798 4164 in
811 4102 914 4165 Torda
925 4103 1018 4166 ctiam
1031 4101 1161 4185 capituli
1177 4102 1318 4165 eiusdem
1335 4103 1484 4166 ecclesiae
1509 4102 1590 4166 boati
1603 4101 1764 4166 Michaelis

365 4207 483 4272 ibidem
514 4206 547 4281 in
570 4204 673 4267 Torda
703 4206 742 4269 de
773 4205 941 4269 solitudine
970 4206 1110 4289 ipsorum
1145 4206 1244 4269 libere
1274 4207 1450 4290 percipient
1472 4214 1504 4270 et
1525 4206 1624 4270 libere
1647 4206 1761 4269 deterri

365 4312 482 4375 iaciant
504 4315 568 4373 tem
591 4310 624 4373 iu
648 4310 749 4392 aquis,
782 4328 877 4391 quam
901 4309 933 4371 in
958 4310 1049 4372 terris
1071 4312 1208 4394 propriis
1239 4311 1289 4375 vel
1313 4330 1518 4393 quocumque
1541 4311 1587 4374 cis
1610 4310 1763 4394 placuerit
1798 4320 1833 4369 35

366 4417 400 4480 in
423 4415 564 4480 vecturis
594 4413 715 4495 absque
738 4414 824 4476 omni
853 4414 1020 4477 exactione
1043 4412 1236 4477 tributorum
1262 4420 1294 4478 et
1325 4414 1446 4496 absque
1476 4414 1611 4478 alicuius
1633 4415 1765 4478 alterius

365 4518 583 4604 impedimenti
605 4518 790 4601 gravamine
813 4525 845 4580 et
860 4516 1054 4580 difficultate.
1077 4516 1127 4580 Ita
1143 4518 1228 4598 quod
1246 4518 1353 4581 nullus
1369 4519 1505 4582 vaivoda
1519 4518 1764 4582 'lbanssilnanus

365 4643 423 4708 pro
446 4624 588 4706 tempote
610 4623 805 4685 constitutus
828 4621 878 4685 vel
902 4622 951 4684 sui
981 4620 1140 4699 officiales,
1171 4621 1245 4684 item
1277 4642 1334 4685 nec
1357 4642 1464 4686 comes
1486 4623 1537 4686 vel
1561 4623 1692 4687 comites
1714 4644 1765 4686 ca·

366 4747 526 4792 menarum
549 4732 729 4791 nostrarum
754 4747 811 4810 pro
828 4733 970 4809 tempore
985 4727 1150 4789 constituti
1168 4746 1224 4789 noc
1241 4745 1350 4789 eorum
1367 4725 1518 4790 officiales
1541 4733 1573 4790 et
1587 4727 1765 4810 specialiter

367 4851 427 4895 nec
449 4849 555 4895 comes
577 4831 617 4895 de
634 4830 745 4893 Zonulr
768 4830 906 4911 aliquam
923 4831 1120 4894 exactionem
1138 4830 1247 4892 tributi
1264 4829 1314 4893 vel
1338 4829 1472 4894 alicuius
1495 4831 1626 4894 alterius
1640 4830 1765 4913 generis
1800 4838 1836 4891 40

367 4937 567 5000 exactionem
590 4955 650 4998 nec
672 4934 811 5016 aliquam
834 4934 926 4996 aliam
959 4933 1144 5009 molestiam,
1176 4933 1393 4997 difficultatem
1418 4940 1450 4998 et
1471 4935 1697 5018 impedimenta
1718 4934 1766 4997 in-

367 5039 450 5103 ferre
472 5057 530 5122 per
551 5057 585 5101 sc
615 5038 667 5101 vel
698 5057 754 5121 per
777 5036 855 5100 alios
877 5035 980 5119 palam
1004 5036 1054 5099 vel
1083 5038 1205 5102 occulte
1228 5038 1367 5102 audeant
1391 5037 1439 5102 vel
1463 5044 1676 5122 praesumant,
1710 5038 1765 5101 sed

367 5142 545 5227 praedictos
567 5141 650 5206 sales
672 5141 848 5221 decimales,
873 5146 1035 5222 tamquam
1059 5141 1097 5204 ab
1121 5143 1206 5204 omni
1230 5143 1397 5206 exactione
1427 5141 1537 5205 tributi
1562 5141 1612 5204 vel
1636 5141 1767 5205 alterius

368 5247 504 5310 alicuius
525 5247 652 5330 generis
675 5245 841 5309 exactione
871 5252 1037 5328 exemptos
1069 5246 1188 5328 ubique
1210 5248 1243 5310 in
1266 5266 1364 5329 regno
1389 5251 1497 5309 nostro
1521 5244 1620 5309 libere
1644 5244 1767 5308 deterre

368 5350 554 5434 permittant
582 5355 647 5413 tam
669 5369 727 5433 per
749 5356 849 5413 terras
872 5368 967 5431 quam
990 5369 1047 5433 per
1070 5369 1178 5431 aquas.
1208 5351 1247 5415 In
1277 5352 1370 5414 cuins
1392 5351 1439 5414 rei
1461 5349 1644 5413 memoriam
1668 5347 1766 5411 firmi·
1801 5357 1836 5409 45

526 5487 547 5555 ¹)
568 5483 702 5555 Vorlapc:
719 5485 794 5540 bone.
