4088 6292
986 631 1141 725 Lm

359 820 441 886 Item
463 819 631 884 Nicolaum
661 821 826 884 scabinum
857 822 896 884 de
928 820 1062 899 sibidio,
1097 819 1152 902 qui
1182 820 1307 883 iuratus
1336 819 1428 895 dixit
1461 839 1496 882 se
1526 818 1626 882 dictas
1654 817 1762 882 literas

361 923 481 988 domini
504 923 658 987 vaivodae
679 924 798 988 vidisse
828 930 860 987 et
889 923 1058 987 audivisse.
1103 923 1183 987 Ibem
1211 923 1419 1006 Heniungum
1451 923 1606 985 nuncium
1632 922 1762 1005 provin-

359 1028 488 1093 ciahum
511 1028 550 1091 de
573 1027 707 1109 (titinio,
730 1029 842 1109 quiin
866 1028 987 1090 animas
1002 1027 1144 1110 ipsorum
1167 1026 1409 1109 provincialium
1433 1028 1557 1090 iuratus
1576 1025 1657 1089 illud
1679 1025 1762 1089 idem

360 1131 538 1196 affirmavit.
581 1132 663 1194 Item
685 1131 857 1195 Hemicum
887 1141 1126 1215 procuratorem
1156 1128 1307 1192 ecclesiae
1339 1131 1481 1192 omnium
1509 1135 1693 1192 sanctorum
1723 1129 1762 1191 de

361 1234 546 1316 Keldenich,
570 1235 626 1316 qui
641 1235 766 1298 iuratus
788 1235 871 1297 dixit
885 1234 965 1297 illud
980 1235 1073 1313 idem,
1096 1241 1129 1297 et
1143 1233 1275 1315 insuper
1290 1233 1373 1296 idem
1389 1233 1577 1297 Bertoldum
1591 1233 1763 1316 plebanum
1798 1242 1814 1294 5

361 1339 512 1403 ecclesiae
541 1338 720 1423 praedictae
750 1338 969 1422 aplebesanis
999 1338 1067 1400 suis
1096 1338 1136 1400 ad
1166 1338 1227 1401 iter
1257 1338 1472 1421 arripiendum
1509 1337 1607 1401 tunsae
1637 1337 1763 1419 publice

362 1442 568 1524 licentiatum,
600 1443 676 1506 item
698 1442 866 1506 Nicolaum
889 1443 1019 1505 fratrem
1051 1442 1125 1504 dicti
1148 1443 1364 1525 procuratoris
1386 1460 1461 1504 oum
1483 1442 1661 1504 iuramento
1684 1440 1764 1504 illud

361 1546 445 1610 idem
468 1552 671 1610 asserentem.
693 1546 775 1610 Item
792 1546 867 1609 dicti
890 1545 1018 1630 plebani
1033 1546 1065 1607 in
1090 1547 1141 1608 sui
1156 1546 1364 1609 excusatione
1380 1545 1488 1608 literas
1504 1545 1596 1608 nobis
1610 1544 1764 1628 plurimas

360 1655 614 1733 praesentarunt
637 1650 784 1714 videlicet
806 1668 848 1713 ex
871 1655 960 1734 parto
984 1650 1202 1713 universitatis
1225 1649 1424 1724 cibiniensis
1446 1649 1523 1712 item
1545 1648 1764 1711 universitatis

362 1753 402 1817 de
424 1752 535 1835 Sebys,
559 1754 635 1817 item
659 1753 786 1836 Georgii
809 1754 936 1838 plebani
960 1754 999 1817 de
1022 1752 1156 1829 cibinto,
1179 1752 1254 1815 item
1279 1751 1412 1814 Walteri
1435 1753 1575 1834 magistri
1599 1751 1763 1835 hospitalis
1800 1759 1833 1813 10

362 1858 463 1921 sancti
493 1858 624 1939 spiritus
652 1858 789 1921 civitatis
820 1858 972 1940 eiusdem,
1003 1859 1079 1921 item
1101 1857 1258 1921 Johannis
1288 1855 1415 1940 plebani
1442 1856 1481 1918 de
1513 1855 1588 1919 villa
1610 1855 1763 1935 Vmberti,

364 1980 446 2043 quae
468 1980 579 2024 omnes
602 1981 636 2025 sc
659 1980 756 2046 super
777 1962 902 2025 literam
918 1963 1039 2025 domini
1062 1962 1216 2025 vaivodae
1232 1960 1457 2041 fundaverunt,
1481 1978 1522 2031 ex
1538 1960 1631 2023 cuius
1654 1963 1763 2022 tenore

362 2066 522 2149 perterriti
551 2066 592 2129 ad
620 2066 818 2149 praedictum
848 2066 909 2130 iter
931 2070 1154 2149 procuratores
1177 2064 1352 2128 eorundem
1384 2064 1556 2148 procedere
1577 2083 1644 2126 non
1667 2062 1764 2126 aude·

362 2170 448 2252 bant,
470 2171 564 2234 ouius
585 2170 780 2233 contrarium
811 2169 915 2233 dictus
937 2171 1085 2253 princeps
1120 2175 1183 2232 tarn
1206 2187 1381 2252 persuum
1403 2167 1567 2250 nuncium,
1590 2187 1686 2250 quam
1708 2185 1766 2250 per

362 2294 438 2339 suas
467 2273 575 2337 literas
604 2275 639 2336 in
669 2274 753 2337 dioto
783 2276 920 2338 termino
950 2293 1054 2337 coram
1087 2272 1179 2335 nobis
1210 2291 1287 2335 suae
1317 2271 1503 2335 intentionis
1530 2290 1677 2335 assertus
1699 2288 1762 2333 non
1801 2281 1833 2332 15

362 2378 462 2442 fuisse
484 2397 540 2442 cos
561 2377 714 2462 plebanos
736 2377 788 2441 vel
803 2383 1025 2462 procuratores
1041 2377 1215 2440 eorundem
1239 2375 1278 2438 ab
1301 2376 1427 2459 incepto
1443 2376 1556 2438 itinere
1571 2374 1764 2458 praepedire.

363 2481 451 2546 Haec
474 2482 571 2565 igitur
593 2483 638 2546 sic
661 2487 731 2545 acta
752 2488 786 2545 ot
807 2502 912 2545 coram
937 2482 1029 2544 nobis
1054 2480 1205 2543 ventilata
1228 2484 1260 2541 et
1283 2480 1457 2562 inscriptis
1479 2477 1616 2541 fidehter
1638 2477 1766 2541 redacta

364 2593 489 2651 vestrae
510 2586 693 2671 paternitati
715 2585 972 2649 transscribimus
987 2585 1164 2667 sigillorum
1179 2589 1362 2646 nostrorum
1379 2584 1556 2646 munimine
1571 2580 1765 2663 consignata,

365 2690 536 2755 terminum
559 2695 667 2753 autern
690 2689 878 2752 vicesimum
901 2689 984 2752 diem
1007 2710 1026 2752 a
1048 2689 1122 2752 data
1143 2687 1361 2772 praesentium
1369 2686 1390 2764 ¹)
1412 2686 1556 2770 partibus
1582 2684 1764 2748 memoratis

366 2793 519 2857 duximus
552 2792 780 2876 assignandum
813 2812 919 2856 coram
953 2793 1142 2876 paternitate
1175 2797 1282 2855 vestra
1319 2791 1529 2874 peremptorie
1563 2788 1765 2873 comparendi
1800 2799 1836 2853 20

365 2898 401 2960 in
423 2917 519 2961 causa
541 2902 723 2961 memorata
746 2895 865 2961 Datum
881 2897 914 2959 in
931 2896 1013 2958 Vinz
1036 2896 1187 2969 interiori,
1210 2894 1325 2959 Sahato
1341 2895 1374 2956 in
1391 2893 1479 2975 albis,
1502 2893 1604 2957 Nonis
1620 2892 1768 2956 videlicet

365 3001 520 3085 Aprilis,²)
543 3021 627 3064 anno
651 3001 770 3064 domini
792 2978 834 3064 hh.
866 2978 950 3065 00⁰0.
974 2978 1103 3077 virita

193 3112 334 3167 Productio
522 3104 582 3169 Dic
612 3104 723 3181 ultimo
757 3105 875 3168 mensis
896 3105 1016 3188 Aprilis
1046 3103 1302 3187 comparentibus
1332 3104 1366 3165 in
1396 3102 1512 3165 iudicio
1542 3120 1647 3165 coram
1683 3100 1766 3163 dicto

164 3194 340 3303 ‘procuratp-
367 3211 496 3275 domino
527 3210 672 3275 auditore
694 3208 791 3273 Sauto
820 3209 1040 3273 archidiacono
1073 3209 1112 3272 de
1135 3207 1281 3271 Karazna
1303 3207 1455 3270 canonico
1479 3205 1631 3269 molesios
1652 3203 1767 3268 Trans·

194 3271 332 3418 ffissul
368 3314 564 3379 siluanaeex
578 3320 667 3398 parte
682 3333 748 3377 una
763 3318 795 3377 et
810 3313 938 3377 domino
955 3313 1106 3376 Bertoldo
1122 3312 1241 3375 decano
1259 3311 1298 3374 de
1314 3309 1456 3373 Kelnehe
1472 3309 1607 3394 plebano
1623 3308 1766 3373 eiusdem
1802 3318 1836 3373 25

220 3426 310 3495 parts.
367 3419 429 3483 loci
458 3418 718 3503 procuratoribus
747 3418 831 3481 iutra
860 3417 986 3499 scriptis
1019 3436 1061 3479 ex
1095 3420 1183 3499 parte
1217 3414 1324 3495 altera,
1360 3413 1494 3495 quilibet
1522 3414 1664 3497 ipsorum
1694 3431 1767 3496 pro-

368 3523 535 3587 duxerunt
555 3522 774 3605 procuratoris
794 3521 878 3583 intra
900 3521 1016 3602 scripta
1038 3519 1149 3601 sigilhs
1172 3518 1387 3602 pendentibus
1409 3518 1551 3600 sigillata
1577 3517 1681 3580 Tenon
1694 3535 1768 3599 pro·

367 3627 519 3690 curatorii
541 3626 670 3710 capituli
691 3624 908 3688 Transsiluani
931 3623 1002 3686 talis
1025 3628 1081 3686 est

186 3739 341 3793 Prmumm-
523 3730 591 3794 Nos
619 3729 795 3813 capitulum
825 3729 975 3792 ecclesiae
1009 3728 1092 3791 beati
1122 3726 1284 3790 Michaelis
1316 3725 1496 3808 archangeli
1526 3724 1768 3787 Transsiluanae

198 3817 343 3950 wacho-ti
367 3835 583 3920 praesentium
613 3853 670 3917 per
699 3839 844 3897 tenorem
865 3831 1080 3915 significamus
1104 3831 1222 3913 quibus
1244 3831 1374 3915 expedit
1397 3830 1566 3909 universio,
1600 3827 1687 3910 quod
1709 3846 1768 3890 uos
1803 3837 1839 3893 30

186 3911 333 4043 ffloepss,
370 3939 534 4002 dominum
564 3937 716 4001 Sanctum
747 3937 1003 4000 archidiaconum
1035 3937 1074 3999 de
1104 3935 1249 3999 Karazna
1279 3934 1531 3998 concanonicum
1558 3938 1705 3996 nostrum
1734 3932 1768 3993 in

187 4051 342 4105 tulodrans-
369 4045 459 4107 curia
480 4042 671 4106 venerabilis
693 4043 792 4124 patris
814 4041 921 4105 fratris
933 4040 1068 4104 Gentilis
1083 4040 1286 4102 miseratione
1301 4039 1409 4102 divina
1425 4037 1509 4100 tituli
1524 4038 1625 4101 sancti
1640 4035 1769 4101 Martini

212 4129 321 4262 ⁸³¹3&
368 4149 403 4211 in
426 4146 591 4211 Montibus
612 4145 792 4230 presbyteri
814 4144 992 4220 cardinahs‚
1015 4142 1305 4227 apostolicaesedis
1328 4141 1421 4224 legati
1444 4141 1478 4203 in
1502 4140 1650 4205 omnibus
1665 4139 1769 4203 causis

204 4285 325 4355 capitulo.
370 4270 428 4315 seu
450 4252 595 4335 negotiis,
626 4268 709 4332 quae
731 4268 835 4313 coram
866 4250 935 4332 ipso
966 4248 1094 4311 domino
1125 4246 1228 4329 legato
1259 4245 1311 4308 vel
1340 4264 1445 4308 coram
1481 4262 1685 4325 quocumque
1708 4242 1769 4305 alio

369 4355 474 4419 iudice
507 4356 650 4436 delegato
681 4353 733 4416 vel
763 4353 923 4416 ordinario
958 4352 1041 4415 infra
1070 4351 1222 4415 terminos
1255 4367 1332 4412 suae
1367 4348 1533 4431 legationis
1566 4354 1678 4411 contra
1709 4365 1769 4410 nos
1804 4356 1838 4411 35

370 4464 577 4523 moverentur
588 4457 640 4522 vel
651 4476 712 4521 nos
727 4476 856 4521 movere
867 4475 997 4520 necesse
1013 4456 1211 4534 haberemus,
1228 4460 1373 4516 nostrum
1389 4453 1622 4534 constituimus,
1637 4452 1770 4515 fecimus

371 4569 403 4626 et
425 4562 644 4625 ordinavimus
664 4580 776 4625 verum
793 4560 969 4643 legitimum
993 4566 1024 4623 et
1046 4558 1256 4623 sufficientem
1272 4555 1518 4638 generalemque
1532 4561 1769 4639 procuratorem

371 4673 403 4731 et
425 4667 593 4749 syndicum
615 4667 836 4746 nunciumque
867 4664 1034 4748 specialem
1057 4664 1098 4727 ad
1120 4663 1288 4746 agendum,
1318 4660 1562 4739 defendendum,
1588 4658 1770 4742 petendum,

370 4771 645 4854 interrogandum,
679 4770 953 4853 respondendum,
987 4766 1283 4846 contradicendum,
1316 4763 1544 4846 rephcandum,
1576 4761 1771 4845 ponendum,

370 4874 594 4959 excipiendum
621 4873 869 4955 dilationemque
898 4873 1088 4958 petendum,
1118 4870 1322 4934 subeundum
1349 4869 1563 4932 iuramentum
1594 4865 1771 4929 calumniae
1804 4873 1841 4928 40

371 4985 403 5043 et
418 4978 458 5042 de
472 4977 606 5042 veritate
621 4977 763 5058 dicenda,
785 4975 958 5039 iurandum
971 4976 1007 5037 in
1028 4975 1150 5038 animas
1172 4977 1297 5035 nostras
1313 4979 1345 5036 et
1366 4972 1407 5034 ad
1421 4970 1649 5056 praestandum
1664 4970 1771 5033 cuius·

370 5082 449 5146 libet
470 5081 596 5165 generis
618 5082 852 5144 sacramentum
874 5082 907 5142 et
928 5079 1144 5140 iuramentum
1159 5076 1383 5157 recusandum,
1405 5073 1632 5155 confitendum,
1655 5072 1771 5136 transi·
