4064 6288
1013 590 1168 686 aaa*

393 781 508 856 Patalr
533 783 630 856 educi
656 783 782 857 fecerat
808 788 841 856 et
866 784 1014 877 extrahi,
1039 792 1072 857 et
1098 785 1220 858 exinde
1246 790 1379 881 patrem
1405 788 1565 857 nostrum
1582 783 1791 881 investigari

394 903 548 997 faciebat,
582 904 790 977 machinans
822 927 902 977 eum
933 906 1072 1001 privare
1103 906 1178 978 iure
1204 906 1382 1002 geniturae
1413 911 1447 978 et
1476 903 1575 1000 regui
1601 903 1791 978 diademate

394 1024 551 1119 spoliare,
581 1026 656 1120 ipse
688 1025 855 1121 magister
880 1025 1004 1098 Petrus
1037 1049 1114 1098 cum
1142 1027 1281 1099 Matheo
1307 1027 1413 1099 frama
1440 1047 1503 1098 suo
1529 1024 1682 1120 primum
1708 1049 1789 1121 oap-

392 1144 520 1218 tivavit
551 1146 780 1241 speculatores
812 1146 982 1219 exercitus
1014 1147 1073 1220 avi
1104 1147 1215 1220 nostri
1246 1153 1366 1220 eontra
1396 1154 1528 1242 patrem
1558 1152 1716 1219 nostrum
1746 1147 1789 1220 ad

392 1265 641 1361 explorandum
667 1268 825 1340 clanculo
851 1268 1050 1361 destinatae,
1076 1269 1202 1364 quibus
1229 1269 1269 1340 de
1295 1267 1495 1363 captivitate
1519 1266 1719 1339 huiusmodi
1745 1268 1788 1341 ad
1824 1289 1841 1340 5

392 1387 562 1460 cautelam
595 1388 775 1482 absolutis,
808 1412 869 1485 per
899 1389 1113 1486 quorundam
1146 1389 1312 1462 baronum
1350 1387 1440 1483 patri
1475 1394 1592 1460 nostro
1625 1386 1791 1482 fidelium,

392 1507 472 1581 licet
498 1514 581 1582 tunc
607 1510 676 1605 ipsi
694 1533 760 1583 avo
778 1517 895 1583 nostro
913 1517 1025 1583 coacte
1043 1510 1300 1603 famulantium,
1327 1507 1482 1582 Saxones
1500 1508 1614 1581 etalii
1632 1509 1790 1583 homines

391 1629 543 1726 regionis
569 1630 822 1703 Transilvanae
854 1629 897 1703 ad
929 1638 1060 1725 patrem
1086 1636 1245 1703 nostrum
1271 1630 1454 1721 redierunt,
1489 1652 1566 1702 eum
1594 1630 1790 1704 naturalem

392 1754 503 1822 terrae
529 1750 706 1823 domiuum
733 1757 983 1847 cognoscentes.

470 1870 597 1943 Datum
629 1894 690 1967 per
719 1894 848 1944 manus
882 1871 1042 1967 magistri
1067 1870 1243 1946 Benedicti
1270 1872 1469 1945 Orodicusis
1500 1871 1663 1944 ecclesiae
1688 1896 1787 1968 prae·
1825 1892 1859 1946 10

391 1992 504 2087 positi,
531 1991 633 2065 aulae
659 2000 797 2065 nostrae
824 1992 1097 2065 vicecancellarii
1128 1992 1242 2066 dilecti
1268 1998 1301 2066 et
1325 1991 1440 2065 fidelis
1466 1992 1587 2086 nostri,
1613 2016 1705 2066 auno
1731 1992 1788 2066 do·

391 2112 481 2185 mini
498 2112 751 2187 iucarnationis
769 2113 827 2186 Μ0
840 2111 1049 2186 OO⁰LXX⁰
1074 2114 1181 2207 tertio,
1206 2113 1334 2186 decimo
1351 2112 1529 2187 Kalendas
1554 2113 1666 2208 Junji,
1689 2115 1790 2212 regui

393 2238 509 2306 autem
535 2234 646 2307 nostri
672 2257 764 2308 anno
789 2234 909 2330 primo.

547 2398 659 2453 nnoee:
682 2398 791 2454 Weaeel
815 2399 879 2454 eoo.
897 2399 1006 2468 Arpad.
1030 2398 1088 2465 IX,
1113 2404 1148 2454 12
1170 2400 1241 2454 nach
1267 2401 1327 2454 dem
1353 2399 1430 2470 Θήρ.
1453 2399 1557 2469 Unger.
1582 2400 1790 2455 Londeeurcleiv

494 2485 646 2553 Budapcet.
664 2515 698 2525 -
717 2486 803 2553 Fejer
823 2485 913 2541 dodae
935 2486 967 2553 V,
990 2490 1017 2554 2,
1040 2490 1084 2542 95.
1117 2486 1229 2541 Teeteclr
1252 2503 1280 2540 u.
1300 2486 1460 2541 Fimdrabcr
1485 2485 1557 2541 seeo.
1581 2486 1663 2542 Uret.
1682 2486 1709 2555 I,
1727 2491 1786 2542 100.
1823 2490 1855 2543 15

494 2571 678 2627 Deetcuciune
696 2571 862 2628 Documento
878 2575 939 2628 388.
1635 2576 1638 2579 ’

1041 2854 1132 2937 168.

467 3016 577 3085 1273
596 3037 658 3086 vor
676 3013 871 3106 September
897 3022 926 3086 1.
956 3015 1143 3089 ladislaus
1161 3015 1265 3088 iudex
1282 3016 1407 3108 curiae,
1433 3038 1546 3089 eomes
1564 3014 1605 3088 de
1621 3014 1790 3109 Baranya

389 3140 423 3207 et
448 3134 489 3206 de
515 3134 661 3228 Zybiuio
688 3138 741 3208 ae
766 3137 878 3229 Zeepe
903 3139 942 3209 ia
969 3138 1031 3209 der
1064 3135 1229 3209 ortonae
1256 3138 1315 3210 des
1340 3139 1475 3230 Kdaips
1500 3136 1691 3209 Lodisloes
1716 3135 1787 3208 IV.

382 3257 454 3344 fier
481 3256 643 3328 Andreas
674 3256 791 3330 Comes
818 3260 860 3330 de
894 3257 1008 3349 Woylr
1033 3259 1106 3330 aad
1131 3258 1250 3329 Iolcow
1280 3258 1398 3330 Corace
1424 3260 1466 3331 de
1491 3258 1666 3351 Zayeoalyn.
1825 3274 1860 3330 eo

469 3375 598 3449 Datum
618 3400 679 3472 per
691 3401 819 3451 manus
838 3379 1000 3475 magistri
1013 3377 1187 3451 Benedicti
1202 3377 1386 3473 praepositi
1402 3378 1600 3451 Orodicusis
1617 3378 1790 3471 eeclesiae,

390 3496 492 3569 aulae
527 3504 665 3571 nostrae
700 3498 975 3573 vicecancellarii
1010 3498 1125 3572 dilecti
1160 3504 1193 3570 et
1226 3497 1340 3570 fidelis
1376 3499 1496 3592 nostri,
1532 3522 1624 3572 anno
1659 3498 1788 3571 domiui

389 3617 447 3691 Mo
473 3618 558 3691 CC*
579 3618 682 3691 LXX
689 3620 716 3640 “’
736 3621 843 3714 tertio,
869 3620 968 3718 regui
995 3627 1110 3693 antem
1137 3618 1248 3691 nostri
1275 3642 1368 3692 auno
1393 3620 1513 3715 primo.

545 3783 656 3838 Druck:
682 3784 768 3854 Nopy
791 3783 910 3854 sataray
933 3783 1122 3851 okleveltdrl,
1149 3786 1183 3837 13
1207 3783 1278 3837 node
1300 3783 1349 3839 der
1366 3783 1719 3855 Beploude'punpeurlreade
1741 3783 1788 3838 dee

493 3869 616 3923 Erlcecr
627 3869 756 3939 Kapitele
772 3887 826 3925 oon
843 3875 920 3939 1328,
937 3870 1125 3941 aspectaret
1139 3887 1192 3924 oon
1207 3870 1324 3924 Palatio
1336 3870 1475 3926 Nitoloue
1493 3876 1570 3939 1418,
1590 3870 1666 3941 θήρ.
1685 3869 1787 3925 Arelate
1822 3869 1855 3924 25

492 3955 544 4099 ‘del
560 3955 669 4024 &osen
692 3956 811 4028 Setdroy
832 3974 868 4012 ee
885 3957 1101 4028 Now-Mileto.
1119 3986 1154 3997 -
1172 3956 1259 4024 vaje
1278 3956 1369 4013 (ledes
1391 3957 1423 4025 V,
1446 3962 1472 4026 2,
1498 3962 1539 4015 79.
1565 3956 1656 4013 dodae
1674 3956 1788 4026 patriae

541 4084 549 4110 ,
568 4047 627 4100 192.

1045 4269 1135 4353 too.

465 4438 584 4507 1273.
611 4434 766 4525 Bischos
776 4434 1011 4521 Lodoorerius,
1040 4434 1165 4525 Ropst
1182 4433 1227 4503 B.
1247 4433 1321 4504 aad
1337 4433 1402 4505 dos
1419 4432 1565 4525 Kopitel
1579 4454 1646 4504 oon
1663 4431 1785 4504 eroa-

386 4556 542 4627 wordeiu
576 4557 796 4628 oereciclmen
830 4557 903 4643 eof
926 4555 1053 4626 Gruad
1085 4577 1150 4626 ooo
1175 4552 1483 4644 Zeupcnoassopea
1509 4552 1565 4625 die
1591 4552 1786 4641 Eioktafte
1820 4567 1859 4622 30

387 4676 446 4747 des
472 4676 635 4765 Biscleofe
661 4677 734 4748 aad
760 4677 820 4748 dee
845 4677 1007 4767 KopiteLe
1033 4699 1095 4747 eoa
1127 4674 1398 4746 Grosewordeia.

543 4840 746 4908 Einpesctollct
763 4857 817 4893 oon
833 4841 893 4893 dem
914 4839 1001 4906 Osncr
1012 4837 1127 4906 Kopttel
1146 4842 1214 4892 1392
1231 4838 1290 4891 und
1307 4835 1357 4890 mit
1374 4837 1463 4891 dieser
1480 4836 1610 4891 Urlcunde
1627 4853 1681 4890 oon
1693 4835 1786 4903 Konta

490 4926 617 4980 Mattius
636 4931 712 4993 1477,
732 4927 808 4995 θήρ.
827 4927 1007 4980 Hermonnet.
1026 4925 1137 4979 Archiv.

547 5047 771 5118 Uavollctdndipe
800 5048 930 5115 Gaoocey
954 5046 1089 5114 Episcopi
1118 5045 1223 5100 Varad.
1247 5045 1274 5112 I,
1301 5048 1360 5099 121.
1385 5044 1546 5099 Kerccaturi
1573 5043 1785 5113 Compends'en'o
1817 5128 1862 5183 35

490 5134 638 5203 descriptio
656 5133 682 5201 I,
702 5138 760 5188 135.

541 5293 609 5358 Nos
631 5292 840 5356 Lodemerius
870 5291 920 5355 dei
950 5290 1052 5373 gratia
1080 5290 1249 5374 opiscopus
1272 5289 1497 5373 Waradiensis,
1520 5290 1556 5354 B.
1585 5289 1783 5374 praepositus

386 5403 554 5480 totumque
576 5397 720 5461 eiusdem
742 5396 892 5461 ecelesiae
915 5394 1090 5478 capitulum
1106 5393 1322 5478 significamus
1343 5394 1504 5459 universis
1526 5393 1644 5477 quibus
1659 5391 1786 5478 expedit

385 5501 602 5586 praesentium
630 5519 690 5586 per
716 5507 870 5583 tenorem,
900 5498 986 5582 quod
1016 5518 1090 5563 oum
1120 5499 1276 5581 quaedam
1296 5499 1369 5562 iura
1395 5502 1427 5562 et
1454 5497 1672 5582 possessiones
1703 5497 1785 5559 inter
