4088 6292
997 606 1152 712 gra

373 811 405 871 et
426 805 660 891 possessionem
675 804 770 871 villae
792 807 893 870 sancti
908 806 1013 891 Regis,
1037 827 1119 890 quae
1141 809 1175 871 in
1199 807 1419 872 concambium
1444 807 1590 873 villarum
1606 808 1720 890 Vyuar
1741 814 1774 873 et

373 910 487 974 Foludi
520 910 669 974 transivit
700 910 834 973 rescisso
868 916 1033 975 contractu
1067 911 1249 976 huiusmodi
1282 913 1458 975 concambii
1491 914 1576 976 inter
1609 913 1773 976 dominum

371 1015 557 1098 episcopum
587 1019 619 1076 et
646 1012 729 1078 filios
751 1012 934 1098 Sampsonis
956 1014 1124 1097 celebrato,
1146 1014 1268 1096 Mylmd
1299 1014 1403 1078 banus
1433 1022 1465 1080 et
1494 1018 1545 1079 sui
1574 1036 1773 1081 successores

372 1117 617 1182 introducentur
638 1124 671 1181 et
692 1118 899 1182 nihilominus
929 1120 968 1182 de
991 1119 1083 1182 bonis
1106 1119 1336 1202 episcopalibus
1365 1120 1466 1183 eidem
1490 1120 1614 1202 Mykud
1636 1120 1718 1185 bano
1741 1127 1773 1185 et

373 1223 440 1286 suis
462 1221 699 1285 successoribus
715 1223 946 1305 quinquaginta
963 1242 1085 1287 marcae
1107 1231 1248 1306 temporo
1263 1243 1340 1287 suae
1356 1224 1600 1287 introductionis
1615 1225 1649 1286 in
1664 1223 1772 1287 villam
1807 1232 1824 1282 5

373 1326 475 1390 sancti
490 1325 586 1408 Regis
608 1325 677 1389 sine
699 1324 807 1407 aliqua
828 1309 1079 1390 contradictione
1101 1326 1356 1409 assignabuntur.
1394 1326 1551 1391 Dominus
1574 1328 1669 1391 otiam
1691 1328 1773 1410 epis·

373 1449 473 1514 copus
502 1430 537 1492 in
567 1429 816 1493 additamentum
847 1431 1023 1494 concambii
1052 1450 1110 1514 per
1139 1450 1213 1494 eum
1243 1430 1308 1493 dati
1338 1431 1425 1494 dedit
1454 1432 1513 1514 ipsi
1535 1430 1659 1513 Mykud
1690 1430 1773 1494 bano

373 1534 511 1598 decimas
540 1533 580 1597 de
601 1532 758 1617 Nayglolr,
788 1534 827 1598 de
850 1534 972 1616 Vynar,
1002 1535 1042 1598 de
1064 1534 1178 1598 Foludi
1207 1542 1239 1598 et
1269 1533 1309 1597 de
1338 1534 1486 1599 omnibus
1519 1535 1773 1618 possessionibus

372 1638 474 1721 ipsius
503 1636 626 1718 Mykud
659 1636 734 1699 bani
766 1637 827 1701 hoc
860 1656 944 1700 anno
977 1639 1202 1721 provenientes
1236 1639 1518 1721 episcopatumque
1551 1640 1772 1721 contingentes

373 1747 499 1826 praeter
515 1747 661 1823 quartam
676 1740 959 1805 archidiaconalem
975 1748 1007 1804 et
1021 1743 1199 1825 portionem
1211 1742 1419 1805 sacerdotum.
1442 1739 1538 1805 Dedit
1553 1742 1648 1805 etiarn
1662 1742 1771 1805 decem
1809 1750 1843 1801 10

374 1865 496 1931 marcas
518 1845 631 1929 partim
653 1845 687 1906 in
703 1844 849 1927 denariis,
872 1846 986 1927 partim
1008 1847 1041 1907 in
1058 1845 1275 1909 aestimatione
1285 1846 1305 1924 ¹)
1329 1846 1476 1908 denarios
1491 1846 1617 1909 valenti.
1640 1845 1682 1908 Et
1698 1847 1774 1927 qnia

373 1954 510 2031 utraque
539 1968 613 2032 pars
639 1954 837 2012 contractum
867 1948 972 2013 taliter
998 1948 1192 2013 celebratum
1218 1948 1367 2013 firmitate
1396 1949 1560 2013 literarum
1590 1955 1773 2013 nostrarum

375 2052 578 2117 sollenniaan'
600 2058 633 2117 et
648 2052 891 2117 sollennizatum
906 2052 1049 2117 roborari
1065 2051 1201 2133 voluit,²)
1223 2072 1281 2136 pro
1304 2072 1342 2117 eo
1358 2059 1540 2137 praesentes
1562 2053 1670 2117 literas
1692 2054 1773 2137 parti

373 2157 504 2239 utrique
533 2157 748 2220 concessimus
778 2155 871 2239 sigilli
902 2157 1003 2219 nostri
1032 2156 1209 2219 munimine
1239 2156 1410 2220 roboratas.
1448 2155 1566 2220 Datum
1597 2157 1631 2219 in
1654 2159 1774 2220 octavis

374 2261 614 2345 epiphaniarum
637 2260 766 2343 domini,
788 2279 872 2323 anno
892 2260 1035 2324 eiusdem
1058 2237 1091 2323 ii
1121 2238 1171 2323 C⁰C
1190 2237 1354 2323 Lxxxx
1377 2270 1497 2324 octavo.
1811 2269 1843 2320 15

1031 2621 1121 2706 281.

451 2806 541 2880 Rom
558 2808 667 2876 1298
683 2804 792 2877 Mora
809 2807 874 2876 20.
903 2804 972 2877 Die
989 2803 1214 2891 &abbatiss
1233 2803 1390 2875 Basilius
1415 2804 1490 2875 aad
1504 2804 1682 2877 Jobaaaes
1703 2804 1778 2877 aad

374 2928 453 3001 acbt
469 2927 634 3015 Biaehdfe
659 2926 823 2998 atheon
849 2926 912 2997 der
929 2925 1060 2998 Kircbe
1087 2926 1149 2997 der
1166 2924 1474 3017 Predipermdacbe
1499 2927 1538 2997 ia
1565 2924 1777 3017 Scbdssbury

376 3050 476 3122 anon
503 3047 729 3136 Ablosabrt'efi

533 3210 610 3281 Θήρ.
628 3211 709 3281 Parc.
728 3210 940 3281 lbanpetiaebca
957 3209 1175 3265 Ktrebcaorcbiv
1192 3211 1297 3279 Aapsb.
1316 3211 1382 3265 Bet.
1401 3210 1580 3280 &anaim
1605 3209 1662 3264 Dic
1679 3208 1776 3279 δίψεϊ,
1811 3210 1847 3264 20

478 3298 555 3366 aaa,
572 3313 667 3352 waren
685 3298 848 3368 cayrbdnpt.

531 3418 644 3474 Druck:
664 3419 778 3474 Tectscb
795 3436 823 3474 u.
836 3418 998 3474 Ftrnbaber
1016 3418 1088 3474 sec.
1105 3419 1187 3473 Urkb.
1207 3419 1233 3486 Ι,
1250 3422 1311 3473 205.
1335 3418 1444 3473 chtcl
1463 3418 1526 3473 Ood.
1540 3418 1648 3488 Arpod.
1666 3417 1698 3485 V,
1717 3422 1776 3473 191.

530 3594 700 3659 Universis
729 3595 846 3660 Christi
874 3595 1022 3660 fidelibus
1051 3601 1234 3679 praesentes
1267 3595 1374 3658 literas
1407 3596 1599 3679 inspecturis
1628 3615 1688 3659 nos
1719 3595 1777 3658 mi-

377 3701 534 3764 seratione
557 3698 667 3763 divina
688 3700 786 3763 frater
800 3699 939 3763 Basilius
960 3699 1238 3763 ierosolimitanus
1254 3701 1478 3781 Amisenorum,
1501 3699 1599 3762 frater
1612 3698 1776 3764 iohannes

376 3804 554 3867 Ituritanus
575 3802 811 3885 archiepiscopi,
841 3803 938 3867 frater
959 3802 1106 3868 Matheus
1128 3803 1317 3886 Vegliensis,
1345 3804 1441 3866 frater
1463 3801 1652 3866 Lambertus
1674 3803 1776 3885 Aqui·
1812 3808 1847 3862 25

375 3908 493 3990 nensis,
516 3908 613 3971 frater
635 3906 816 3989 Stephanus
830 3907 1104 3990 Balneoregensis,
1127 3904 1304 3989 [Arefinus]
1324 3905 1579 3988 ildebrandinus,
1602 3907 1699 3970 frater
1713 3906 1777 3970 Ro-

374 4031 492 4075 manus
515 4007 711 4095 Cr[oiensis],
733 4010 837 4074 Adam
859 4009 1120 4091 Marturanensis,
1144 4009 1273 4074 Landus
1295 4009 1479 4091 Suanensis,
1502 4009 1649 4072 Andreas
1671 4009 1777 4073 Vane

376 4116 533 4180 tranensis
554 4114 693 4199 episcopi
708 4114 843 4178 salutem
858 4114 892 4176 in
915 4113 1044 4176 domino
1059 4115 1290 4197 sempiternam.
1314 4113 1471 4197 Splendor
1484 4119 1635 4196 paternae
1658 4113 1776 4197 gloriae

379 4219 434 4300 qui
458 4237 518 4282 sua
538 4219 696 4281 mundum
717 4217 877 4281 illuminat
904 4216 1055 4279 ineffabili
1080 4216 1222 4281 claritate
1243 4218 1296 4301 pia
1317 4224 1393 4280 vota
1413 4216 1556 4280 fidelium
1578 4217 1618 4280 de
1640 4216 1778 4281 clemen-

378 4323 500 4385 tissima
527 4321 629 4404 ipsius
658 4322 824 4385 maiestate
846 4321 1042 4404 sperantium
1073 4325 1150 4383 tunc
1176 4321 1346 4404 praecipue
1375 4320 1512 4403 benigno
1536 4321 1646 4385 favore
1667 4340 1777 4406 proso-
1812 4325 1848 4380 30

377 4425 496 4507 quitur,
519 4444 593 4488 cum
615 4424 732 4488 devota
752 4426 896 4507 ipsorum
919 4423 1081 4487 humilitas
1107 4429 1290 4487 sanctorum
1312 4423 1461 4506 precibus
1483 4429 1516 4488 et
1537 4425 1658 4489 meritis
1688 4424 1778 4488 adiu·

376 4534 480 4592 vatin.
496 4528 695 4612 Quapropter
706 4528 871 4611 cupientes
886 4533 923 4590 ut
933 4527 1067 4591 ecclesia
1077 4528 1212 4591 fratrum
1219 4527 1241 4605 ⁸)
1253 4526 1511 4591 Praedicatorum
1527 4529 1567 4593 de
1579 4528 1778 4613 Schespurch

376 4631 678 4716 wizzenburgensis
700 4631 835 4695 diocesis
850 4633 1000 4715 congruis
1015 4631 1190 4695 honoribus
1211 4651 1230 4693 a
1246 4630 1361 4695 Christi
1375 4628 1524 4694 fidelibus
1546 4630 1778 4713 frequentetur,

376 4741 411 4800 et
431 4736 681 4818 frequentantes,
703 4754 761 4819 pro
785 4734 950 4818 temporali
970 4735 1079 4799 labore
1100 4735 1202 4799 multa
1223 4736 1344 4798 maiora
1359 4734 1514 4798 retribuet
1534 4752 1630 4815 quam
1653 4733 1780 4798 valeant

377 4839 561 4923 promereri,
583 4839 732 4904 omnibus
755 4858 830 4903 vere
844 4839 1082 4922 poenitentibus
1102 4845 1134 4903 et
1156 4839 1317 4921 confessis,
1341 4839 1397 4920 qni
1412 4838 1452 4901 ad
1474 4838 1591 4902 dictam
1613 4837 1779 4902 ecclesiam
1814 4844 1848 4899 35

376 4943 411 5006 in
432 4942 604 5007 festivitate
628 4943 738 5008 beatae
752 4942 880 5024 Mariae,
902 4943 936 5006 in
958 4944 1051 5007 cinus
1073 4944 1193 5007 honore
1215 4943 1300 5006 dicta
1321 4942 1455 5006 ecclesia
1469 4948 1518 5006 est
1532 4947 1724 5023 constructa,
1747 4947 1780 5004 et

376 5047 411 5109 in
433 5045 582 5111 omnibus
604 5045 830 5111 festivitatibus
852 5046 1040 5131 subscriptis
1062 5047 1211 5111 videlicet
1235 5047 1418 5126 nativitatis,
1448 5046 1698 5127 resurrectionis,
1730 5064 1779 5108 as·

377 5151 537 5214 censionis
559 5151 680 5215 domini
710 5155 742 5214 et
763 5149 991 5216 Penteconstes
1021 5170 1147 5214 necnon
1169 5150 1353 5234 nativitatis,
1383 5148 1622 5235 purificationis,
1653 5167 1780 5211 annun·

534 5324 555 5391 ¹)
578 5321 711 5394 Verlape:
728 5320 905 5381 extimatione

534 5410 556 5477 ¹)
574 5408 657 5465 aaa
672 5409 706 5465 ta
722 5410 772 5465 der
793 5410 920 5483 Verlcye.
1814 5404 1850 5460 40

532 5496 554 5569 ³)
577 5496 709 5570 Vorlape:
726 5499 864 5557 hannani
