4084 6302
995 649 1150 745 Q

526 839 665 904 Karolus
694 839 745 904 dei
768 840 869 923 gratia
893 859 952 904 rex
975 839 1160 924 Hungariae
1180 839 1330 905 fidelibus
1353 840 1420 904 suis
1449 838 1609 922 magistris
1630 838 1770 903 Johanni

372 949 404 1008 et
426 944 547 1008 Jacobo
576 943 651 1008 filiis
672 944 796 1008 Nicolai
818 944 987 1008 comitibus
1017 945 1056 1009 de
1078 944 1246 1009 Barassow
1275 949 1308 1008 et
1333 944 1373 1008 de
1394 943 1556 1025 Byztricia
1584 943 1718 1008 salutem
1740 947 1774 1008 et

374 1050 515 1131 gratim.
549 1047 600 1111 Ex
624 1048 824 1129 querimonia
844 1046 973 1111 Martini
1002 1046 1059 1110 filii
1081 1046 1237 1112 Johamris
1259 1047 1335 1111 dicti
1356 1046 1459 1111 Henel
1491 1067 1560 1131 suo,
1581 1046 1720 1112 ladislai
1740 1052 1773 1111 et

371 1152 494 1215 Nicolai
507 1152 640 1216 flatrum
657 1171 790 1216 suornm
803 1152 930 1215 nomine
946 1151 1038 1215 nobis
1054 1158 1200 1235 porrecta
1215 1152 1309 1216 datur
1324 1151 1466 1234 intelligi,
1482 1152 1568 1234 quod
1580 1151 1773 1215 universitas

372 1256 564 1339 populorum
588 1275 645 1319 seu
668 1257 833 1319 hominnm
856 1256 896 1319 de
912 1255 1073 1336 Byrtricia
1086 1262 1119 1318 et
1133 1255 1173 1318 sd
1195 1257 1327 1320 eandem
1344 1255 1571 1340 pertinentium
1594 1253 1772 1338 specialiter
1807 1261 1825 1312 5

371 1361 512 1444 hospites
541 1360 581 1424 de
610 1359 690 1423 Jaad
721 1366 838 1423 terram
868 1379 926 1424 seu
951 1362 1183 1443 possessionem
1205 1360 1374 1446 Epyndort
1402 1366 1557 1442 vocatam,
1586 1377 1683 1443 quam
1713 1378 1772 1422 nos

371 1484 429 1548 pro
451 1463 600 1528 fidelibus
616 1463 778 1545 obsequiis
800 1463 970 1528 meritoriis
984 1466 1136 1551 praedicti
1151 1465 1172 1528 J
1174 1465 1308 1529 ohannis
1331 1464 1406 1527 dicti
1421 1462 1526 1528 Henel
1539 1462 1639 1547 patris
1661 1481 1772 1527 eorum

372 1568 433 1631 sibi
455 1568 488 1630 in
512 1567 595 1631 filios
616 1566 766 1650 filiorum,
788 1567 890 1631 veluti
912 1568 1070 1651 legitimae
1093 1575 1220 1633 nostrae
1242 1570 1346 1653 regiae
1369 1567 1529 1631 collationi
1550 1567 1772 1650 pertinentem,

371 1677 544 1754 perpetuae
566 1671 747 1735 donationis
777 1671 870 1734 titulo
893 1672 1065 1736 contulisse
1088 1673 1313 1756 dignoscimur,
1342 1673 1428 1756 ipsos
1450 1670 1533 1735 filios
1553 1670 1710 1735 Johannis
1732 1670 1772 1734 de

373 1775 484 1838 eadem
499 1775 701 1838 excludendo
717 1775 755 1837 ab
772 1776 849 1859 ipsis
865 1782 1050 1860 usurpatam
1069 1777 1249 1841 detinerent
1263 1784 1296 1841 et
1309 1780 1478 1840 uterentur
1497 1777 1530 1837 in
1547 1776 1770 1839 detrimentum
1809 1778 1843 1832 10

373 1880 473 1942 nostri
496 1879 627 1942 honoris
649 1884 682 1942 et
703 1898 833 1959 gravem
859 1881 1011 1943 iacturam
1035 1881 1114 1943 iuris
1144 1881 1326 1944 eorundem.
1363 1879 1454 1943 Unde
1476 1899 1550 1943 cum
1572 1898 1631 1942 vos
1654 1880 1688 1941 in
1710 1878 1774 1941 illis

373 1983 517 2067 partibus
540 2002 636 2066 super
659 1982 786 2046 eosdem
803 1983 835 2045 in
850 2002 988 2066 persona
1010 1992 1136 2049 nostrae
1159 1985 1331 2049 maiestatis
1345 1983 1445 2047 iudex
1459 1983 1604 2048 existatis
1625 1988 1658 2046 et
1678 1983 1773 2046 iuris·

373 2087 543 2151 dictionem
567 2086 707 2150 habeatis
729 2105 795 2150 non
818 2088 978 2152 modicum
994 2088 1186 2152 admirantes
1201 2089 1462 2172 improperamus,
1484 2107 1543 2151 cur
1563 2107 1623 2151 vos
1644 2087 1772 2152 eosdem

373 2191 412 2254 ab
435 2180 618 2255 huiusmodi
640 2190 759 2254 illicitis
781 2195 814 2255 et
834 2190 1065 2274 indecentibus,
1091 2193 1253 2276 signanter
1275 2198 1386 2257 contra
1408 2198 1547 2255 nostram
1571 2190 1773 2254 collationem

372 2295 491 2377 regiam
514 2295 677 2358 iniuriosis
699 2294 790 2357 factis
812 2314 1013 2379 compescere
1036 2316 1101 2359 non
1128 2297 1246 2360 curatis
1268 2304 1300 2360 et
1322 2297 1408 2380 ipsos
1430 2296 1506 2359 talia
1527 2314 1620 2379 agere
1642 2294 1772 2378 permit-
1808 2299 1842 2350 15

373 2399 448 2481 titis,
478 2405 511 2463 et
534 2398 611 2480 quio
640 2399 808 2481 nosipsos
837 2397 920 2462 filios
942 2400 1099 2465 Johannis
1129 2402 1204 2464 dicti
1226 2401 1330 2466 Henel
1356 2401 1389 2462 in
1419 2400 1581 2484 praedicta
1602 2398 1773 2462 donatione

372 2509 482 2566 nostra
510 2521 701 2566 conservare
723 2502 928 2584 intendimus,
959 2504 999 2566 ob
1022 2506 1081 2569 hoo
1110 2504 1253 2570 fidelitati
1277 2511 1401 2569 vestrae
1430 2503 1522 2567 firmo
1552 2504 1656 2568 edicto
1685 2504 1772 2585 regio

372 2607 603 2691 praecipientes
625 2607 823 2689 mandamns,
853 2614 1013 2689 quatenus
1039 2610 1198 2692 praelatos
1228 2608 1310 2673 filios
1331 2609 1488 2672 lobannis
1514 2608 1591 2672 dicti
1612 2606 1715 2671 Henel
1738 2609 1772 2670 in

373 2710 533 2794 praedicta
554 2711 753 2795 possessione
776 2711 952 2796 Epyndort,
975 2714 1109 2778 eandem
1124 2715 1201 2798 ipsis
1223 2713 1458 2796 reassignando,
1481 2718 1593 2777 contra
1615 2712 1775 2795 quoslibet

375 2812 553 2898 specialiter
575 2820 687 2878 contra
708 2815 887 2898 praedictos
909 2823 1115 2901 occupatores
1137 2836 1327 2881 conservare
1350 2817 1492 2881 debeatis
1514 2822 1547 2881 et
1568 2817 1660 2900 tueri,
1682 2835 1773 2900 prae-
1807 2816 1845 2871 20

373 2923 474 2981 tactos
489 2923 771 3002 praesumptuosos
787 2926 993 3005 occupatores
1009 2921 1143 2985 viriliter
1155 2922 1395 3006 compescendo,
1410 2921 1497 2985 aliud
1511 2922 1630 2985 intuitu
1646 2926 1773 2985 nostrae

373 3021 552 3086 dilectionis
574 3026 607 3085 et
628 3023 712 3086 siout
733 3042 793 3085 nos
815 3024 956 3105 graviter
978 3024 1137 3089 offendere
1160 3026 1336 3090 formidatis
1358 3045 1423 3088 non
1445 3025 1569 3090 facturi.
1598 3024 1716 3089 Datum
1739 3026 1772 3088 in

372 3126 577 3210 Wyssegrad,
600 3127 694 3190 tertio
718 3127 768 3190 die
791 3133 974 3190 octavarum
1003 3129 1074 3192 testi
1101 3130 1340 3212 epiphaniarum
1365 3130 1493 3211 domini,
1524 3149 1608 3194 anno
1629 3129 1773 3193 eiusdem

372 3229 427 3293 no.
451 3208 536 3295 ccc.
559 3229 656 3295 ΧΗ,
677 3232 789 3315 primo.

536 3365 631 3434 Unter
652 3369 720 3433 dem
737 3367 834 3453 Siepet
847 3369 978 3435 Adrasos
999 3371 1065 3435 aad
1085 3369 1410 3457 Kanzleidcmcrlcunp:
1431 3373 1593 3438 Fidelibns
1615 3374 1683 3437 suis
1705 3393 1771 3437 ma·
1807 3375 1844 3429 25

373 3472 482 3557 gistris
496 3473 635 3537 Johanni
651 3480 684 3537 et
704 3473 824 3537 Jacobo
839 3473 913 3543 filiis
928 3475 1051 3540 Nicolai
1066 3477 1235 3542 comitibus
1257 3477 1296 3542 de
1311 3477 1477 3542 Barassow
1501 3482 1534 3542 et
1552 3477 1591 3542 de
1605 3477 1771 3559 Bystricia

528 3575 651 3640 Relatio
673 3577 836 3642 vaivodae.

1031 3854 1123 3940 562.

458 4014 783 4110 Wisoeprod1341
809 4018 969 4090 Febsnor
998 4023 1034 4091 8.
1062 4019 1180 4113 Kdnip
1205 4022 1301 4093 Korl
1325 4022 1484 4114 bestdtigt
1510 4023 1622 4114 enne
1646 4023 1773 4115 Atripe

371 4160 436 4211 oon
452 4138 669 4212 Koltwoeser
693 4141 732 4211 in
758 4140 835 4212 dem
857 4140 976 4213 Besits
1002 4142 1065 4214 der
1086 4142 1263 4216 desselben
1289 4143 1328 4215 in
1348 4143 1482 4216 Tauscb
1500 4167 1608 4236 papea
1629 4144 1771 4216 Tomos-
1808 4162 1853 4239 30„

366 4261 499 4352 potabo
527 4260 579 4333 bei
605 4261 703 4333 Deva
729 4261 968 4335 dbmlosscnen
995 4263 1184 4356 Besitzunp
1209 4263 1395 4337 Lodomos.

532 4424 608 4496 Orip.
621 4426 702 4495 Perp.
721 4425 854 4495 annpet
868 4425 1085 4481 Kirclaeaorchio
1098 4428 1202 4497 supro.
1216 4428 1281 4482 Bet.
1295 4427 1484 4498 Stohenburp.
1503 4429 1599 4498 δῶρά,
1618 4447 1674 4483 nur
1685 4430 1773 4499 &nipe

478 4510 558 4565 Reate
575 4512 743 4579 verbunden,
761 4512 844 4579 rand,
861 4513 894 4565 in
910 4514 1018 4567 weisscs
1036 4512 1136 4568 Wocbo
1153 4516 1210 4583 auf
1223 4516 1273 4569 der
1285 4515 1428 4570 Rttckses'te
1446 4516 1635 4586 casperio-rich,
1653 4516 1773 4569 deraelbe

478 4596 594 4666 Sterneret
611 4598 728 4653 wieder
746 4599 833 4655 Arare
850 4615 903 4653 oon
921 4600 975 4654 Nn
993 4605 1054 4656 515.
1073 4631 1106 4642 —
1125 4601 1329 4672 Photographs'e
1347 4602 1527 4657 Hennenses
1545 4602 1672 4656 Archia*

528 4773 596 4837 Nos
617 4772 756 4838 Karalus
785 4775 837 4839 dei
866 4776 968 4859 gratia
995 4796 1055 4840 rex
1084 4776 1269 4861 Hungan'ae
1298 4776 1513 4862 significamus
1543 4784 1653 4844 tenore
1682 4797 1773 4863 prae·
1807 4785 1844 4838 35

374 4876 512 4940 sentium
536 4878 653 4959 quibus
676 4879 807 4963 expedit
829 4880 998 4960 universis
1030 4880 1118 4961 quod
1138 4880 1290 4946 Nicolaus
1315 4882 1400 4974 filius
1423 4882 1550 4966 Georgii
1572 4881 1628 4946 filii
1649 4881 1773 4947 Nicolai

373 4979 413 5043 de
434 4979 624 5064 Hydegwyz
651 5001 720 5065 suo,
743 4982 824 5047 Ders
846 4983 904 5046 filii
925 4984 1071 5066 Thomae,
1094 4983 1209 5064 Wyzlo
1238 4984 1296 5047 filii
1319 4985 1490 5068 Michaelis,
1520 4987 1595 5050 item
1616 4986 1774 5051 Johannis

374 5088 406 5147 et
418 5082 543 5147 Nicolai
564 5083 705 5149 filiorum
719 5084 820 5167 lllyae
842 5106 879 5150 ac
894 5086 1010 5168 Wyrlo
1034 5093 1066 5151 et
1080 5088 1172 5152 Alius
1193 5087 1333 5152 filiorum
1348 5088 1510 5153 Michaelis
1531 5091 1773 5174 generationum

373 5193 406 5251 et
427 5189 649 5271 proximorum
663 5209 795 5255 suorum
812 5190 996 5254 nominibus
1014 5192 1054 5256 de
1069 5192 1180 5257 eadem
1194 5192 1384 5277 Hydegwyz
1399 5193 1440 5257 ad
1455 5198 1596 5258 nostram
1613 5194 1773 5259 veniendo

373 5292 584 5374 praesentiam
614 5293 770 5358 exhibens
800 5300 833 5359 ct
853 5300 1061 5379 praesentans
1089 5296 1182 5361 nobis
1206 5298 1367 5380 quoddam
1395 5297 1598 5382 privilegium
1626 5304 1773 5363 nostrum
1807 5306 1843 5361 40

374 5394 526 5459 mediocri
549 5396 651 5480 sigillo
674 5406 784 5461 nostro
806 5397 840 5461 in
862 5399 1006 5483 partibus
1023 5400 1238 5486 Transalpinis
1260 5402 1423 5487 deperdito
1446 5401 1676 5487 consignatum,
1697 5423 1774 5467 con·

374 5504 509 5580 questus
534 5500 658 5564 exstitit
679 5502 712 5564 in
742 5501 828 5565 hunc
850 5502 990 5587 modum,
1021 5504 1107 5585 quod
1136 5505 1247 5588 populi
1269 5510 1302 5569 et
1330 5505 1470 5589 hospites
1491 5506 1657 5569 cuiusdam
1679 5506 1774 5571 villae
