4064 6288
955 558 1110 664 „sr—

494 758 674 843 Stephanus
704 757 756 822 dei
784 758 886 841 gratia
914 776 974 820 rex
1002 756 1234 841 primogenitus
1263 756 1396 820 illustris
1418 756 1577 839 Vngariae
1608 762 1640 820 et
1669 756 1738 819 dux

337 860 582 927 Transsiluanus
597 861 746 925 omnibus
767 861 983 945 praesentium
1005 861 1149 923 notitiam
1171 858 1325 923 habituris
1344 858 1479 923 salutem
1500 860 1535 921 in
1557 878 1595 922 eo
1612 860 1668 940 qui
1690 865 1739 923 est

338 985 416 1029 vera
444 965 540 1028 salus.
572 964 752 1028 Plurimum
781 965 912 1048 expedit
942 963 1104 1028 devotioni
1126 964 1231 1045 regiae
1259 962 1447 1043 serenitatis,
1477 963 1553 1044 quia
1578 981 1620 1026 err
1649 962 1738 1025 fonte

338 1070 481 1133 nascitur
502 1068 629 1153 pietatis
648 1073 687 1131 ut
708 1068 876 1131 universos
899 1067 939 1130 ad
962 1086 1057 1130 suum
1079 1067 1186 1130 sinum
1208 1065 1428 1148 confugientes
1448 1066 1608 1147 suscipiat,
1631 1065 1739 1128 foveat

337 1177 370 1236 et
391 1177 537 1256 protegat
559 1189 654 1254 opere
675 1171 810 1255 pietalis,
832 1172 971 1234 maxime
990 1175 1095 1233 tamen
1118 1188 1182 1248 eos
1206 1188 1288 1250 quos
1309 1169 1488 1232 considerat
1510 1169 1675 1251 invigilare
1697 1168 1737 1231 ad
1772 1175 1789 1227 5

336 1293 472 1338 coronae
501 1274 606 1356 regiae
637 1273 769 1357 gloriam
792 1280 824 1338 et
845 1274 1007 1337 honorem.
1043 1272 1127 1335 Hinc
1150 1278 1198 1335 est
1220 1273 1317 1355 igitru
1340 1272 1425 1354 quod
1452 1273 1492 1335 ad
1514 1273 1738 1335 universorum

338 1379 482 1443 notitiam
498 1384 609 1442 tenore
625 1378 839 1461 praesentium
854 1378 1004 1440 volumus
1026 1376 1203 1459 pervenire,
1226 1375 1312 1456 quod
1330 1374 1516 1439 accedentes
1535 1375 1575 1438 ad
1597 1380 1739 1438 nostram

336 1482 548 1565 praesentiam
564 1480 731 1562 Gyaninus
751 1480 837 1544 filius
852 1479 1000 1544 Corrardi
1022 1485 1054 1542 et
1068 1477 1182 1542 Daniel
1203 1478 1289 1541 filius
1303 1478 1459 1542 Johannis
1476 1480 1575 1542 trater
1596 1478 1738 1542 eiusdem

337 1585 554 1649 exhibuerunt
577 1584 669 1647 nobis
691 1584 857 1668 privilegia
879 1603 1013 1647 avorum
1036 1587 1219 1645 nostrorum
1247 1582 1430 1644 inclitorum
1452 1601 1564 1664 regum
1586 1581 1739 1645 Hemirici

337 1688 486 1753 videlicet
515 1696 547 1752 et
568 1688 717 1751 Andreae
747 1693 779 1750 et
805 1688 925 1750 domini
947 1688 1045 1770 patris
1068 1686 1169 1749 nostri
1197 1685 1329 1748 illustris
1359 1686 1443 1767 regis
1464 1685 1570 1767 Belae,
1600 1704 1738 1766 quorum
1774 1691 1807 1744 10

335 1792 576 1876 privilegiorum
590 1809 692 1854 unum
707 1789 856 1853 videlicet
870 1790 997 1854 inclitae
1012 1790 1182 1853 memoriae
1202 1789 1285 1871 regis
1300 1788 1451 1852 Hemirici
1474 1789 1586 1871 incipit
1607 1789 1641 1850 in
1661 1788 1738 1851 haec

337 1893 443 1957 verba
480 1890 585 1976 (Foipt
613 1892 662 1955 dic
692 1888 838 1956 Urbana
867 1892 918 1956 olco
940 1891 1060 1976 Kdnipo
1088 1891 1230 1955 Emeruit
1259 1911 1316 1955 oon
1345 1890 1506 1956 1201Νν.
1537 1892 1604 1964 15.)
1640 1891 1738 1955 Aliud

337 2015 414 2060 vero
437 1996 639 2079 privilegium
661 1994 809 2059 videlicet
830 1996 1017 2060 recolendae
1039 1997 1210 2059 memoriae
1232 1996 1316 2078 regis
1330 1996 1478 2060 Andreae
1501 1996 1683 2059 continetur
1704 1996 1739 2056 in

337 2100 395 2162 hac
417 2100 527 2162 forma
563 2096 668 2181 (noar
697 2097 746 2161 die
775 2095 922 2162 Urlcuada
947 2099 999 2162 dac
1020 2098 1139 2182 Koaips
1160 2098 1304 2162 Andreas
1332 2096 1739 2178 incumbebam.)

336 2203 433 2266 Tertii
456 2222 532 2266 vero
563 2202 720 2284 privilegii
750 2201 898 2265 videlicet
920 2203 1039 2266 domiui
1062 2223 1098 2265 ac
1119 2203 1219 2286 patris
1249 2204 1349 2265 nostri
1372 2202 1525 2264 carissimi
1552 2206 1644 2263 tenor
1666 2200 1738 2263 talis
1774 2207 1807 2260 15

337 2311 394 2369 est
416 2302 522 2387 (Folpl
535 2304 584 2367 die
606 2301 753 2367 Urbano
764 2303 816 2367 dcc
829 2326 885 2368 rex
894 2307 1115 2389 priowpcnitae
1125 2304 1203 2368 Belo
1217 2327 1274 2369 oon
1288 2306 1371 2367 1231
1386 2303 1443 2369 Nr.
1459 2306 1528 2385 63.)
1550 2304 1674 2381 Quibus
1688 2306 1737 2367 in-

337 2408 463 2492 spectis,
494 2407 610 2471 auditis
641 2413 674 2471 et
702 2408 870 2488 intellectis
893 2408 1114 2491 supplicabant
1140 2408 1232 2472 nobis
1259 2409 1320 2471 viri
1349 2428 1446 2491 supra
1468 2408 1551 2490 dicti,
1582 2414 1618 2472 ut
1647 2410 1739 2471 iuxta

338 2512 472 2574 formam
493 2511 733 2595 privilegiorum
756 2512 1031 2595 supradictorum
1054 2513 1139 2594 ipsos
1167 2531 1204 2573 ac
1233 2531 1345 2574 eorum
1366 2512 1499 2575 heredes
1521 2510 1739 2592 heredumque

338 2633 538 2679 successores
554 2615 661 2678 lovere
677 2622 709 2679 et
725 2633 915 2678 conservare
930 2614 1142 2696 dignaremur.
1170 2615 1237 2678 Nos
1252 2615 1349 2697 igitur
1367 2615 1508 2699 ipsorum
1523 2615 1709 2698 petitionem
1717 2613 1738 2690 ¹)

338 2719 455 2781 iustam
469 2719 537 2782 fore
561 2724 593 2783 et
607 2719 798 2802 condignam
813 2718 1051 2782 considerantes
1070 2738 1181 2781 eorum
1196 2718 1480 2801 supplicationibus
1494 2717 1740 2782 misericorditer
1773 2724 1809 2778 20

337 2821 490 2902 inclinati,
512 2822 599 2905 ipsos
615 2822 800 2903 Gyaniuum
821 2829 854 2886 et
868 2821 1033 2885 Danielem
1048 2841 1084 2884 ac
1100 2841 1212 2884 eorum
1232 2841 1431 2886 successores
1446 2842 1597 2886 concessa
1618 2821 1740 2905 perfrui

338 2923 483 2988 volentes
504 2923 658 3007 libertate,
689 2926 803 2989 seriem
824 2925 1064 3009 privilegiorum
1086 2924 1297 3007 gloriosorum
1326 2946 1438 3008 regum
1460 2932 1562 2989 ratam
1587 2926 1739 2989 habentes

338 3026 378 3090 de
393 3027 491 3091 verbo
507 3027 547 3090 ad
561 3028 696 3092 verbum
718 3033 828 3092 nostro
850 3028 1016 3112 privilegio
1039 3027 1208 3091 inserendo
1227 3027 1486 3092 confirmavimus
1505 3036 1538 3092 et
1552 3028 1739 3092 auctoritate

337 3130 587 3214 praesentiunt
610 3131 842 3195 confirmamus.
873 3131 918 3195 Ut
933 3138 1038 3195 autem
1054 3132 1151 3194 huius
1166 3136 1293 3195 nostrae
1311 3132 1491 3196 donationis
1506 3133 1604 3196 series
1618 3138 1650 3196 et
1664 3131 1739 3194 facti

338 3234 436 3297 robur
452 3233 594 3297 obtineat
616 3241 788 3319 perpetuae
802 3234 961 3299 firmitatis
975 3242 1159 3320 praesentes
1177 3236 1392 3299 concessimus
1406 3236 1514 3300 literas
1529 3235 1623 3319 sigilli
1638 3234 1738 3297 nostri
1773 3241 1807 3295 25

338 3338 474 3421 duplicis
488 3339 664 3402 munimine
679 3338 851 3401 roboratas.
875 3337 994 3401 Datum
1008 3358 1066 3422 por
1080 3358 1194 3402 manus
1214 3338 1354 3419 magistri
1370 3339 1426 3402 Ph.
1442 3339 1613 3422 praepositi
1628 3336 1739 3418 Dymi-

339 3442 461 3524 siensis,
483 3442 575 3505 aulae
598 3448 726 3506 nostrae
748 3442 935 3525 cancellarii,
958 3462 1043 3505 anno
1066 3442 1187 3505 domini
1208 3420 1242 3505 il
1264 3420 1356 3507 cdi
1378 3443 1519 3526 septimo.

1006 3786 1073 3876 ab.

416 3967 512 4042 Koa
536 3972 642 4042 1259
666 3971 751 4044 Mat
782 3974 815 4043 7.
856 3972 1072 4062 Erabrscbos
1090 3973 1241 4046 Kourud
1264 3997 1329 4045 oon
1355 3973 1450 4045 Koa
1481 3972 1649 4045 bestimmt
1674 3971 1746 4060 oaf

339 4090 582 4164 Eiaocbreitea
607 4093 666 4165 das
683 4093 817 4166 Kobaer
838 4093 979 4182 Bulbos,
1007 4093 1095 4188 quod
1112 4093 1271 4166 videlicet
1296 4093 1418 4166 nullus
1445 4099 1672 4166 mercatorum
1698 4091 1738 4163 de
1773 4106 1808 4160 30

341 4207 513 4306 Ungario,
529 4208 681 4305 Boemia,
698 4212 852 4301 Polonia
869 4211 1043 4306 Bawaria,
1061 4212 1200 4307 Suevia
1213 4212 1376 4307 Saxonia,
1388 4213 1591 4310 Thuringio,
1603 4212 1739 4285 Hassia

340 4336 374 4401 et
399 4330 670 4426 quibuscumque
693 4333 775 4405 aliis
794 4333 1020 4406 orientalibus
1038 4333 1195 4428 partibus
1221 4356 1300 4406 cum
1328 4334 1501 4407 mercibus
1529 4332 1739 4429 quibuslibet

339 4449 384 4522 ad
408 4449 544 4524 Renum
571 4453 717 4526 veniens
751 4461 851 4527 extra
877 4461 979 4550 atque
1010 4454 1104 4527 ultra
1129 4454 1305 4527 civitatem
1333 4454 1571 4527 Coloniensem
1598 4459 1740 4548 excepta
1787 4516 1790 4521 r

340 4570 416 4643 sola
441 4594 550 4646 causa
574 4574 862 4671 peregrinationis
888 4575 1054 4670 procedat

415 4692 544 4765 Actum
578 4699 612 4766 et
637 4693 757 4767 datum
784 4694 952 4788 Coloniae,
987 4694 1108 4767 Nonas
1135 4693 1234 4788 Maii,
1268 4718 1360 4769 anno
1391 4695 1521 4768 domini
1553 4693 1738 4767 millesimo
1773 4709 1807 4763 aa

339 4808 402 4884 OG.
428 4810 466 4885 L.
492 4835 591 4888 nono.

445 4976 608 5115 XIDruck:
621 4977 778 5033 Laomablct
794 4977 877 5034 Urlrb.
887 4978 931 5047 II,
943 4982 996 5035 261
1008 4979 1077 5034 oliae
1086 4980 1202 5050 :inpube
1214 4980 1263 5034 der
1273 4979 1372 5051 Quelle.
1384 5011 1418 5020 -
1433 4979 1543 5035 Weuael
1557 4979 1621 5035 God.
1631 4980 1739 5050 Arpad.

495 5101 504 5130 ,
521 5065 581 5117 roa

496 5235 517 5300 Ι)
539 5232 671 5304 Vorlope:
689 5236 836 5304 petitiones.

493 5318 515 5387 ¹)
538 5317 670 5390 Vorlope:
687 5320 823 5378 manate
841 5324 1018 5392 praesentim
