4106 6294
939 579 1094 675 ‚24⁴⁷-

313 766 591 831 comminationem
614 767 820 831 continebant
835 769 921 851 ipsae
943 768 1062 847 literae,
1085 774 1118 831 61
1132 787 1230 851 penes
1246 788 1341 850 quem
1364 788 1417 832 eas
1440 769 1571 848 viderat,
1594 773 1627 832 et
1650 788 1714 850 quo

313 871 373 953 die,
397 891 481 935 anno
504 877 537 935 et
559 890 622 953 quo
646 891 755 936 mense
770 879 803 936 et
819 872 935 954 quibus
957 873 1178 955 praesentibus
1196 880 1228 936 et
1250 872 1353 954 qualis
1376 879 1460 936 esset
1482 891 1591 936 earum
1613 878 1714 937 tenor.

469 976 550 1039 Item
573 976 669 1039 etiam
691 977 810 1059 excipit
832 982 943 1039 contra
968 977 1047 1040 alios
1070 983 1174 1057 testes,
1198 978 1254 1058 qui
1277 977 1396 1056 dicunt,
1427 995 1462 1040 se
1485 977 1585 1041 dictas
1607 977 1716 1041 literas
1742 983 1803 1036 IHL

314 1080 434 1144 domim
458 1080 612 1143 vaivodae
634 1081 761 1161 vidisse,
788 1099 927 1162 quorum
950 1081 1033 1144 dicta
1056 1088 1219 1162 tamquam
1241 1081 1463 1144 certitudinem
1487 1100 1553 1143 non
1576 1081 1717 1146 dicentes

161 1234 163 1239 ⁴
262 1191 278 1241 5
314 1183 434 1246 nullam
457 1183 552 1247 fidem
576 1182 705 1263 faciunt,
737 1203 797 1247 nec
819 1185 931 1247 dicunt
961 1185 1000 1247 de
1023 1204 1117 1263 anuo,
1147 1203 1257 1247 mense
1283 1189 1315 1247 et
1337 1184 1395 1247 die.
1429 1183 1599 1248 Praeterea
1619 1190 1717 1249 testes

312 1287 500 1370 supradicti
516 1287 616 1351 etalii
639 1288 672 1349 in
695 1287 788 1351 dictis
809 1288 909 1351 literis
932 1295 964 1351 et
981 1288 1236 1352 attestationibus
1258 1288 1400 1352 contenti
1422 1295 1456 1352 et
1471 1288 1532 1352 alia
1546 1290 1580 1351 in
1596 1289 1716 1353 eisdem

312 1409 466 1474 expressa
496 1390 616 1454 nullam
647 1391 863 1474 impedimenti
891 1391 1023 1473 legitimi
1046 1392 1265 1475 probationem
1296 1391 1427 1473 iaciunt,
1458 1411 1518 1456 nec
1540 1392 1633 1457 dictis
1663 1412 1716 1456 eo·

313 1495 446 1559 rundem
464 1495 593 1558 testium
614 1495 763 1558 standum
786 1500 834 1559 est
849 1515 905 1575 sen
928 1495 1008 1559 fides
1030 1496 1138 1577 aliqua
1156 1495 1342 1577 adhibenda,
1365 1515 1438 1559 cum
1460 1497 1525 1559 sint
1539 1496 1716 1581 singulares

313 1618 349 1662 ac
372 1598 500 1674 incerti·
517 1604 550 1662 et
572 1618 668 1682 super
690 1599 819 1662 incertis
842 1618 952 1661 eorum
975 1601 1185 1664 intentionem
1208 1600 1368 1663 (1111611111

248 1707 281 1761 10
472 1702 576 1778 Quare
599 1722 640 1766 ex
663 1703 833 1785 praedictis
856 1710 888 1766 et
909 1703 987 1780 aliis,
1011 1721 1093 1784 quae
1109 1708 1216 1765 vestra
1237 1702 1357 1766 domini
1380 1704 1534 1769 auditoris
1556 1705 1717 1789 supplebit

315 1806 471 1885 discretio,
502 1806 583 1888 petit
605 1806 771 1890 Philippus
802 1807 995 1870 substitutus
1021 1807 1202 1889 praedictus
1225 1807 1354 1872 nomine
1386 1827 1449 1889 quo
1478 1828 1576 1893 supra
1605 1829 1716 1874 omnes

313 1910 511 1974 adversarios
534 1930 610 1974 suos
632 1912 810 1994 praedictos
832 1918 996 1993 tamquam
1010 1911 1313 1993 excommunicatos,
1336 1912 1516 1976 6111111111
1539 1913 1715 1996 legitimum

312 2014 574 2098 impedimentum
605 2014 777 2098 probantes
802 2017 954 2079 continue
975 2014 1102 2098 publice
1125 2012 1278 2079 nunciam.
1313 2014 1355 2079 Et
1378 2017 1454 2097 quia
1483 2017 1559 2080 dicti
1587 2017 1716 2100 plebani

311 2124 344 2181 et
366 2118 543 2201 singulares
565 2137 720 2201 personae
743 2118 1083 2183 excommunicationis
1107 2139 1143 2181 ac
1166 2119 1393 2183 universitates
1415 2120 1595 2203 praedictae
1616 2120 1715 2184 inter·

244 2228 277 2281 15
313 2221 389 2285 dicti
404 2223 578 2286 sententias
593 2241 650 2305 per
664 2242 724 2286 vos
738 2222 818 2286 latas
841 2223 996 2287 malitiose
1012 2228 1044 2286 et
1059 2223 1207 2286 indurato
1233 2223 1338 2286 animo
1355 2223 1716 2287 (1111116616111161111

312 2331 345 2388 61
366 2326 534 2405 sustinent,
557 2327 637 2409 petit
659 2346 714 2389 eos
736 2327 902 2409 aggravari
925 2334 956 2390 61
978 2332 1090 2388 contra
1112 2346 1167 2389 eos
1189 2327 1229 2389 ad
1252 2327 1315 2390 alia
1335 2328 1483 2409 graviora
1504 2327 1641 2410 procedi.

469 2430 636 2494 Praedicta
666 2431 742 2494 dicit
763 2430 803 2493 ad
833 2450 983 2514 praesens
1005 2429 1171 2513 Philippus
1198 2435 1387 2513 procurator
1408 2431 1590 2515 praedictus
1618 2431 1715 2495 salvis

313 2534 372 2598 sibi
400 2533 470 2597 aliis
492 2554 551 2597 suo
575 2534 644 2597 loco
667 2540 700 2597 et
722 2540 864 2617 tempore
886 2534 985 2597 verbo
1008 2541 1041 2598 61
1063 2535 1095 2597 in
1123 2535 1249 2618 scriptis
1271 2535 1369 2598 latius
1391 2535 1615 2618 proponendis,
1642 2555 1715 2619 pro·

312 2643 448 2702 testatur
470 2638 564 2701 etiam
588 2638 628 2701 de
649 2639 799 2721 expensis
822 2637 914 2702 factis
937 2644 969 2702 et
990 2638 1150 2702 faciendis.

242 2746 276 2799 20
467 2740 591 2817 Quibus
613 2742 713 2805 literis
736 2750 768 2805 61
783 2742 1026 2825 exceptionibus
1049 2743 1199 2806 exhibitis
1222 2743 1327 2807 dictus
1345 2744 1494 2807 dominus
1517 2743 1643 2807 auditor
1665 2762 1714 2807 aa·
1748 2749 1887 2804 remmus

310 2845 448 2927 signavit
477 2847 649 2909 terminum
679 2846 840 2929 praedicto
873 2846 1000 2908 domino
1023 2845 1174 2909 Bertoldo
1203 2846 1242 2908 ad
1273 2847 1491 2929 recipiendum
1522 2846 1645 2929 copiam
1675 2846 1714 2910 de
1753 2829 1787 2882 “d
1804 2827 1883 2960 ‘31³5'

310 2949 429 3012 eisdem
460 2955 492 3013 61
514 2950 554 3013 ad
576 2950 804 3033 replicandum,
835 2950 1031 3030 sivoluerit
1062 2956 1094 3013 61
1116 2949 1194 3013 alias
1223 2951 1262 3013 ad
1285 2951 1523 3034 procedendum
1543 2952 1579 3013 in
1610 2970 1714 3031 causa,
1763 2922 1877 3053 mssmm

310 3060 348 3117 ut
370 3054 409 3118 de
431 3055 501 3118 iure
521 3055 626 3135 fuerit
649 3055 688 3117 ad
712 3055 794 3157 diem
812 3055 922 3118 Martis
943 3054 1120 3137 proxime1)
1143 3054 1288 3118 hrturum
1307 3032 1398 3118 xiil.
1421 3055 1540 3118 mensis
1563 3054 1714 3118 eiusdem.
1764 3060 1873 3116 61611616.

465 3156 525 3220 Die
545 3157 656 3221 Martis
679 3158 769 3240 xm,
793 3159 867 3222 dicti
891 3159 1009 3222 mensis
1032 3158 1108 3221 Maii
1130 3158 1388 3241 comparentibus
1409 3159 1443 3220 in
1466 3158 1583 3222 iudicio
1606 3178 1712 3222 coram
1751 3166 1883 3236 Exhibitio

241 3266 275 3319 25
312 3261 395 3325 dicto
419 3261 546 3325 domino
570 3262 715 3326 auditore
738 3262 999 3346 procuratoribus
1018 3263 1188 3343 utriusque
1209 3263 1308 3345 partis
1330 3262 1509 3345 praedictis,
1531 3262 1713 3325 1116116116-
1750 3243 1886 3334 limlm

310 3366 417 3429 minus
439 3365 611 3429 Bertoldus
633 3366 780 3430 exhibuit
801 3373 914 3430 contra
935 3367 1035 3430 dictas
1064 3366 1173 3429 literas
1196 3372 1228 3429 et
1249 3367 1455 3449 exceptiones
1477 3365 1635 3429 exhibitas
1656 3384 1714 3449 per
1738 3322 1895 3471 ξᾙᾛζ

310 3470 430 3533 dictum
452 3470 639 3553 magistrum
662 3470 842 3555 Philippum
875 3471 1028 3552 quasdam
1051 3470 1158 3534 literas
1180 3470 1332 3554 sigillatas
1353 3490 1372 3532 a
1395 3476 1482 3552 tergo
1504 3474 1537 3533 et
1559 3469 1711 3551 quasdam
1763 3478 1872 3535 6161616.

310 3574 530 3657 replicationes
553 3575 587 3635 in
610 3574 743 3656 scriptis.
767 3573 909 3650 Quarum
932 3573 1095 3637 literarum
1118 3581 1212 3639 tenor
1233 3574 1305 3638 talis
1327 3580 1383 3638 est

464 3677 654 3741 Reverendo
677 3678 711 3740 in
734 3678 859 3741 Christo
889 3679 971 3761 patri
994 3685 1026 3742 et
1048 3680 1176 3743 domino
1208 3678 1336 3741 domino
1360 3676 1479 3741 Gentili
1501 3676 1605 3759 legato
1628 3677 1713 3741 sedis
1738 3688 1827 3742 litera
1846 3704 1893 3758 pro

240 3785 275 3838 30
310 3781 500 3865 apostolicae
523 3787 701 3864 pertatem
725 3782 896 3863 Vngariam
921 3782 1117 3846 Giselbertus
1148 3784 1287 3847 decanus
1310 3782 1474 3846 Viniensis
1500 3781 1712 3846 obedientiam
1761 3764 1870 3820 01111013·

310 3887 342 3949 in
365 3886 493 3949 domino
516 3886 653 3948 filialem.
684 3885 911 3949 Praesentibus
932 3905 1038 3948 eoram
1069 3887 1266 3970 paternitatis
1289 3892 1414 3950 vestrae
1440 3886 1541 3969 gratia
1569 3883 1712 3968 significo

309 3997 341 4054 et
370 3995 537 4072 protestor,
569 3990 655 4071 quod
678 3988 798 4052 domini
820 3990 948 4073 plebani
971 3991 1010 4053 de
1038 3995 1158 4073 septem
1175 3989 1323 4073 capitulis
1345 3989 1384 4053 de
1407 3988 1528 4053 Scebus
1556 3988 1713 4072 videlieet,

309 4094 497 4179 1168111111,
528 4094 567 4157 de
597 4092 697 4171 Koad,
727 4093 767 4157 de
797 4093 899 4175 Kyzd,
929 4094 969 4157 de
991 4093 1102 4157 maiori
1126 4099 1158 4157 et
1180 4094 1294 4157 minori
1319 4092 1466 4157 Kulrullu
1488 4098 1521 4157 61
1542 4092 1582 4155 de
1605 4091 1713 4156 Grissh

308 4199 432 4262 exitum
447 4199 659 4281 petiverunta
673 4197 810 4260 vaivoda
824 4196 968 4261 ladislao
981 4198 1021 4261 ad
1029 4196 1241 4281 praesentiam
1250 4196 1490 4268 1661111161611
1505 4196 1566 4259 hoc
1577 4196 1713 4261 nuncios

239 4310 273 4362 35
309 4303 469 4367 sollennes
492 4302 726 4381 ordinaverant
754 4303 810 4383 qui
831 4301 931 4366 literis
954 4304 1021 4366 suis
1043 4304 1089 4366 eis
1112 4301 1281 4384 denegavit
1303 4301 1435 4383 exitum,
1468 4300 1531 4364 nisi
1552 4300 1713 4365 abrenun-

308 4408 429 4469 ciarent
458 4405 661 4488 appellationi
691 4425 776 4468 suae.
811 4405 905 4469 Unde
935 4405 995 4469 sub
1026 4412 1133 4469 vestra
1162 4406 1343 4469 obedientia
1375 4410 1500 4469 vestrae
1530 4404 1713 4488 paternitati

307 4511 341 4574 id
356 4508 484 4574 notifico
509 4511 553 4572 sic
574 4528 652 4589 esse,
676 4509 813 4573 ulterius
834 4508 1072 4590 innotescendo,
1097 4509 1183 4590 quod
1205 4510 1267 4572 iam
1291 4508 1365 4572 dicti
1389 4508 1509 4572 domini
1531 4508 1571 4571 de
1592 4506 1712 4572 eisdem

308 4613 454 4697 capitulis
483 4614 522 4676 ad
555 4615 661 4677 omnia
690 4614 839 4677 mandata
861 4620 968 4677 restra
997 4618 1074 4676 sunt
1096 4613 1288 4693 obedientes,
1318 4619 1350 4676 61
1381 4631 1507 4676 omnem
1538 4630 1712 4695 expensam

307 4724 444 4782 vestram
475 4722 615 4801 paratam
647 4724 937 4801 comportaverunt,
967 4724 1131 4798 tamquam
1164 4716 1298 4779 aliorum
1330 4716 1610 4799 praedecessorum
1639 4735 1711 4781 ves·

239 4828 274 4882 40
308 4830 431 4887 trorum
455 4841 630 4905 expensam
652 4840 778 4904 semper
798 4828 939 4905 paratam
964 4827 996 4884 61
1018 4820 1157 4883 debitam
1180 4820 1377 4883 ordinarunt

463 4926 574 5003 Item‘)
586 4945 693 4990 coram
705 4926 865 4990 universis
878 4927 955 4989 viris
971 4924 1214 5006 venerabilibus,
1237 4924 1276 4986 ad
1293 4943 1375 5005 quos
1389 4942 1540 5007 praesens
1556 4924 1708 5006 scriptum
1737 4930 1886 5020 Intarapro

309 5031 500 5115 pervenerit,
523 5050 582 5114 ego
606 5031 762 5114 Georgius
784 5029 940 5113 plebanus
962 5031 995 5092 in
1011 5028 1135 5093 Cibinio
1157 5027 1378 5112 praesentibus
1400 5045 1496 5111 super
1518 5028 1712 5091 conscientia
1754 5007 1864 5063 ⁰¹⁰¹²⁰¹⁸·

308 5134 431 5198 animae
461 5153 550 5199 meae
580 5134 731 5217 profiteor
753 5140 786 5199 et
807 5140 974 5217 protestor,
1006 5133 1093 5215 quod
1116 5133 1222 5196 omnia
1243 5132 1330 5215 haec,
1361 5150 1443 5214 quae
1465 5131 1558 5195 litera
1579 5131 1710 5215 provin·

307 5237 435 5303 cialium
458 5238 497 5301 de
512 5237 633 5302 Sibinio
650 5259 707 5322 pro
727 5238 863 5301 dominis
879 5238 918 5301 de
934 5243 1055 5320 septem
1070 5236 1217 5319 capitulis
1239 5236 1274 5299 in
1288 5236 1399 5300 eadem
1413 5234 1507 5300 litera
1520 5234 1709 5300 nominatim

237 5376 272 5430 45
464 5375 484 5442 ¹)
507 5373 640 5443 Varlapc:
657 5373 784 5442 pmximo.

462 5460 485 5526 ¹)
503 5460 579 5516 816111
597 5461 727 5528 6111116111
745 5459 839 5515 Baad.
