4106 6294
942 596 1077 703 4²⁶2.

454 798 580 863 ‘Petrus
603 805 711 861 cristes
733 799 915 862 Colocensis
946 798 1035 861 testis
1066 799 1280 879 interrogatus
1310 797 1478 879 diligenter
1500 816 1596 881 super
1618 797 1711 859 dictis

308 902 552 985 exceptionibus
574 908 606 966 et
629 902 770 965 articulis
793 902 875 965 dixit
898 902 980 964 idem
1004 902 1038 963 in
1058 902 1206 963 munibus
1229 908 1262 964 et
1284 920 1340 984 per
1363 902 1469 964 omnia
1490 922 1527 964 ac
1549 901 1588 964 de
1613 901 1709 965 verbo

308 1006 347 1069 ad
370 1006 506 1069 verbum
529 1005 607 1069 nihil
630 1006 736 1069 addito
767 1005 817 1069 rel
841 1012 971 1085 motato,
1003 1012 1099 1087 prout
1120 1004 1197 1083 alias
1226 1003 1413 1067 testificatus
1435 1010 1484 1067 est
1506 1022 1602 1088 super
1623 1005 1709 1087 ipsis

308 1118 345 1173 ut
368 1111 515 1192 superius
538 1110 726 1173 continetur.

256 1222 272 1273 b
464 1212 524 1277 Die
547 1211 653 1276 Sabati
675 1190 774 1276 xliii
805 1212 879 1275 dicti
913 1213 1031 1276 mensis
1061 1213 1151 1275 lunii
1182 1212 1307 1275 Zucoha
1336 1214 1479 1276 serviens
1509 1219 1541 1277 et
1571 1214 1710 1276 nuncius
1759 1216 1852 1304 citatio

308 1317 433 1379 iuratus
449 1316 551 1378 dictae
573 1318 680 1380 curiae
702 1316 812 1380 retulit
828 1316 911 1379 dicto
928 1316 1056 1378 domino
1073 1315 1208 1378 auditori
1233 1323 1265 1378 et
1287 1316 1363 1377 mihi
1379 1318 1502 1380 notario
1518 1316 1652 1399 angele,
1675 1336 1709 1379 se
1736 1297 1873 1364 “mmm

308 1420 421 1483 citasse
437 1420 504 1483 heri
528 1420 567 1484 de
587 1420 735 1483 mandato
751 1421 827 1483 dicti
843 1420 961 1482 domini
977 1419 1131 1482 auditoris
1154 1420 1265 1483 ambos
1288 1420 1465 1502 praedictos
1488 1426 1710 1503 procuratores

310 1524 501 1588 substitutos
535 1526 702 1606 utriusque
729 1525 828 1607 partis
859 1525 889 1586 in
914 1524 999 1587 hunc
1026 1524 1165 1604 modum,
1198 1524 1344 1587 videlicet
1365 1523 1406 1586 ad
1428 1525 1612 1607 petitionem
1635 1523 1709 1587 dicti

310 1629 445 1712 Vagnoli
461 1630 580 1693 dictum
597 1630 782 1711 magistrum
798 1629 989 1711 Philippum,
1013 1634 1048 1690 ut
1062 1627 1156 1690 hodie
1171 1636 1243 1691 ante
1259 1629 1385 1691 tertiam
1401 1627 1525 1691 reniret
1539 1629 1573 1690 in
1591 1627 1708 1691 iudicio

243 1742 274 1791 lo
310 1753 416 1796 coram
439 1734 507 1816 ipso
532 1733 659 1795 domino
684 1719 828 1795 auditore
851 1732 889 1794 ad
915 1731 1171 1814 respondendum
1189 1731 1380 1812 quibusdam
1402 1730 1614 1815 positionibus
1636 1751 1709 1814 pro-

309 1837 464 1901 ducendis
486 1857 543 1920 per
564 1837 668 1919 ipsum
695 1836 873 1918 Vaguolunr
897 1837 929 1897 in
954 1855 1050 1898 causa
1071 1835 1240 1918 praedicta,
1268 1841 1300 1898 et
1322 1834 1442 1898 dictum
1465 1834 1648 1917 Vagnolum
1669 1835 1710 1898 ad

307 1941 491 2024 petitionem
522 1941 595 2003 dicti
627 1940 769 2021 magistri
792 1939 939 2022 Philippi,
974 1940 1060 2021 quod
1094 1940 1126 2001 in
1151 1939 1262 2002 eodem
1295 1939 1428 2002 termino
1453 1938 1577 2002 veniret
1599 1938 1637 2000 ad
1662 1939 1709 2000 ri-

308 2044 446 2109 dendum
471 2052 651 2128 aperturam
683 2050 715 2106 et
735 2043 982 2126 publicationem
1007 2045 1135 2107 testium
1158 2043 1403 2125 praedictorum.
1433 2040 1576 2123 alioquin
1599 2062 1708 2126 proce-

307 2148 456 2212 daturin
479 2147 649 2231 praedietis
671 2147 793 2210 iustitia
817 2147 983 2211 mediante.

240 2259 272 2309 la
462 2251 584 2315 Eodem
599 2251 649 2315 die
673 2256 746 2314 aute
762 2252 886 2314 tertiam
902 2250 1158 2333 comparentibus
1173 2252 1207 2313 in
1223 2251 1339 2314 iudicio
1355 2270 1462 2313 coram
1477 2250 1561 2313 dicto
1578 2250 1708 2313 domino
1770 2252 1836 2341 Pro·

307 2356 452 2441 Philippo
468 2355 637 2438 praedictis
652 2355 913 2439 procuratoribus
928 2355 1110 2418 substitutis
1127 2356 1295 2435 altiusque
1310 2354 1410 2437 partis
1425 2354 1530 2416 dictus
1541 2352 1708 2436 Vagnolus
1734 2329 1859 2398 P¹⁰b²¹¹¹⁸·

306 2460 435 2524 nomine
456 2460 555 2543 partis
577 2478 654 2522 suae
670 2458 817 2522 exhibuit
839 2460 1013 2542 inscriptis
1035 2460 1208 2541 positiones
1229 2466 1261 2521 et
1283 2458 1434 2521 articulos
1456 2457 1540 2519 infra
1562 2458 1706 2541 scriptos,

307 2572 418 2646 petens
448 2564 569 2627 dictum
599 2565 784 2646 magistrum
809 2563 988 2646 Philippum
1020 2564 1089 2645 cogi
1121 2564 1297 2626 iuramento
1327 2562 1478 2646 praestito
1506 2561 1546 2624 ad
1576 2580 1707 2645 respon·

307 2668 447 2731 dendum
478 2668 605 2749 eisdem,
639 2669 749 2731 iurans
781 2667 884 2730 dictus
910 2666 1071 2749 Vagnolus
1101 2667 1134 2729 in
1165 2655 1270 2729 anima
1300 2687 1359 2729 sua
1388 2665 1594 2748 corporaliter
1622 2672 1706 2730 tacto

240 2773 275 2830 ‘20
310 2771 389 2836 libro
413 2792 447 2836 se
469 2773 598 2837 credere
621 2793 697 2837 vera
719 2791 797 2841 esse,
821 2790 904 2852 quae
927 2772 960 2832 in
982 2770 1060 2853 ipsis
1082 2769 1293 2854 positionibus
1315 2770 1528 2833 continentur.
1571 2789 1576 2797 ·

461 2877 512 2940 Ad
543 2894 623 2957 quas
653 2874 782 2956 quidem
805 2875 979 2957 positiones
1001 2874 1105 2938 dictus
1135 2875 1284 2956 magister
1306 2873 1473 2956 Philippus
1494 2874 1534 2936 de
1556 2874 1705 2937 mandato
1756 2875 1819 2964 'Pro

306 2980 379 3043 dicti
404 2981 524 3043 domini
547 2980 700 3043 auditoris
716 2980 888 3061 respondit.
912 2985 1007 3061 prout
1029 2980 1059 3040 in
1076 2977 1141 3041 fine
1164 2978 1305 3060 ipsarum
1328 2976 1498 3040 cuiuslibet
1513 2978 1704 3059 continetur,
1738 2955 1846 3008 ΜΘΝ·

306 3085 456 3167 praestito
487 3104 544 3167 per
574 3102 646 3147 sirm
678 3084 767 3166 prins
798 3083 836 3145 ad
861 3090 970 3145 salicta
992 3082 1042 3146 dei
1066 3080 1231 3165 evangelia
1253 3083 1431 3145 iuramento
1453 3081 1486 3144 in
1511 3081 1617 3143 anima
1638 3100 1705 3161 sua,

306 3208 403 3272 snper
431 3189 508 3271 ipsis
538 3186 749 3271 positionibus
781 3188 945 3249 veritatem
970 3186 1161 3269 respondere
1192 3206 1288 3267 quam
1319 3186 1427 3267 credit,
1460 3204 1595 3267 quarum
1623 3186 1707 3268 posi·

237 3298 270 3349 aa
308 3293 430 3355 tionum
454 3300 486 3354 et
509 3291 715 3354 articulorum
740 3299 831 3355 tenor
854 3292 925 3355 talis
949 3298 1004 3354 est.

461 3395 575 3458 Coram
591 3395 682 3457 vobis
704 3395 881 3458 reverendo
898 3395 966 3457 viro
982 3396 1110 3458 domino
1127 3395 1273 3477 Philippo
1289 3395 1433 3458 auditore
1449 3398 1481 3457 et
1496 3399 1602 3458 cetera
1616 3396 1706 3478 ponit
1755 3397 1818 3485 'Pro

308 3499 470 3579 Vagnolus
493 3498 532 3561 de
547 3498 705 3562 Meuanas
728 3504 915 3581 procurator
938 3498 1131 3562 substitutus
1154 3498 1316 3561 ndomino
1333 3496 1483 3561 Bertoldo
1499 3505 1706 3580 procuratore
1738 3476 1845 3529 mm·

305 3608 425 3685 septem
456 3603 667 3685 capitulorum
695 3602 937 3666 Transsiluanae
972 3603 1106 3667 diocesis
1134 3609 1168 3667 et
1198 3601 1400 3684 quorundam
1431 3601 1639 3685 plebanorum
1667 3604 1706 3667 de

305 3705 397 3768 dictis
427 3706 574 3789 capitulis
603 3708 809 3769 existentium
842 3708 873 3768 in
906 3708 1091 3787 quaestione
1124 3726 1197 3770 cum
1221 3706 1360 3789 capitulo
1383 3705 1533 3770 albensis
1556 3707 1706 3771 ecclesiae

238 3816 273 3868 30
307 3811 529 3893 infrascripta
552 3811 699 3873 ridclicct

460 3914 619 3997 Imprimis
650 3916 734 3996 quod
767 3916 922 3998 generalis
945 3915 1143 3978 consuetudo
1167 3922 1216 3977 est
1238 3915 1270 3976 in
1294 3934 1392 3996 regno
1416 3913 1584 3995 Vngarlae,
1619 3915 1706 3995 quod

304 4017 414 4081 literae
447 4017 658 4101 praelatorum
695 4038 805 4081 eorum
836 4018 947 4101 sigillis
977 4019 1131 4100 sigillatae
1158 4017 1254 4081 fidem
1285 4018 1406 4080 iaciunt
1438 4019 1469 4079 in
1494 4017 1619 4081 iudiciis
1641 4024 1706 4081 tam

305 4121 525 4185 ecclesiasticis
548 4141 644 4203 quam
667 4121 891 4185 saecrrlaribus,

461 4261 504 4273 --
519 4262 561 4273 ··
585 4225 692 4289 Credit
714 4227 754 4289 de
777 4227 861 4289 veris
885 4225 993 4301 literis,
1016 4227 1077 4289 nisi
1100 4226 1312 4310 reprobentur
1334 4232 1463 4308 propter
1489 4225 1628 4307 aliquem
1651 4226 1706 4291 de-

236 4338 270 4389 35
306 4330 422 4393 lectum
446 4335 649 4413 apparentem
674 4332 705 4391 in
731 4331 785 4403 eis,
808 4337 938 4413 propter
962 4349 1057 4410 quem
1081 4329 1217 4393 debeant
1239 4328 1410 4413 reprobari.

458 4434 540 4497 Item
572 4435 657 4515 quod
688 4434 845 4516 generalis
876 4434 1075 4497 consuetudo
1105 4442 1154 4497 est
1183 4434 1215 4495 in
1239 4433 1323 4496 dicto
1347 4452 1454 4515 regno,
1486 4432 1572 4515 quod
1594 4432 1705 4499 literae

304 4536 460 4601 baronum
491 4556 602 4601 eorum
631 4536 742 4619 sigillis
772 4537 926 4620 sigillatae
955 4536 1051 4601 fidem
1073 4537 1194 4600 iaciunt
1216 4543 1280 4601 tam
1307 4538 1342 4601 in
1364 4537 1585 4602 ecelesiasticis
1608 4556 1704 4619 quam

304 4641 520 4704 saecularibus
542 4641 675 4704 iudiciis.
1736 4632 1739 4636 ⁵

583 4744 690 4808 Credit
714 4745 800 4826 quod
823 4746 857 4808 in
880 4745 1104 4825 saecularibus,
1127 4743 1182 4807 sed
1200 4744 1287 4825 quod
1309 4745 1341 4806 in
1366 4744 1585 4809 ecclesiasticis
1608 4743 1702 4809 fidem

234 4853 269 4907 40
303 4848 421 4910 iaciant
443 4867 507 4911 non
531 4848 638 4912 credit.

458 4952 540 5017 item
570 4954 655 5035 quod
687 4953 843 5035 generahs
873 4953 1072 5017 consuetudo
1103 4960 1152 5016 est
1182 4954 1215 5014 in
1238 4952 1322 5015 dicto
1345 4971 1452 5035 regno,
1484 4953 1572 5034 quod
1593 4952 1703 5018 literae

303 5057 455 5120 comitum
477 5057 572 5121 fidem
595 5057 717 5120 iaciunt
739 5058 772 5120 in
795 5058 920 5121 iudiciis
944 5064 1007 5121 tam
1030 5056 1250 5121 ecclesiasticis
1273 5075 1369 5137 quam
1393 5055 1617 5120 saecularibus.

460 5198 473 5209 -
489 5198 502 5210 ·
517 5199 530 5209 -
554 5162 661 5225 Credit
684 5168 721 5226 ut
743 5182 840 5246 supra
861 5164 893 5224 in
917 5162 1071 5245 proxima.

458 5265 539 5330 Item
551 5267 637 5348 qood
652 5266 763 5331 literae
778 5265 1012 5341 comitatuum)
1031 5264 1070 5329 de
1081 5264 1314 5329 consuetudine
1324 5265 1414 5348 regni
1426 5264 1578 5348 praedicti
1592 5282 1703 5329 eorum

234 5374 267 5429 45
304 5368 414 5452 sigillis
429 5370 582 5453 sigillatae
596 5369 692 5434 fidem
708 5371 830 5435 faciunt
845 5370 877 5432 in
894 5368 1019 5433 indiciis
1035 5376 1099 5432 tam
1121 5368 1342 5433 ecclesiasticis
1358 5388 1455 5451 quam
1477 5367 1701 5433 saecularibus.

417 5509 419 5513 ’
459 5506 479 5572 ¹)
502 5504 634 5575 Vorlaye:
652 5506 813 5562 conritatum.
