4088 6292
911 626 1066 727 Α

285 822 428 907 singulos
457 821 715 906 praenominatos
745 822 892 905 superius
920 822 1063 906 ipsorum
1097 823 1297 887 contumacia
1326 821 1508 886 huiusmodi
1537 820 1687 905 exigente

285 927 435 1007 dictoque
456 929 662 1010 procuratore
684 930 812 1010 petente
827 927 1175 1009 excommunicationis,
1197 946 1234 990 ac
1248 926 1474 990 universitates
1496 929 1528 989 et
1549 924 1688 1008 capitula

285 1030 444 1093 interdicti
466 1030 633 1094 sententiis
654 1029 830 1111 innodavit,
852 1037 950 1113 prout
968 1032 1045 1095 haec
1067 1033 1102 1094 in
1124 1031 1202 1095 actis
1223 1036 1351 1094 nostrae
1365 1030 1474 1093 curiae
1495 1028 1589 1112 plene
1611 1048 1687 1091 con·

285 1140 377 1197 stant
410 1132 497 1197 Dum
528 1139 634 1197 autem
659 1132 698 1195 ad
721 1133 1000 1199 denunciationem
1031 1136 1261 1200 sententiarum
1283 1135 1424 1217 ipsarum
1447 1133 1487 1196 ad
1510 1132 1585 1195 dicti
1613 1151 1687 1216 pro·

233 1246 250 1299 5
285 1239 441 1301 curatoris
469 1236 653 1300 instantiam
682 1238 854 1319 procedere
885 1239 1012 1302 auditor
1033 1239 1214 1322 praedictus
1244 1238 1423 1302 intenderet
1452 1241 1564 1299 contra
1592 1237 1687 1320 ipsos,

285 1342 420 1406 dilectus
446 1342 481 1404 in
503 1340 627 1405 Christo
657 1338 744 1405 filius
765 1342 863 1405 irater
884 1342 1038 1407 Horricus
1061 1342 1101 1406 de
1124 1341 1259 1423 (lybinio
1286 1341 1406 1405 ordinis
1428 1340 1687 1403 Praedicatorum

285 1446 318 1509 in
341 1452 451 1509 nostra
472 1446 561 1509 curia
583 1452 754 1509 excusator
776 1446 954 1529 comparuit
969 1465 1026 1530 pro
1050 1444 1170 1509 eisdem
1192 1463 1346 1526 asserens,
1376 1444 1489 1508 citatos
1510 1444 1689 1527 praedictos

286 1549 512 1633 impedimento
543 1548 688 1613 detentos
717 1549 858 1632 legitimo
882 1549 1065 1630 nequivisse
1088 1549 1171 1612 inira
1193 1554 1349 1613 statutum
1371 1549 1416 1613 eis
1447 1548 1618 1612 terminum
1648 1547 1689 1610 ud

286 1653 448 1737 praedicta
461 1654 496 1716 in
512 1652 622 1717 eadem
637 1653 726 1716 curia
748 1672 939 1736 comparere,
961 1659 1092 1735 paratus
1105 1654 1248 1735 ipsorum
1263 1652 1393 1715 nomine
1409 1652 1448 1716 de
1462 1652 1688 1735 impedimento

220 1766 253 1819 10
286 1756 448 1841 praedicto
463 1762 591 1820 nostrae
606 1756 714 1820 curiae
728 1756 832 1821 tacere
854 1756 981 1841 plenam
995 1756 1100 1820 fidem.
1126 1756 1194 1820 Nos
1208 1757 1325 1840 itaque,
1348 1757 1374 1819 si
1390 1756 1550 1840 praedicta
1564 1756 1689 1819 veritati

288 1862 439 1945 nitantur,
462 1881 536 1925 curn
559 1861 842 1925 excommunicatis
864 1868 897 1925 et
922 1861 1099 1925 interdictis
1129 1860 1297 1945 praedictis
1320 1861 1429 1923 mitius
1451 1859 1689 1923 necimmerito

288 1984 380 2048 agere
402 1964 613 2045 intendentes,
644 1971 741 2046 atque
763 1965 908 2029 volentes
930 1966 1163 2050 praedictarum
1186 1966 1325 2050 partium
1347 1965 1381 2027 in
1404 1964 1463 2027 hac
1484 1969 1574 2049 parte
1602 1962 1690 2026 labo·

288 2069 377 2134 ribus
405 2089 536 2153 parcere
558 2074 591 2133 et
612 2069 772 2154 expensis,
801 2069 984 2133 discretioni
1007 2075 1132 2134 vestrae
1159 2069 1198 2133 de
1228 2069 1392 2132 voluntate
1421 2067 1636 2152 procuratoris
1658 2070 1691 2131 et

288 2174 487 2238 excusaturis
501 2174 734 2257 praedictorum
751 2174 968 2258 praesentium
984 2181 1095 2238 tenore
1117 2174 1314 2255 mandamus,
1331 2177 1490 2254 quatenus
1505 2192 1564 2235 vos
1580 2188 1691 2235 omnes

220 2287 254 2339 15
289 2276 341 2340 vel
363 2278 427 2341 duo
450 2282 507 2340 out
530 2265 614 2340 unus
636 2283 779 2341 vestrum
802 2296 899 2361 super
915 2278 1066 2361 articulis,
1090 2298 1171 2361 quos
1193 2277 1346 2361 praedicti
1369 2274 1636 2340 excommunicati
1659 2278 1692 2337 et

289 2381 449 2444 interdicti
478 2381 531 2444 vel
554 2380 636 2444 alius
658 2401 716 2464 pro
740 2381 858 2445 eisdem
881 2401 979 2466 super
1007 2382 1190 2446 huiusmodi
1212 2380 1438 2464 impedimento
1471 2380 1610 2463 legitimo
1634 2398 1691 2442 ex·

289 2486 396 2550 hibere
408 2485 578 2555 voluerint,
590 2485 794 2569 probationes
805 2487 973 2570 recipiatis,
991 2506 1071 2569 quas
1083 2487 1296 2571 produxerint
1308 2504 1414 2548 coram
1426 2484 1526 2567 vobis,
1541 2485 1691 2568 ipsasque

290 2589 424 2654 fideliter
445 2591 479 2653 in
502 2590 628 2674 scriptis
643 2590 786 2653 redactas
808 2591 891 2653 intra
914 2592 1043 2674 triginta
1066 2591 1133 2654 dies
1156 2591 1370 2673 areceptione
1392 2589 1608 2671 praesentium
1631 2586 1691 2650 sub

290 2694 400 2777 sigillis
430 2694 545 2759 vestris
573 2695 613 2756 ad
644 2714 702 2757 nos
731 2713 789 2778 per
816 2693 942 2757 fidelem
972 2696 1126 2758 nuncium
1157 2695 1333 2775 remittatis,
1368 2699 1466 2757 testes
1497 2697 1604 2755 autem
1636 2691 1692 2773 qui

222 2806 258 2861 20
293 2799 413 2863 inerint
442 2798 597 2862 nominati
628 2799 711 2862 sise
733 2799 842 2881 gratia
874 2798 946 2861 odio
969 2798 1021 2861 vel
1046 2798 1159 2862 timore
1181 2798 1408 2880 subtraxerint,
1437 2816 1495 2880 per
1524 2815 1692 2860 censuram

290 2903 534 2966 ecclesiasticam
549 2902 746 2986 compellatis
761 2903 887 2966 veritati
902 2903 1120 2966 testimonium
1135 2902 1309 2987 perhibere.
1329 2901 1470 2966 Gitantes
1485 2900 1693 2963 nihilominus

291 3026 332 3070 ex
362 3013 451 3091 parte
482 3012 592 3069 nostra
612 3006 823 3089 peremptorie
845 3012 952 3089 partes
981 3007 1166 3091 praedictas,
1198 3007 1284 3089 quod
1310 3006 1461 3069 vicesima
1483 3005 1534 3069 die
1556 3010 1628 3089 post
1649 3004 1693 3066 ci-

276 3112 441 3175 tationem
472 3117 612 3174 vestram
638 3114 842 3194 compareant
863 3110 1002 3193 legitime
1024 3111 1058 3174 in
1081 3111 1165 3174 dicta
1186 3111 1275 3174 curia
1297 3129 1404 3173 coram
1432 3108 1534 3191 nobis,
1565 3109 1693 3172 visurae

291 3215 536 3299 publicationem
558 3213 782 3298 probationum
806 3214 947 3298 ipsarum
970 3220 1003 3278 et
1021 3214 1099 3278 alias
1123 3215 1158 3277 in
1180 3214 1292 3279 eodem
1314 3214 1441 3297 negotio
1463 3213 1622 3276 mediante
1644 3213 1693 3276 ln·

222 3327 257 3382 25
293 3319 379 3382 stitia
399 3337 615 3401 processurae,
639 3318 722 3381 diem
738 3335 869 3399 quoque
892 3317 1050 3381 citationis
1071 3319 1255 3383 huiusmodi
1278 3324 1310 3382 et
1324 3319 1459 3381 formam
1481 3322 1514 3381 et
1536 3316 1693 3399 quidquid

292 3422 366 3486 inde
388 3423 525 3487 feceritis
548 3422 641 3485 nobis
663 3441 721 3506 per
735 3427 858 3485 vestras
881 3421 989 3485 literas
1013 3423 1213 3487 continentes
1229 3423 1341 3485 harum
1365 3423 1479 3486 seriem
1501 3420 1693 3504 rescripturi.

292 3526 410 3590 Datum
432 3525 543 3589 Budae
558 3526 805 3609 Vesprimiensis
828 3526 971 3607 diocesis,
994 3526 1048 3589 VI.
1072 3526 1149 3589 Idus
1170 3527 1325 3608 Januarii,
1347 3524 1551 3608 pontificatus
1574 3524 1695 3589 domini

293 3630 464 3694 Clementis
486 3649 586 3714 papae
609 3629 647 3691 V.
671 3650 755 3693 anno
779 3630 928 3711 quarto.¹)

448 3733 516 3798 Nos
538 3734 646 3815 itaque
669 3741 832 3815 tamquam
854 3732 911 3796 filii
931 3753 1026 3797 verae
1049 3734 1235 3798 obedentiae
1250 3734 1408 3798 mandatis
1424 3734 1538 3798 vestris
1559 3733 1696 3797 fideliter

224 3845 259 3900 30
295 3842 327 3901 ct
349 3837 464 3900 devote
495 3837 713 3920 obtemperare
736 3839 901 3921 cupientes
931 3839 1093 3921 negotium
1117 3858 1189 3901 cum
1214 3839 1301 3901 omni
1328 3838 1491 3921 diligentia
1512 3837 1695 3901 executioni

293 3940 565 4023 demandavimus
596 3942 701 4005 statim
734 3949 806 4024 post
832 3943 1046 4025 receptionem
1076 3942 1240 4005 literarum
1263 3948 1389 4005 vestrae
1410 3942 1611 4026 paternitatis
1633 3946 1695 4004 ter·

294 4046 416 4107 minum
445 4045 694 4129 peremptorium
725 4042 932 4128 praefiximus
962 4052 1085 4110 sextam
1116 4046 1226 4109 feriam
1260 4046 1439 4129 proximam
1472 4051 1545 4129 post
1577 4045 1695 4107 festum

294 4149 536 4213 resurrectionis
566 4148 717 4225 dominil)
748 4150 783 4210 in
816 4149 944 4213 civitate
975 4151 1014 4213 de
1044 4150 1152 4230 Wynn
1181 4150 1323 4212 interiori
1357 4168 1454 4232 super
1486 4148 1696 4231 productione

293 4253 422 4316 testium
445 4252 589 4336 partibus
618 4252 807 4316 memoratis.
847 4253 883 4315 In
917 4274 981 4334 quo
1013 4255 1147 4318 termino
1179 4259 1285 4337 partes
1316 4254 1347 4315 in
1379 4259 1489 4316 nostra
1517 4252 1697 4336 praesentia

225 4366 259 4419 35
295 4376 477 4440 comparere
507 4363 702 4420 curaverunt
732 4362 764 4420 et
793 4357 920 4441 plebani
950 4359 1180 4442 praenominati
1214 4363 1335 4441 septem
1365 4356 1577 4441 capitulorum
1600 4376 1695 4420 suum

294 4460 511 4524 testimonium
542 4480 639 4544 super
667 4462 899 4544 expurgatione
929 4480 1006 4524 suae
1037 4462 1255 4525 contumaciae
1285 4460 1516 4545 produxerunt,
1547 4459 1696 4523 videlicet

295 4562 445 4627 Sitridum
470 4564 607 4647 priorem
630 4564 669 4627 de
686 4563 825 4629 Candela
847 4565 967 4628 ordinis
983 4565 1210 4647 Cisterciensis,
1235 4565 1290 4646 qui
1306 4564 1346 4627 ad
1361 4564 1588 4628 conscientiam
1604 4582 1696 4627 suam

294 4671 489 4751 protestatus
501 4674 558 4749 est,
574 4674 812 4752 procuratorem
829 4674 861 4733 et
872 4669 1028 4743 nuncium
1044 4669 1201 4732 dictorum
1217 4668 1427 4753 plebanorum
1441 4668 1476 4730 in
1488 4668 1541 4731 via
1554 4667 1695 4751 positum

295 4771 415 4836 scilicet
437 4772 601 4836 dominum
624 4772 813 4837 Bertoldum
834 4773 1005 4857 plebanum
1029 4772 1068 4835 de
1091 4771 1276 4853 Keldenich,
1298 4773 1333 4834 in
1355 4772 1448 4835 cuius
1471 4776 1697 4854 argumentum

225 4883 262 4937 40
296 4880 521 4940 testamentum
544 4896 652 4939 coram
674 4896 711 4940 eo
735 4875 878 4941 condidit
892 4884 924 4941 et
939 4878 1043 4961 ipsum
1067 4876 1118 4939 sui
1133 4876 1314 4940 testamenti
1330 4882 1535 4939 executorem
1550 4875 1696 4939 instituit.

296 4978 376 5042 Item
399 4979 566 5044 Nicolaum
588 4978 690 5044 filium
714 4982 837 5045 comitis
854 4981 1032 5045 Salomonis
1055 4981 1094 5045 de
1110 4980 1269 5044 Keldenilr
1291 4980 1533 5061 adolescentem,
1557 4978 1613 5060 qui
1627 4979 1698 5041 vice

295 5100 355 5145 sua
383 5090 415 5147 et
447 5083 546 5167 patris
577 5085 627 5147 sui
659 5084 878 5149 decmnbentis
907 5086 1032 5149 iuratus
1066 5085 1222 5169 deposuit,
1251 5085 1360 5148 literas
1393 5083 1513 5147 domini
1543 5081 1698 5144 vaivodae

296 5187 552 5251 comminatorias
582 5193 694 5251 contra
723 5189 824 5253 dictos
854 5195 1077 5272 procuratores
1099 5195 1131 5253 et
1153 5190 1289 5253 nuncios
1319 5187 1491 5252 destinatas
1514 5206 1548 5250 se
1571 5186 1697 5250 vidisse.

453 5345 474 5409 ¹)
493 5344 561 5395 1309
579 5340 694 5395 Ianuar
710 5346 736 5396 8.
754 5373 789 5382 -
808 5342 920 5397 Druck:
938 5343 1025 5409 Fejcr
1046 5342 1136 5398 Codex
1158 5342 1247 5409 VIII,
1269 5344 1295 5409 5,
1319 5344 1362 5395 42.
1394 5340 1603 5395 Vercinsarcbiv
1620 5339 1698 5395 Neue

228 5430 263 5484 45
299 5426 386 5498 Folpc
408 5426 497 5495 VIII,
514 5430 575 5482 306.

452 5515 475 5583 'l
492 5514 577 5583 Apta
593 5519 619 5570 4.

402 5634 595 5682 armaturea
1563 5621 1597 5679 16
