4106 6294
986 598 1141 695 Q

357 788 512 852 vaivodae
534 787 632 851 salvis
653 785 751 851 rebus
773 793 806 850 et
826 787 970 870 personis
992 788 1123 852 haberet
1142 787 1275 852 liberam
1290 787 1481 852 1111111111.
1503 784 1623 851 Datum
1637 785 1758 869 Budas,

358 893 437 957 feria
460 897 553 956 sexta
574 897 648 955 ante
671 891 788 954 festum
810 890 967 955 dohannis
989 891 1179 976 baptistae.¹)

513 996 602 1060 Item.

511 1099 581 1163 Nos
609 1099 767 1163 Martinus
795 1100 995 1182 praepositus
1025 1100 1126 1163 saneti
1157 1099 1308 1182 Stephani
1337 1098 1580 1182 protomartyris
1614 1098 1653 1162 de
1686 1117 1759 1181 pro·

357 1204 516 1267 montorio
544 1203 732 1266 Varadiensi
763 1208 873 1265 tenore
899 1204 1114 1286 praesentium
1142 1204 1260 1286 quibus
1282 1204 1413 1286 expedit
1442 1201 1657 1284 significamus
1685 1202 1758 1265 nni-
1793 1209 1811 1262 e

358 1309 469 1389 versis,
499 1307 585 1389 quod
616 1326 689 1369 cum
720 1306 869 1369 dominus
895 1306 1061 1370 ladislaus
1090 1308 1227 1372 vaivoda
1255 1307 1500 1370 Transsiluanus
1528 1312 1560 1370 11
1590 1325 1697 1369 comes
1719 1305 1758 1369 de

357 1412 470 1476 Zonuh
491 1399 532 1475 ’(11
555 1411 711 1474 decanatu
734 1410 773 1473 de
795 1409 893 1474 Sebes
923 1418 955 1474 11
977 1411 1017 1475 (11
1039 1411 1109 1474 aliis
1131 1410 1337 1475 decanatibus
1359 1409 1601 1473 Transsiluanae
1624 1409 1758 1474 (11111111

358 1517 398 1580 ad
420 1516 606 1580 exeundum
628 1514 667 1577 ad
683 1515 848 1577 dominum
870 1514 1010 1597 legatum
1027 1535 1194 1598 persuum
1210 1514 1405 1579 territorium
1421 1514 1505 1576 viam
1521 1513 1612 1577 daret
1625 1513 1757 1578 liberam

358 1626 391 1684 et
412 1639 566 1701 securam,
589 1619 673 1682 idem
696 1617 846 1681 dominus
860 1619 997 1682 vaivoda
1017 1619 1202 1702 petitionem
1225 1619 1368 1701 ipsorum
1390 1616 1517 1680 admisit
1538 1622 1571 1681 11
1592 1618 1758 1700 concessit,

358 1724 490 1806 insuper
511 1721 724 1786 mediantibus
747 1722 814 1784 suis
829 1722 929 1786 literis
951 1742 1008 1804 per
1024 1742 1115 1786 suam
1137 1727 1281 1785 tenutam
1304 1728 1336 1785 et
1350 1721 1428 1784 alias
1443 1741 1462 1783 a
1478 1721 1640 1802 quindena
1655 1721 1755 1784 111111
1794 1724 1828 1779 10

358 1827 486 1890 Martini
502 1824 726 1902 confessoris⁹l
749 1844 874 1908 semper
895 1826 971 1890 iecit
991 1826 1118 1909 pubhce
1141 1825 1338 1908 proclamari,
1361 1830 1398 1888 ut
1413 1824 1547 1905 quilibet
1568 1830 1759 1888 mercatores

358 1950 416 1994 seu
445 1930 589 1993 homines
620 1928 791 1992 cuiuslibet
818 1929 1010 1993 conditionis
1038 1949 1096 2013 per
1125 1949 1216 1994 suam
1247 1934 1390 1992 tenutam
1421 1927 1519 1991 libere
1541 1934 1707 1992 transeant
1728 1933 1759 1991 et

358 2053 478 2115 securo,
509 2031 653 2114 quolibet
683 2033 805 2097 timoris
836 2034 970 2097 articulo
1000 2035 1176 2118 postposito
1208 2054 1244 2097 ao
1274 2033 1413 2116 relegato
1445 2038 1477 2096 11
1498 2033 1559 2096 hoc
1581 2033 1615 2095 in
1638 2033 1759 2096 animas

360 2143 483 2202 nostras
506 2137 641 2200 dicimus
655 2137 869 2220 protestando.
892 2136 1012 2201 Datum
1027 2138 1148 2221 Budas,
1170 2144 1262 2202 sexta
1282 2138 1363 2201 feria
1384 2137 1532 2220 proxima
1545 2142 1619 2200 ante
1642 2137 1760 2201 festum

359 2242 460 2305 sancti
481 2240 637 2305 dohannis
660 2239 849 2325 baptistae.¹)
1791 2244 1825 2297 15

303 2424 308 2434 Ι
515 2343 638 2421 Quibus
660 2344 811 2408 exhibitis
833 2350 865 2421 et
886 2345 1050 2429 productis
1080 2345 1187 2409 statim
1209 2345 1312 2408 dictus
1343 2344 1492 2408 dominus
1514 2343 1641 2407 auditor
1660 2343 1758 2425 assig-

326 2467 331 2477 ·
360 2450 449 2513 navit
471 2449 644 2513 terminum
666 2447 749 2512 dicto
773 2448 918 2530 Vagnolo
941 2449 983 2512 ad
1004 2449 1221 2531 recipiendum
1245 2450 1367 2532 copiam
1390 2448 1429 2511 de
1452 2448 1572 2511 eisdem
1594 2452 1628 2511 11
1649 2446 1690 2509 ad
1712 2446 1759 2509 di-

359 2554 495 2617 cendum
519 2552 676 2634 quidquid
691 2552 830 2616 voluerit
851 2558 963 2615 contra
984 2553 1068 2635 ipsas
1090 2553 1130 2615 ad
1153 2552 1236 2615 diem
1259 2550 1368 2615 Lunae
1391 2552 1538 2635 proxime
1560 2551 1715 2614 futurum.

513 2655 573 2719 Die
590 2655 740 2718 Mercurii
755 2633 862 2718 XXV.
876 2655 897 2719 J
899 2657 968 2719 unii
985 2655 1242 2739 competentibus
1258 2655 1351 2719 dictis
1365 2654 1626 2738 procuratoribus
1640 2654 1759 2719 utrius·

359 2780 422 2842 que
444 2761 543 2844 partis
558 2759 592 2822 in
612 2759 729 2823 iudicio
751 2778 859 2822 coram
879 2760 962 2823 dicto
986 2759 1115 2823 domino
1137 2759 1281 2823 auditore
1296 2760 1400 2823 dictus
1422 2759 1572 2841 magister
1593 2758 1759 2842 Philippus
1794 2759 1830 2816 20

359 2885 397 2929 eo
421 2864 549 2927 nomine
580 2882 644 2944 quo
675 2883 772 2946 supra
793 2864 996 2927 renunciavit
1025 2863 1173 2927 omnibus
1201 2863 1271 2927 aliis
1299 2861 1541 2946 probationibus
1569 2869 1602 2926 et
1624 2861 1760 2945 produc-

359 2968 501 3031 tionibus
523 2966 676 3030 iaciendis
698 2973 731 3030 et
754 2985 836 3048 quae
858 2967 891 3028 in
914 2971 1078 3049 posterum
1099 2972 1231 3050 possent
1251 2966 1321 3030 fieri
1344 2986 1440 3050 super
1462 2967 1623 3049 praedicta
1644 2986 1760 3050 excep

359 3074 445 3135 tione
474 3071 637 3154 proposita
663 3090 720 3153 per
750 3071 864 3153 ipsum,
895 3089 991 3154 super
1021 3090 1085 3152 qua
1115 3076 1211 3134 testes
1239 3062 1411 3133 examinati
1441 3076 1519 3134 sunt
1547 3090 1644 3153 supra
1675 3070 1760 3152 dion

359 3181 472 3260 petens
494 3193 590 3257 super
605 3173 847 3257 probationibus
868 3173 960 3237 iactis
977 3175 1161 3257 interloqui,
1184 3179 1220 3237 ut
1242 3175 1382 3258 postulat
1403 3175 1481 3238 ordo
1505 3176 1593 3237 iuris.
1624 3173 1727 3238 Salvis
1738 3172 1759 3251 ⁸)

360 3279 421 3343 sibi
442 3278 571 3341 nomine
595 3297 659 3359 quo
683 3297 780 3359 supra
803 3277 951 3341 omnibus
973 3278 1041 3341 suis
1063 3278 1306 3361 exceptionibus
1328 3283 1360 3341 et
1381 3277 1506 3342 iuribus
1528 3277 1677 3341 ucetiam
1695 3283 1759 3341 ter·
1793 3277 1828 3332 26

360 3383 455 3448 minis
485 3380 612 3445 statutis
642 3381 676 3443 in
705 3400 803 3444 causa
831 3401 888 3464 pro
918 3387 1056 3463 utraque
1082 3387 1172 3465 parte
1202 3382 1277 3446 hinc
1305 3382 1380 3445 inde
1401 3381 1436 3443 in
1458 3400 1518 3445 suo
1540 3380 1655 3445 robore
1677 3380 1759 3443 nihi-

359 3488 500 3551 lominus
522 3485 692 3548 duraturis,

516 3588 596 3652 Item
619 3589 731 3652 eodem
753 3588 805 3652 die
827 3594 859 3652 et
880 3588 1041 3667 ineodem
1063 3588 1180 3653 iudicio
1196 3589 1362 3671 Vagnolus
1376 3592 1564 3671 procurator
1579 3588 1759 3671 praedictus

361 3692 515 3775 produxit
536 3697 569 3755 et
590 3691 737 3755 exhihuit
758 3697 870 3755 contra
891 3692 999 3755 literas
1022 3693 1167 3775 proxime
1182 3697 1359 3771 annotatas,
1382 3691 1552 3774 productas
1565 3710 1624 3774 per
1639 3692 1758 3755 dictum

361 3797 547 3877 magistrum
570 3794 763 3878 Philippum,
785 3796 991 3878 exceptiones
1012 3795 1097 3858 inira
1118 3797 1260 3880 scriptas,
1283 3815 1420 3877 quarum
1442 3800 1535 3858 tenor
1557 3794 1629 3859 talis
1650 3800 1707 3859 est
1793 3794 1829 3849 30

518 3897 633 3961 Coram
656 3898 746 3961 vobis
767 3899 944 3962 reverendo
967 3899 1036 3963 viro
1068 3899 1196 3987 domino
1219 3899 1364 3983 Philippo
1387 3904 1420 3962 11
1441 3903 1546 3963 cetera
1569 3898 1759 3982 excipiendo

361 4021 504 4085 propono
527 4020 585 4084 ego
601 4000 766 4083 Vagnolus
790 4005 977 4085 procurator
998 4002 1192 4066 substitutus
1209 4003 1371 4066 adomino
1386 4001 1538 4066 Bertoldo
1553 4006 1759 4085 procuratore

361 4110 482 4188 septem
504 4104 715 4187 capitulorum
736 4104 979 4170 Transsiluanae
1010 4105 1144 4169 diocesis
1174 4112 1206 4170 et
1233 4106 1368 4169 ahorum
1397 4106 1433 4169 in
1455 4123 1515 4168 sua
1534 4105 1759 4187 procuratione

360 4213 583 4272 contentorum
598 4213 710 4272 eontra
730 4208 839 4272 literas
852 4209 1024 4291 productas
1038 4228 1096 4293 per
1110 4208 1298 4291 magistrum
1312 4208 1496 4292 Philippum
1517 4214 1756 4291 procuratorem

361 4312 570 4376 substitutum
592 4332 611 4374 a
633 4311 761 4375 domino
785 4311 901 4375 Sancto
924 4318 1129 4394 procuratore
1152 4313 1281 4395 capituli
1302 4311 1519 4375 Transsiluani
1545 4311 1586 4374 ad
1607 4310 1757 4394 reproha-
1792 4311 1826 4366 36

361 4417 481 4479 tionem
502 4415 666 4479 htcrarum
688 4415 924 4479 communitatis
947 4415 987 4479 de
1010 4415 1142 4478 Cibinio.

516 4518 677 4602 Imprimis
699 4519 786 4600 quod
806 4518 899 4581 litera
921 4518 1042 4583 domini
1063 4519 1204 4602 episcopi
1218 4518 1423 4582 cenadiensis
1445 4538 1512 4582 non
1534 4519 1665 4601 derogat
1685 4517 1760 4582 fidei

362 4623 525 4686 literarum
549 4622 651 4685 diotae
673 4622 910 4685 communitatis
932 4640 980 4703 eo,
1011 4622 1097 4703 quod
1119 4623 1153 4685 in
1176 4623 1268 4686 litera
1289 4622 1365 4685 dicti
1387 4622 1508 4685 domini
1530 4622 1671 4706 episcopi
1693 4641 1761 4687 non

362 4727 553 4807 continetur,
575 4726 637 4789 nisi
653 4726 740 4807 quod
762 4744 828 4788 non
849 4724 1009 4788 intellexit
1030 4744 1088 4808 per
1109 4727 1226 4789 famam
1241 4726 1293 4790 vel
1315 4726 1413 4789 alium
1433 4724 1572 4808 modum,
1594 4725 1656 4789 nisi
1672 4725 1759 4808 quod

363 4829 497 4911 quilibet
518 4834 622 4914 potest
644 4830 754 4892 venire
776 4847 888 4893 secure
916 4848 974 4911 per
1005 4829 1184 4893 districtum
1207 4830 1283 4893 dicti
1304 4829 1467 4893 vaivodae.
1504 4828 1599 4892 Unde
1620 4848 1688 4893 non
1710 4849 1758 4894 se·
1792 4828 1829 4883 lo

363 4934 482 5015 quitur,
513 4933 600 5015 quod
629 4931 703 4996 licet
731 4951 798 4995 non
827 4931 1031 5015 intellexerit,
1059 4932 1092 4995 id
1116 4932 1203 5013 quod
1230 4933 1265 4995 in
1287 4933 1378 4997 dietis
1400 4932 1501 4996 literis
1523 4932 1760 4996 communitatis

362 5036 554 5119 metiretur,
577 5055 653 5118 ergo
675 5055 743 5100 non
765 5041 822 5118 est
844 5040 876 5100 11
897 5041 1061 5118 praeterea
1082 5036 1110 5098 si
1125 5036 1202 5116 quid
1224 5036 1260 5098 in
1281 5036 1373 5101 litera
1388 5036 1463 5099 dicti
1478 5035 1598 5099 domini
1620 5036 1760 5119 episcopi

362 5140 536 5205 assertione
565 5139 756 5221 continetur,
786 5138 867 5203 illud
897 5145 946 5204 est
973 5140 1013 5204 de
1042 5140 1155 5203 auditu
1182 5145 1215 5203 et
1243 5159 1310 5202 non
1339 5139 1541 5222 descientia,
1573 5139 1660 5221 quod
1681 5140 1761 5205 nihil

362 5242 438 5307 facit
458 5242 499 5306 ad
520 5261 597 5307 rem.

362 5348 435 5355 ‘-
519 5382 539 5446 1)
557 5378 630 5433 Juua'
645 5382 689 5433 20.
810 5428 817 5441 ,
1793 5374 1831 5430 45.

517 5465 539 5532 ¹)
557 5463 709 5519 November
725 5467 769 5520 25.

517 5550 539 5620 ⁸)
562 5549 718 5607 Verberant
735 5565 802 5606 oua:
820 5548 901 5605 salvo.
