4086 6300
956 535 1112 632 Q-

335 728 431 789 tenus
451 724 546 789 sicuti
561 724 774 789 relaxationes
788 723 1026 809 possessionum
1042 725 1257 809 orphanorum
1271 724 1410 788 filiorum
1426 724 1551 789 comitis
1560 723 1738 810 Henningii

335 827 376 892 de
397 827 474 890 villa
495 826 583 892 Petri
610 846 668 911 per
695 828 803 892 literas
834 834 960 894 nostras
989 829 1081 894 robis
1110 828 1266 914 patebunt
1294 828 1407 892 eodem
1437 828 1531 891 modo
1560 847 1658 912 super
1686 829 1736 894 his

335 931 443 996 literas
465 935 588 995 vestras
610 931 822 1015 privilegiales
845 932 1018 1016 dignemini
1041 938 1072 996 et
1095 933 1199 996 velitis
1222 932 1296 996 dare
1319 937 1351 996 et
1377 933 1517 996 emanari
1539 932 1671 1016 11010111,
1706 939 1738 998 01

336 1035 423 1099 aliud
445 1055 511 1099 non
533 1035 656 1099 tacturi
679 1033 798 1099 Datum
819 1036 852 1098 in
868 1034 977 1119 Dewa,
1000 1036 1079 1100 feria
1100 1041 1192 1100 sexta
1212 1036 1360 1119 proxima
1382 1042 1456 1101 ante
1479 1042 1607 1102 octavas
1629 1057 1736 1103 resur·

336 1139 488 1208 rectionis
511 1139 639 1205 domini
1771 1150 1789 1203 0

994 1435 1089 1519 432.

416 1619 513 1693 Deva
540 1620 647 1692 1325
672 1617 780 1712 April
805 1620 863 1690 12.
900 1617 1071 1692 Woiwode
1091 1618 1239 1691 11101101
1262 1618 1336 1711 piot
1362 1620 1418 1691 dic
1443 1619 1515 1691 11111
1539 1642 1605 1692 voa
1622 1619 1739 1711 Kdniq

339 1742 436 1814 Karl
467 1742 680 1814 verliedeacn
715 1740 827 1814 Gdter
852 1733 1047 1831 Hennieq's
1080 1763 1146 1812 0011
1171 1739 1381 1829 Pctcrsderf
1408 1741 1475 1813 dea
1509 1740 1628 1813 Erbca
1663 1741 1737 1813 dee-

337 1863 450 1936 seldea
475 1862 614 1935 11111111.

495 2025 700 2096 Ε11101001101101
723 2026 766 2081 ale
789 2026 895 2082 11001101
912 2028 1006 2082 1110011
1029 2044 1083 2081 ooo
1099 2026 1160 2081 dem
1182 2026 1407 2097 Waisseaoargor
1424 2026 1539 2096 Kopitel
1558 2030 1635 2094 1325,
1661 2026 1738 2096 Orio.
1774 2023 1809 2078 10

448 2112 553 2184 Unger.
571 2113 780 2168 Loadceorcdio
797 2115 949 2183 Budopect.
967 2145 1001 2155 -
1029 2114 1155 2169 Iliornua'
1178 2114 1308 2169 Urlcunde
1331 2115 1368 2167 101
1387 2114 1457 2168 ouda
1481 2113 1671 2183 01119010101111
1686 2129 1740 2167 voa

442 2199 502 2255 dem
525 2200 750 2270 Weissealrurper
767 2199 882 2269 Kapitsl
900 2204 969 2255 1330
986 2202 1045 2255 und
1061 2201 1111 2254 mit
1128 2199 1217 2254 dicem
1240 2200 1369 2255 Urkuade
1386 2217 1440 2254 0011
1457 2200 1553 2271 Kdaip
1570 2199 1645 2254 Korl
1663 2202 1739 2266 1340,

445 2284 521 2356 Orip.
540 2285 709 2341 1110110110
728 2286 837 2354 (irofm
858 2287 947 2342 Telrki
965 2286 1218 2356 Mororodsdrhely.

494 2407 607 2463 Dmoclc:
631 2407 747 2462 Kainon
765 2407 840 2462 11101.
859 2408 919 2463 orii,
941 2407 1031 2475 VIII,
1055 2411 1115 2463 520.
1153 2408 1239 2475 Pejor
1260 2406 1351 2463 Codex
1371 2408 1460 2476 VIII,
1483 2413 1509 2476 2,
1527 2412 1587 2463 648.
1617 2406 1740 2477 Kaiadas

443 2493 677 2562 1100111100.
705 2494 904 2550 11000110αηί0
922 2498 999 2562 1871,
1018 2498 1077 2550 152.
1102 2495 1287 2549 Deaauaioau
1304 2495 1471 2550 Documenta
1488 2498 1549 2551 593.
1775 2494 1810 2547 15

368 2719 369 2722 ¹
496 2669 564 2735 Nos
578 2670 713 2735 Thomas
734 2671 872 2735 vaivoda
885 2671 1130 2736 Transsiluanus
1152 2677 1184 2735 et
1206 2689 1312 2735 eomes
1334 2672 1374 2735 de
1389 2671 1502 2734 Zonulr
1523 2670 1739 2754 praesentium

340 2792 398 2857 per
419 2779 563 2838 tenorem
585 2773 802 2858 significamus
826 2775 942 2857 quibus
964 2775 1095 2859 expedit
1116 2775 1285 2856 universis,
1312 2775 1399 2857 quod
1422 2794 1496 2839 eum
1518 2775 1662 2839 universi
1684 2773 1740 2839 Sa-

340 2897 443 2942 xones
465 2884 568 2943 terrae
588 2877 832 2942 Transsiluanae
854 2899 936 2943 ausu
967 2879 1133 2944 temerario
1164 2883 1276 2942 contra
1306 2879 1425 2942 domini
1448 2878 1550 2941 nostri
1571 2878 1655 2961 regis
1684 2896 1741 2961 po·

341 2981 472 3046 tentiam
496 2981 653 3045 hostiliter
666 2982 918 3047 insurrexissent
933 2988 965 3047 et
986 3002 1044 3067 per
1059 2985 1118 3046 hoe
1134 2983 1167 3045 in
1183 2981 1401 3046 infidelitatem
1416 2980 1611 3063 incidissent
1633 2999 1740 3044 eomes

340 3084 533 3168 Henningns
555 3085 595 3148 de
625 3084 703 3148 villa
722 3085 810 3150 Petri
839 3091 944 3150 erecto
971 3086 1100 3167 vexillo,
1131 3090 1321 3169 congregata
1350 3085 1554 3149 multitudine
1577 3085 1742 3149 Saxonum
1776 3090 1812 3144 20

340 3194 504 3271 tamquam
525 3187 752 3273 primipilarius
760 3188 781 3266 ¹)
810 3189 962 3273 ipsorum,
985 3191 1154 3254 universos
1176 3189 1333 3253 (iomanes
1362 3189 1464 3272 ipsius
1494 3189 1615 3252 domini
1640 3189 1743 3252 nostri

342 3293 425 3376 regis
446 3293 481 3355 in
503 3292 696 3356 adiutorium
720 3294 821 3356 nostri
843 3295 1027 3378 peripsum
1051 3293 1217 3356 dominum
1238 3311 1346 3375 regem
1370 3298 1516 3355 nostrum
1539 3293 1741 3356 transmissos

341 3396 564 3478 investigasset
594 3400 626 3459 et
655 3396 834 3460 dimicasset
856 3417 928 3461 eum
952 3398 1071 3462 eisdem
1094 3404 1127 3461 et
1149 3396 1277 3460 domino
1304 3397 1507 3480 permittente
1530 3401 1562 3460 et
1583 3395 1740 3459 adiutorio

343 3504 471 3563 sanctae
493 3518 630 3562 coronae
658 3499 753 3563 iidem
777 3500 909 3564 Comani
931 3501 1096 3565 victoriam
1118 3507 1230 3564 eontra
1255 3501 1341 3583 ipsos
1364 3499 1507 3565 Saxones
1530 3499 1743 3564 obtinuissent

342 3609 375 3667 et
389 3602 570 3686 praedictus
585 3622 691 3666 eomes
706 3602 898 3686 Henningns
913 3604 947 3666 in
963 3604 1074 3667 eadem
1089 3623 1197 3687 pugna
1211 3604 1387 3667 exstitisset
1402 3603 1506 3687 gladio
1522 3603 1741 3686 interemptus,
1776 3608 1811 3662 20

342 3710 375 3769 01
389 3723 446 3788 per
465 3703 525 3768 1100
539 3704 574 3768 11
589 3705 806 3771 infidelitatem
822 3713 933 3771 eontra
947 3708 1066 3791 regiam
1081 3707 1277 3770 maiestatem
1292 3706 1464 3789 incidisset,
1487 3712 1519 3770 et
1533 3712 1663 3790 propter
1677 3711 1742 3770 tam

342 3808 495 3892 grandem
517 3806 736 3874 infidelitatem
752 3830 843 3874 suam
866 3829 977 3874 omnes
998 3811 1216 3895 possessiones
1232 3828 1309 3874 suae
1332 3817 1395 3874 tam
1417 3810 1512 3873 villae
1529 3829 1624 3892 quarn
1640 3815 1743 3874 terrae

344 3910 489 3993 arabiles,
512 3911 626 3993 feneta,
655 3918 747 3996 prata
767 3919 800 3977 et
821 3914 1004 3977 molendina
1025 3934 1062 3977 00
1084 3914 1199 3977 domus
1220 3933 1344 3977 necnon
1368 3913 1453 3976 bona
1476 3913 1604 3977 mobilia
1632 3919 1665 3977 et
1685 3914 1744 3975 im-

344 4015 474 4079 mobilia
495 4021 625 4098 propter
647 4017 716 4080 eius
730 4016 948 4082 infidelitatem
964 4018 1004 4081 ad
1019 4038 1134 4081 manus
1149 4018 1251 4100 regias
1273 4018 1410 4081 inissent
1424 4017 1583 4098 devoluta,
1606 4022 1639 4081 et
1659 4016 1742 4080 idem

344 4120 492 4184 dominus
507 4125 617 4183 noster
632 4139 691 4184 rex
702 4121 878 4203 praedictas
893 4122 1119 4205 possessiones
1134 4120 1235 4201 villas,
1251 4126 1351 4184 terras
1366 4120 1509 4203 arabiles,
1525 4122 1639 4202 feneta,
1654 4126 1744 4204 prata
1778 4127 1813 4181 30

344 4228 377 4288 et
390 4223 573 4287 molendina
595 4243 631 4287 ac
647 4223 757 4288 domos
774 4245 897 4289 necnon
914 4225 997 4289 bona
1019 4224 1148 4288 mobilia
1161 4228 1194 4288 01
1215 4224 1388 4288 immobilia
1402 4225 1494 4288 nobis
1516 4224 1653 4307 gratioso
1667 4244 1744 4288 con·

343 4327 469 4391 tulisset
489 4332 643 4410 perpetuo
666 4327 882 4412 possidendas,
904 4328 1058 4393 tenendas
1073 4333 1106 4392 01
1126 4328 1295 4392 habendas.
1317 4328 1456 4392 Tandem
1471 4329 1621 4412 inspectis
1642 4327 1744 4392 fideli·

344 4429 463 4493 tatibus
485 4434 517 4493 et
539 4430 677 4494 servitiis
699 4431 791 4495 nobis
817 4431 1038 4513 usquemodo
1061 4431 1212 4514 impensis
1234 4435 1267 4494 et
1293 4430 1515 4514 impendendis
1536 4431 1570 4493 in
1598 4430 1742 4494 futurum

344 4531 467 4596 Nicolai
488 4532 547 4596 filii
562 4532 740 4598 Salomonis
755 4541 788 4599 et
802 4535 925 4599 Nicolai
946 4535 1004 4599 filii
1018 4534 1160 4599 Danielis
1176 4535 1395 4618 proximorum
1418 4552 1512 4617 saepe
1528 4533 1604 4598 dieti
1618 4533 1744 4597 comitis

344 4635 520 4720 Henningii
535 4656 573 4700 ac
594 4638 794 4703 considerata
807 4639 916 4722 inopia
930 4638 1145 4722 orphanorum
1160 4637 1303 4702 eiusdem
1318 4638 1442 4702 comitis
1456 4637 1632 4720 Henningii
1653 4656 1744 4721 prae-
1779 4643 1814 4697 35

345 4740 445 4805 dietas
459 4741 685 4825 possessiones,
708 4743 808 4826 villas,
825 4750 925 4808 terras
940 4742 1083 4823 arabiles,
1106 4742 1220 4825 ieneta,
1235 4747 1326 4826 prata
1339 4747 1372 4806 et
1386 4741 1568 4807 molendina
1582 4760 1619 4804 ee
1634 4741 1745 4805 domos

344 4864 471 4909 necnon
497 4845 582 4908 bona
602 4845 732 4909 mobilia
754 4852 786 4911 et
807 4846 981 4910 immobilia
1002 4866 1059 4929 per
1080 4846 1258 4929 praefatum
1282 4845 1447 4909 dominnm
1469 4852 1616 4910 nostrum
1637 4864 1744 4928 regem

345 4948 438 5012 nobis
459 4954 614 5032 perpetuo
645 4949 762 5013 donata
791 4954 824 5014 et
853 4951 954 5027 datos,
983 4969 1081 5035 supra
1110 4949 1202 5013 dictis
1232 4950 1381 5033 orphanis
1404 4967 1498 5033 saepe
1524 4949 1600 5013 dicti
1621 4950 1745 5014 comitis

344 5051 521 5135 Henningii
535 5072 593 5136 pro
609 5052 756 5117 ducentis
772 5052 885 5117 marcis
900 5052 957 5117 fini
971 5054 1095 5136 argenti
1110 5053 1264 5117 duximus
1278 5052 1492 5118 restituendas
1509 5053 1605 5136 pleno
1628 5054 1698 5118 iure
1713 5059 1746 5117 et

345 5155 509 5239 tenendas,
532 5156 739 5239 possidendas
761 5156 882 5240 pariter
896 5162 930 5222 et
944 5156 1115 5240 habendas,
1137 5162 1233 5241 prout
1253 5158 1289 5221 in
1312 5162 1406 5221 antea
1419 5174 1515 5240 saepe
1537 5156 1623 5220 tatus
1637 5174 1744 5221 comes
1778 5161 1815 5216 40

342 5258 538 5345 Henningns
553 5260 750 5345 dignoscitur
764 5262 890 5326 easdem
905 5261 1093 5346 possedisse,
1116 5262 1264 5326 omnibus
1285 5260 1441 5345 proximis
1462 5260 1606 5325 eiusdem
1621 5259 1745 5325 comitis

502 5416 524 5485 ¹)
545 5413 677 5485 Vorlooe:
694 5412 897 5484 primipularius.
