4048 6284
993 591 1149 686 -11-

471 775 602 843 Schulkr,
630 776 743 830 Teutsdr
760 793 788 829 a.
807 775 968 831 Firnbcbcr
991 777 1050 831 und
1072 777 1255 832 Demusiunu
1278 777 1399 831 draciaco
1421 775 1466 831 die
1487 777 1683 844 11111111νί11.-
1708 778 1770 847 Epo

471 862 600 916 Andreas
624 863 667 916 als
686 863 830 917 besmsdere
853 862 990 917 Urkuade.
1021 862 1086 918 Son
1105 862 1229 918 Scldorer
1247 863 1322 917 Krit.
1342 862 1537 932 Samndunpen
1554 867 1614 917 314.
1644 863 1767 917 Scfsailcr

471 948 573 1002 Archiv
590 949 616 1015 I,
634 953 686 1003 219
704 949 763 1002 und
780 952 840 1002 220.
865 948 952 1014 Feje‘r
967 948 1057 1003 Codex
1075 950 1138 1017 III,
1157 955 1181 1016 1,
1201 954 1258 1004 118.
1284 949 1399 1004 Betbien
1412 949 1505 1003 Gardt.
1524 948 1707 1017 Darsteilunp
1728 953 1768 1004 76.

475 1034 587 1088 Teatsch
604 1051 631 1086 1.
651 1034 813 1089 Fornace
830 1033 903 1088 sico.
926 1034 1008 1089 drab.
1027 1036 1052 1102 Ι,
1071 1034 1143 1090 Seite
1161 1035 1230 1089 XX.
1250 1035 1433 1089 Densusiunu
1451 1034 1617 1088 Documento
1634 1038 1677 1089 59.

523 1154 635 1208 Druck:
658 1155 742 1224 Unpr.
755 1155 891 1224 Mapazin
903 1155 958 1222 IV,
976 1160 1036 1209 222.
1056 1156 1142 1222 Fejtr
1157 1157 1246 1211 Codex
1259 1157 1321 1221 111,
1335 1162 1359 1222 1,
1375 1159 1433 1209 116.
1452 1155 1566 1209 Bellica
1579 1154 1673 1209 Geacft.
1692 1155 1768 1209 Dar·
1804 1159 1821 1211 5

469 1241 586 1310 mllunp
613 1245 652 1296 74.
689 1239 811 1295 Schelle
829 1241 931 1295 1111111
953 1242 980 1309 1,
1003 1247 1063 1296 217.
1104 1243 1215 1297 Trutach
1239 1260 1267 1296 u.
1293 1242 1454 1297 Firnbober
1478 1240 1550 1296 siet.
1574 1241 1701 1308 Ursus,
1727 1245 1769 1295 10.

473 1326 589 1383 f'heiner
606 1327 685 1382 Mon.
704 1327 800 1397 Hanc.
818 1328 844 1395 I,
862 1331 904 1383 96.
924 1328 1107 1384 Densacaicaa
1125 1329 1292 1384 Documenta
1308 1333 1345 1384 68
1360 1329 1419 1383 aad
1438 1332 1496 1383 116.

522 1448 634 1518 1111·
653 1447 774 1503 11111
796 1448 919 1503 rasum
937 1453 996 1504 11.

522 1623 561 1686 In
576 1624 705 1688 nomine
720 1628 847 1687 sanctae
862 1624 1011 1687 trinitatis
1026 1631 1058 1688 et
1074 1624 1257 1687 individuae
1273 1624 1411 1687 unitatis.
1434 1624 1581 1688 Andreas
1597 1624 1648 1688 dei
1668 1625 1769 1707 gratia

366 1726 559 1810 Hungariae,
589 1727 773 1809 Dalmatiae,
804 1726 956 1809 Oroatiae,
984 1727 1111 1809 Ramae,
1141 1726 1278 1809 Serviae,
1310 1727 1442 1791 Galitiae
1472 1727 1735 1809 lodomiriaeque
1744 1727 1766 1805 ¹)
1805 1736 1837 1791 10

365 1850 425 1894 rex
447 1831 482 1894 in
508 1839 705 1915 perpetuum.
743 1831 915 1914 Amplioris
940 1829 1129 1895 beneficium
1151 1830 1305 1894 libertatis
1327 1831 1454 1913 aragia
1476 1831 1669 1914 benignitate
1691 1851 1768 1895 con·

365 1953 444 2017 grue
466 1941 629 1999 merentur
650 1935 820 2018 percipere,
852 1935 907 2017 qui
929 1954 964 1998 11
986 1935 1090 2018 regiae
1112 1934 1351 1998 mansuetudini
1373 1940 1486 2019 sponte
1509 1954 1569 1998 sua
1590 1934 1766 1999 subiiciunt

366 2044 399 2101 et
425 2057 562 2119 quorum
591 2038 681 2101 labor
709 2057 807 2121 regno
838 2038 1040 2102 commodum
1069 2044 1101 2102 et
1131 2038 1230 2101 oratio
1261 2037 1390 2102 assidua
1418 2038 1469 2121 pie
1499 2038 1639 2102 creditur
1669 2038 1768 2102 vitam

365 2148 550 2225 perpetuam
573 2141 723 2205 obtinere.
764 2141 942 2205 Favorabili
964 2142 1073 2224 itaque
1095 2142 1250 2206 desiderio
1280 2141 1386 2205 fratris
1407 2141 1589 2205 Theoderici
1619 2142 1766 2206 cruciferi

366 2244 527 2328 hospitalis
550 2250 677 2308 sanctae
692 2243 810 2307 Mariae
833 2245 872 2308 de
887 2246 1023 2327 Acaron,
1047 2265 1128 2327 quae
1152 2246 1312 2327 quondam
1335 2244 1396 2308 fuit
1419 2245 1452 2307 in
1467 2244 1654 2328 Jamsalcm,
1677 2245 1764 2328 regio
1801 2255 1834 2306 15

364 2348 473 2412 favore
500 2348 799 2429 condescendentes,
829 2348 889 2411 sibi
917 2354 950 2412 et
978 2349 1128 2412 tratribus
1157 2348 1339 2411 constitutis
1369 2348 1402 2410 in
1431 2353 1516 2411 terra
1545 2347 1630 2411 ultra
1661 2348 1765 2431 silvas,

366 2471 462 2533 quam
484 2452 530 2515 eis
552 2451 592 2514 ad
614 2452 858 2515 custodiendum
881 2450 1054 2514 confinium
1075 2451 1119 2514 ibi
1142 2452 1343 2534 contulimus,
1374 2452 1469 2515 talem
1491 2458 1524 2515 et
1545 2457 1666 2514 1111111
1689 2471 1765 2515 111-

364 2556 517 2619 cessimus
538 2555 724 2635 libertatem,
755 2556 841 2637 quod
864 2556 973 2619 1111111
996 2556 1244 2618 monetariorum
1265 2556 1351 2618 ultra
1380 2555 1477 2619 silvas
1507 2561 1623 2619 terram
1654 2574 1767 2619 eorum

364 2659 470 2740 intret,
493 2659 546 2722 vel
569 2664 752 2743 praesumat
769 2678 825 2722 eos
846 2659 881 2722 in
896 2659 1003 2740 aliquo
1025 2659 1211 2738 molestare;
1236 2659 1292 2723 sed
1307 2659 1390 2722 dicto
1413 2659 1503 2722 fratri
1521 2658 1712 2723 Theoderico
1733 2665 1767 2723 11

359 2762 425 2835 Ι11111
447 2762 690 2826 succedentibus
713 2766 837 2825 tantum
860 2763 936 2826 dent
965 2763 1171 2826 nummularii
1196 2763 1236 2826 de
1264 2782 1350 2825 nova
1378 2767 1507 2826 moneta
1535 2782 1593 2846 pro
1624 2767 1764 2846 argento,
1800 2769 1835 2825 20

365 2866 453 2948 quod
475 2865 612 2930 sufficiat
632 2865 749 2949 populo
772 2865 816 2928 ibi
839 2867 1049 2949 conversanti,
1079 2873 1174 2931 etna
1195 2866 1334 2950 populus
1356 2865 1399 2928 ibi
1422 2866 1567 2929 habitans
1589 2866 1628 2929 ab
1655 2866 1701 2929 eis
1730 2867 1765 2929 in

364 2970 471 3052 aliquo
494 2975 653 3054 gravetur,
683 2969 787 3032 dictus
808 2969 906 3033 frater
926 2968 1139 3033 Theudoricus
1161 2969 1213 3033 vel
1236 2969 1432 3050 quicumque
1454 2970 1604 3052 magister
1629 2970 1664 3032 in
1694 2969 1764 3033 loco

364 3074 433 3137 eius
458 3074 563 3154 fuerit,
591 3093 649 3156 pro
679 3078 809 3156 argento
839 3073 893 3136 illo
925 3073 1016 3137 dictis
1046 3073 1268 3137 nummulariis
1298 3073 1479 3137 satisfacere
1509 3078 1542 3137 11
1572 3075 1764 3157 respondere

364 3183 519 3257 teneatur,
542 3196 578 3240 eo
602 3177 687 3259 quod
705 3177 766 3260 ipsi
784 3176 817 3238 in
836 3175 973 3239 confinio
992 3177 1046 3240 illo
1069 3184 1231 3259 tamquam
1253 3175 1381 3239 novella
1402 3175 1555 3258 plantatio
1570 3182 1647 3239 1111
1668 3176 1764 3259 positi

364 3285 397 3344 11
418 3281 563 3344 assiduos
585 3279 801 3344 Cumanorum
822 3281 978 3363 patientes
1008 3280 1147 3344 insultus
1176 3299 1210 3343 se
1232 3298 1289 3362 pro
1317 3298 1414 3361 regno
1441 3276 1606 3360 tamquam
1635 3278 1763 3342 firmum
1798 3287 1833 3341 25

364 3384 636 3467 propugnaculum
658 3384 768 3447 dedic
789 3384 824 3446 in
846 3384 929 3448 diem
952 3384 1046 3447 morti
1069 3401 1229 3467 opponere
1251 3402 1316 3445 non
1339 3383 1517 3446 formidant
1554 3382 1597 3446 Et
1617 3388 1655 3446 ut
1676 3382 1762 3447 istud

364 3487 410 3549 eis
432 3493 537 3549 ratum
558 3492 589 3549 et
618 3484 745 3549 firmum
774 3492 966 3570 permaneat,
995 3493 1194 3570 praesentem
1222 3488 1369 3569 paginam
1400 3486 1460 3549 sibi
1488 3485 1639 3549 iussimus
1670 3485 1764 3569 sigilli

363 3590 464 3653 nostri
485 3595 643 3654 caractere
664 3590 817 3673 insigniri
854 3588 973 3653 Datum
994 3609 1052 3674 per
1074 3609 1187 3653 manus
1208 3588 1345 3652 Thomae
1367 3588 1516 3651 Albensis
1537 3589 1708 3672 praepositi
1731 3595 1763 3652 et

364 3694 462 3757 totius
483 3693 667 3776 Hungariae
688 3694 876 3776 cancellarii,
898 3713 982 3756 anno
1004 3690 1044 3757 ab
1066 3693 1283 3756 incarnatione
1306 3692 1426 3755 domini
1448 3690 1489 3754 ld
1508 3690 1634 3756 CCXII.
1657 3692 1763 3756 Vene-

364 3797 455 3861 rabili
483 3797 630 3860 Johanne
659 3796 868 3879 strigoniensi
900 3797 1150 3879 archiepiscopo,
1183 3795 1359 3860 reverendo
1392 3795 1564 3859 Bertholdo
1597 3795 1762 3859 Golocensi
1796 3803 1833 3858 30

364 3901 597 3984 archiepiscopo
624 3904 656 3963 et
681 3899 824 3981 vaivoda,
843 3899 1064 3982 existentibus,
1082 3899 1200 3963 (falano
1220 3898 1561 3981 Quinqueecclesiensi,
1581 3898 1762 3984 Cathapano

362 4004 524 4087 Agriensi,
553 4002 723 4067 Wilhelmo
755 4002 976 4085 Transilvano,
1009 4003 1148 4067 Roberto
1178 4002 1406 4086 Vespn'miensi
1444 4000 1593 4065 ecclesias
1630 4000 1764 4064 feliciter

364 4105 624 4189 gubernantibus.
665 4106 753 4168 Bane
774 4106 912 4189 palatino
939 4113 971 4170 et
993 4107 1180 4171 Posoniensi
1203 4107 1326 4185 comite,
1356 4104 1494 4167 Martino
1517 4103 1599 4167 bano
1622 4104 1762 4167 existen-

363 4209 458 4293 tibus,
486 4209 563 4273 Jula
590 4209 757 4273 Bachiensi
786 4215 819 4273 et
847 4209 958 4273 curiali
988 4210 1111 4291 comite,
1140 4209 1272 4272 Andrea
1299 4208 1512 4291 Budrigiensi,
1541 4207 1624 4271 Mica
1646 4208 1759 4271 Bicho-

363 4314 460 4377 riensi
475 4312 652 4376 comitibus.
677 4312 779 4395 Regni
796 4314 896 4376 nostri
914 4333 998 4376 anno
1018 4320 1139 4377 octavo.
1168 4313 1237 4396 Ego
1252 4312 1398 4375 Andreas
1417 4312 1468 4374 dei
1487 4312 1588 4395 gratia
1602 4310 1761 4394 Ungariae
1796 4318 1831 4372 35

363 4436 423 4480 rex
446 4423 556 4480 notum
580 4417 660 4479 facio
684 4416 831 4479 omnibus
853 4417 961 4480 literas
982 4422 1165 4502 praesentes
1184 4414 1377 4497 videntibus,
1404 4416 1490 4495 quod
1512 4420 1652 4478 11111111
1675 4414 1763 4496 quod

364 4519 558 4603 Crucpurg²)
588 4520 785 4601 nominatur,
820 4520 907 4602 quod
935 4521 1081 4584 cruciferi
1112 4520 1150 4583 de
1180 4519 1283 4582 Borza
1313 4519 1352 4581 de
1387 4537 1471 4581 novo
1506 4522 1762 4599 construxerant,

363 4644 438 4687 oum
466 4624 565 4707 pratis
594 4624 678 4686 circa
706 4623 784 4686 illud
817 4630 956 4687 castrum
986 4622 1202 4686 adiacentibus
1234 4621 1355 4685 contuli
1384 4621 1503 4685 eisdem
1530 4620 1692 4684 cruciferis
1722 4619 1761 4682 de

363 4728 467 4792 Borza
494 4730 529 4790 in
558 4731 756 4810 perpetuum.
798 4726 892 4789 Unde
919 4726 1059 4790 districte
1089 4725 1247 4809 praecipio
1278 4723 1434 4806 omnibus,
1465 4729 1624 4806 quatenus
1652 4722 1762 4787 nulfus

363 4837 545 4915 praesumat
567 4831 606 4894 de
628 4836 733 4894 cetero
757 4829 858 4893 dictos
879 4831 1051 4894 cruciferos
1073 4848 1169 4913 super
1191 4812 1275 4892 dicto
1298 4833 1401 4892 castro
1424 4832 1457 4891 11
1477 4827 1575 4909 pratis
1594 4826 1760 4909 prohibere
1794 4834 1831 4890 10

363 4933 416 4998 vel
437 4934 613 4998 molestare.

519 5124 540 5187 ¹)
562 5119 694 5189 Vorlapc:
711 5119 895 5190 Indomieque.

518 5210 540 5277 ¹)
559 5210 643 5261 1278.-
661 5206 818 5261 Orusburch.
