4088 6292
930 559 1085 653 Q-

963 742 1059 829 240.

381 916 480 984 1291
509 911 669 984 Febrem
703 915 762 982 10.
808 911 925 1002 Kdaip
951 909 1113 983 Andreas
1148 912 1227 982 ΙΙΙ.
1264 910 1421 1000 bamam
1456 909 1512 980 die
1546 906 1710 978 Urltnode

304 1033 363 1105 dea
394 1032 529 1123 Kbnips
559 1031 749 1105 Ladmltaue
780 1030 850 1103 IV.
887 1054 952 1104 ooo
987 1035 1092 1103 1290
1128 1032 1194 1104 Nr.
1227 1035 1312 1104 235
1347 1032 1410 1102 mit
1445 1030 1508 1102 der
1546 1026 1709 1099 urnam

305 1153 476 1225 desselben
510 1176 573 1226 von
608 1156 719 1225 1286
754 1152 805 1225 bie
837 1155 944 1224 1289
978 1152 1044 1224 Nr.
1081 1157 1151 1224 211
1189 1152 1373 1241 betreffcad
1408 1150 1709 1240 Steuerbcfrcianp

255 1292 273 1347 n
307 1274 370 1346 der
395 1273 592 1346 Bistn'iaer.

463 1421 539 1491 oap‘.
563 1423 644 1491 Pero.
669 1421 845 1476 Stadtarclvio
868 1421 994 1476 Biatrita.
1019 1422 1223 1492 Doppelsiepel,
1250 1422 1409 1488 emadlmft,
1432 1420 1520 1485 rand,
1547 1418 1579 1471 ia
1601 1416 1709 1471 waram

414 1507 515 1562 chlta
531 1508 668 1577 pedrdckt,
687 1524 726 1561 aa
743 1509 835 1562 rotlter
853 1508 1055 1564 &idenacbnar
1073 1509 1236 1579 aopebdapt.
1267 1509 1369 1563 Anava:
1386 1506 1489 1575 Kdnip,
1512 1506 1634 1576 pekrdat,
1657 1502 1714 1568 aas

408 1593 468 1647 dem
490 1593 583 1648 lieren
600 1594 713 1661 aaran,
737 1595 769 1647 ia
786 1595 836 1649 der
854 1595 972 1650 &aaa
989 1596 1042 1649 dcc
1061 1595 1177 1664 Scepter,
1201 1596 1232 1649 ia
1253 1596 1302 1649 der
1320 1594 1430 1648 Lintea
1454 1592 1507 1647 dea
1526 1588 1708 1657 Reidaecpfel.

413 1678 563 1747 Umscbritt
580 1681 696 1749 kopital,
719 1681 756 1748 N,
782 1682 815 1735 Η
830 1682 932 1748 annal,
961 1683 990 1735 E
1011 1683 1044 1735 ia
1067 1682 1163 1736 baden
1190 1682 1382 1749 Schriftonen,
1418 1677 1618 1748 doppelreibiq:
1644 1677 1664 1739 †
1690 1674 1709 1729 S

409 1765 565 1834 ANDREOE
581 1768 588 1816 Ξ
603 1767 664 1821 DEI
690 1767 762 1821 GRA
785 1768 972 1822 HVNGARIE
989 1768 1381 1824 inALMncinzcnencla
1398 1763 1705 1819 trinitatatem?

410 1853 570 1924 emnem.
607 1854 645 1907 la
670 1856 719 1909 der
744 1855 856 1909 metten
883 1855 983 1910 Reibe:
1012 1856 1229 1924 Iononnnun
1246 1858 1251 1905 Ξ
1268 1853 1430 1910 CUMANIE
1447 1855 1463 1900 ἰ·
1479 1849 1705 1916 emanarant

409 1940 531 2010 ΗΕΘΜ.
551 1940 665 1995 Revera:
684 1941 876 2010 Doppcllrreae
893 1942 926 1995 ia
942 1942 1118 2012 dreiccttpcm
1131 1942 1225 1997 Srlvtld
1242 1942 1291 1995 mit
1304 1940 1522 2010 amperuadenn
1534 1936 1709 2006 Laapacv'ten.

414 2027 578 2095 Umecbrit't:
601 2026 619 2081 S
643 2028 799 2096 melnen
819 2027 943 2082 {REGIS
960 2028 1096 2083 {TERCH
1117 2033 1123 2078 Ξ
1143 2028 1289 2084 Nepotis
1310 2026 1476 2081 {ANDREE
1498 2023 1620 2078 {REGIS
1636 2025 1642 2072 Ξ
1657 2022 1709 2077 SE-

410 2114 533 2184 CJVNDI
546 2125 564 2159 a
589 2114 749 2186 Abbilduap
767 2117 847 2186 Pray
864 2114 1017 2185 Syntaprna
1039 2116 1119 2183 Tasci
1136 2116 1175 2183 X,
1201 2116 1266 2186 Ftp.
1285 2120 1310 2169 1.
1345 2112 1450 2167 Kaous
1467 2111 1648 2164 Monumcntc
1665 2109 1710 2177 II,

411 2205 427 2254 1
446 2201 505 2254 aad
523 2204 565 2255 19.

463 2305 575 2360 nmcn:
596 2305 709 2359 rana
727 2321 754 2358 u.
772 2305 935 2370 permane
954 2306 1026 2362 aaa
1049 2307 1131 2361 oron.
1150 2307 1176 2374 1,
1196 2310 1255 2361 157.

464 2408 577 2479 apen.-
595 2409 686 2463 nner
704 2409 908 2464 Arniensem
926 2410 1088 2478 zennon
1105 2411 1181 2478 xm,
1203 2414 1243 2465 va

463 2567 610 2631 Andreas
625 2566 676 2631 dei
691 2569 792 2651 gratia
807 2567 975 2651 Vngariae‚
998 2569 1187 2651 Dalmaciae,
1210 2568 1399 2648 Crowaciae,
1421 2564 1548 2643 Ramae,
1571 2563 1711 2644 Seruiae,

309 2669 467 2752 Gallinae,
488 2669 704 2754 Iodcmeriae,
728 2671 902 2736 Cumaniae
924 2671 1159 2755 Bulgariaeque
1181 2691 1239 2734 rex
1262 2670 1411 2735 omnibus
1426 2667 1543 2732 Christi
1563 2666 1711 2731 fidelibus

238 2776 275 2832 20
308 2780 492 2857 praesentes
506 2774 614 2839 literas
628 2775 819 2858 inspecturis
842 2775 976 2840 salutem
992 2777 1026 2839 in
1042 2777 1184 2840 omnium
1204 2775 1369 2839 salvatore.
1392 2773 1532 2837 Pnovida
1545 2773 1711 2836 hominum

308 2877 454 2943 discretio
470 2878 642 2960 adinvenit,
662 2884 751 2943 ntea
774 2898 856 2960 quae
871 2884 1019 2962 aguntur,
1041 2885 1226 2961 tractandis,
1248 2879 1459 2942 conferuntur
1477 2876 1529 2940 vel
1552 2876 1712 2939 donantur

307 2979 472 3044 literarum
495 2982 676 3045 testimonio
699 2981 897 3046 roborentur.
930 2982 1070 3047 Proinde
1092 2983 1131 3045 ad
1162 2984 1386 3046 universorum
1409 2986 1474 3043 tam
1496 2979 1712 3063 praesentium

310 3102 406 3165 quam
421 3084 605 3149 futurorum
627 3086 774 3149 notitiam
796 3086 909 3149 harum
931 3087 1012 3150 serie
1029 3085 1179 3150 volumus
1200 3087 1377 3169 pervenire,
1400 3084 1487 3166 quod
1510 3085 1596 3147 cives
1611 3082 1712 3145 nostri

309 3187 349 3252 de
370 3186 553 3270 Byzturche
575 3189 615 3252 ad
638 3194 780 3252 nostram
810 3189 997 3253 accedentes
1026 3191 1237 3272 praesentiam
1260 3189 1478 3254 exhibuerunt
1500 3187 1591 3251 nobis
1613 3187 1712 3270 pn'vi·

239 3294 275 3350 25
309 3291 429 3375 legium
460 3291 580 3355 domini
601 3292 740 3357 ladizlai
769 3293 902 3357 illustris
932 3294 1016 3377 regis
1038 3292 1198 3376 Vngariae
1225 3293 1375 3377 patruelis
1404 3293 1510 3356 fratris
1531 3291 1632 3354 nostri
1661 3309 1713 3353 ca-

310 3395 426 3460 rissimi
454 3395 555 3460 felicis
584 3396 813 3461 recordationis
844 3397 1024 3461 confectum
1054 3416 1150 3481 super
1180 3397 1377 3461 relaxatione
1407 3397 1543 3459 duarum
1573 3394 1712 3477 partium

311 3499 420 3563 tributi
444 3500 484 3564 de
505 3500 688 3581 Bynturche
713 3506 857 3584 petentes
880 3520 953 3564 cum
976 3502 1135 3578 instantia
1159 3507 1195 3565 ut
1216 3503 1321 3585 ipsum
1344 3499 1528 3584 approbare,
1558 3496 1712 3560 ratificare

310 3607 485 3685 nostroque
519 3602 725 3686 dignaremur
761 3603 926 3687 privilegio
954 3603 994 3668 de
1027 3604 1221 3687 benignitate
1255 3605 1342 3686 regia
1370 3602 1566 3666 confirmare.
1613 3599 1712 3664 Cuius

311 3709 404 3768 tenor
432 3704 504 3768 talis
534 3710 590 3769 est
627 3704 732 3789 (an
761 3706 810 3769 die
849 3704 996 3770 Urlcunde
1024 3707 1075 3770 dm
1103 3705 1222 3791 Konipa
1251 3706 1419 3770 Ladialam
1447 3703 1511 3769 IV.
1541 3725 1598 3768 oon
1626 3704 1714 3767 1290

239 3812 277 3867 ³0
310 3805 368 3872 Nr.
392 3808 460 3871 235
480 3809 536 3872 nat
557 3807 612 3872 dar
635 3805 781 3873 crana
803 3809 949 3874 desselben
970 3831 1027 3874 con
1048 3811 1136 3874 1286
1157 3809 1202 3873 bia
1220 3811 1309 3873 1289
1330 3807 1388 3873 Νν.
1413 3811 1496 3891 211.)
1526 3810 1594 3873 Nos
1615 3809 1713 3892 igitur

310 3912 403 3975 iustis
418 3918 451 3976 et
471 3912 714 3976 rationabilibus
735 3912 943 3997 petitionibus
959 3913 1133 3978 eorundem
1155 3915 1275 3977 civium
1297 3920 1478 3977 nostrorum
1497 3912 1714 3976 favorabiliter

310 4022 489 4079 annuentes
510 4016 616 4099 ipsum
638 4016 840 4099 privilegium
864 4037 929 4081 non
951 4017 1113 4097 abolitum,
1136 4038 1200 4082 non
1220 4017 1438 4097 cancellatum,
1461 4035 1526 4079 non
1548 4015 1581 4077 in
1604 4014 1713 4095 aliqua

310 4117 362 4181 sui
383 4123 472 4201 parte
495 4118 650 4201 vitiatum,
682 4121 737 4184 sed
761 4140 873 4185 verum
904 4131 936 4185 et
958 4122 1061 4187 omnis
1084 4123 1274 4206 suspicionis
1304 4120 1454 4205 scrupulo
1484 4138 1602 4203 purum
1625 4124 1658 4183 et
1678 4118 1712 4180 in

310 4221 400 4286 nullo
430 4228 615 4305 suspectum
645 4222 685 4286 de
718 4224 816 4287 verbo
851 4224 890 4286 ad
921 4226 1054 4289 verbum
1088 4226 1309 4310 praesentibus
1338 4226 1494 4289 insertum
1524 4222 1713 4286 auctoritate

241 4331 276 4385 35
310 4326 526 4408 praesentium
549 4325 703 4389 duximus
725 4326 987 4392 confirmandum.
1021 4328 1060 4391 In
1082 4330 1175 4393 cuius
1197 4329 1244 4393 rei
1259 4329 1442 4393 memoriam
1465 4326 1711 4407 firmitatemque

310 4434 495 4512 perpetuam
517 4435 702 4513 praesentes
724 4429 843 4496 eisdem
859 4432 1073 4496 concessimus
1088 4433 1196 4497 literas
1217 4433 1352 4516 duplicis
1375 4432 1468 4516 sigilli
1484 4430 1585 4494 nostri
1607 4430 1713 4493 muni·

310 4531 396 4596 mine
417 4531 589 4597 roboratas.
622 4532 740 4597 Datum
763 4554 820 4618 per
843 4555 957 4599 manns
979 4536 1107 4600 discreti
1139 4538 1199 4599 viri
1222 4536 1364 4619 magistri
1385 4535 1541 4599 lbeodon'
1562 4534 1713 4599 Albensis

311 4634 656 4805 ecclesiaeopraepositi
678 4637 770 4702 aulae
784 4643 913 4703 nostrae
932 4639 1181 4703 vicecancellarii
1201 4641 1307 4704 dilecti
1330 4646 1363 4705 et
1375 4638 1478 4703 fidelis
1494 4638 1604 4721 nostri,
1627 4656 1712 4700 anno

312 4738 431 4802 domini
449 4738 491 4803 M.
514 4740 538 4805 G
566 4790 573 4802 .
595 4741 801 4824 nonagesimo
816 4742 929 4825 primo,
952 4749 1066 4825 quarto
1085 4742 1163 4807 Idus
1178 4744 1351 4827 Februarii,
1373 4744 1464 4827 regni
1486 4748 1593 4807 antem
1612 4742 1713 4805 nostri

241 4847 278 4902 10
313 4859 397 4904 anno
419 4842 530 4925 primo,

966 5034 1058 5118 241.

388 5195 486 5263 1291
503 5192 663 5266 Febraor
688 5198 752 5267 22.
780 5196 898 5288 Kone
915 5195 1077 5270 Andreae
1099 5198 1178 5270 ΙΙΙ.
1207 5199 1365 5291 bcstdtipt
1391 5201 1447 5273 dic
1473 5199 1637 5274 Urbaado
1654 5201 1714 5274 das

311 5313 446 5406 Konipa
453 5313 644 5387 Lodmloaa
652 5316 681 5386 I
684 5314 722 5387 V.
737 5339 802 5389 oon
815 5321 895 5389 127
899 5321 926 5390 8
940 5317 1007 5389 Nr.
1021 5322 1104 5391 187
1109 5320 1180 5408 far
1198 5321 1262 5392 dna
1279 5318 1559 5414 Wctbecabarpcr
1570 5323 1716 5414 Knpitel

312 5433 496 5525 mcffead
511 5436 586 5509 cine
599 5434 786 5529 Salsprubc
810 5461 855 5510 aa
875 5437 1015 5511 Tbovdc
1039 5441 1114 5511 aad
1130 5439 1392 5531 Stcuerfreibeit
1416 5443 1530 5516 eciam
1546 5442 1712 5537 Hoaqen.
