4088 6292
895 620 1050 715 „22⁵-

431 805 631 869 Universitas
645 805 888 889 provincialium
911 809 995 874 sedis
1011 808 1138 890 Cybinii
1160 812 1193 871 et
1214 807 1255 871 ad
1275 806 1363 892 ipsos
1385 808 1581 892 pertinentes
1604 811 1675 873 uni-

274 907 376 972 versis
400 907 517 971 Christi
546 908 695 973 fidelibus
726 911 844 992 quibus
873 918 1056 996 praesentes
1078 912 1293 976 ostenduntur
1321 912 1456 976 salutem
1478 912 1512 976 in
1542 932 1589 994 eo,
1620 913 1676 996 qui

275 1018 322 1075 est
346 1012 487 1075 omnium
511 1012 670 1077 honorum
693 1014 874 1079 retributor.
901 1016 982 1081 Cum
1005 1015 1175 1079 memoriae
1197 1020 1390 1078 novercatur
1409 1015 1526 1079 oblivio
1542 1016 1675 1099 dignum

276 1122 332 1198 est
355 1120 392 1178 ut
413 1121 484 1178 acta
506 1116 721 1198 temporaliter
743 1125 775 1182 et
789 1126 878 1202 gesta
897 1119 1077 1183 testimonio
1093 1119 1322 1202 scripturarum
1338 1118 1520 1201 fulciantur,
1542 1120 1676 1203 proinde

224 1227 239 1278 5
276 1220 315 1284 ad
333 1221 556 1284 universorum
573 1222 718 1284 notitiam
741 1226 806 1285 tam
828 1223 1042 1306 praesentium
1067 1241 1163 1304 quam
1185 1222 1370 1286 hrtnrorum
1384 1223 1497 1285 harum
1511 1223 1676 1288 literarum

275 1324 356 1388 sorio
385 1323 537 1387 volumus
566 1325 744 1407 pervenire,
778 1326 865 1408 quod
895 1346 969 1390 cum
1001 1326 1149 1410 plebania
1181 1325 1291 1390 beatae
1322 1326 1441 1389 Mariae
1474 1327 1607 1411 virginis
1637 1328 1676 1391 de

276 1426 463 1510 Castenholz
486 1447 544 1511 per
565 1434 700 1492 mortem
721 1429 850 1512 plebani
863 1430 1007 1514 ipsorum
1022 1429 1140 1493 ibidem
1155 1429 1194 1493 de
1216 1429 1286 1493 iure
1302 1436 1454 1512 vacasset,
1477 1436 1509 1494 ot
1531 1431 1570 1495 de
1593 1431 1676 1495 iacto

275 1531 386 1615 populi
408 1534 441 1595 et
462 1531 618 1615 plebitum
649 1532 793 1597 eiusdem
815 1534 910 1598 villae
932 1533 1000 1617 pari
1027 1538 1101 1596 voto
1124 1532 1354 1597 concordantes
1383 1538 1415 1597 et
1437 1539 1599 1616 tamquam
1621 1555 1677 1619 pa-

275 1635 360 1699 troni
390 1635 430 1698 de
460 1633 613 1699 electione
643 1635 744 1699 futuri
774 1636 902 1720 plebani
931 1641 1169 1720 pertractantes,
1202 1636 1236 1699 in
1266 1656 1434 1720 porsonam
1463 1636 1520 1700 filii
1548 1639 1677 1702 nomine

208 1744 242 1798 10
275 1737 363 1803 Petri
378 1738 503 1801 comitis
517 1737 671 1821 Danyelis
693 1740 732 1803 de
755 1740 864 1804 eadem
889 1740 978 1803 nullo
1001 1739 1201 1803 discordante
1224 1740 1458 1804 concordanmt
1480 1747 1512 1805 et
1526 1741 1560 1804 in
1575 1762 1678 1806 unum

276 1848 506 1924 convenerunt,
537 1842 623 1922 quod
650 1843 787 1906 eundem
813 1842 947 1908 Petrum
976 1862 1072 1907 suum
1101 1843 1136 1906 in
1165 1842 1337 1927 plebanum
1368 1844 1541 1928 elegerunt
1575 1844 1677 1922 Quem

276 1952 349 2030 post
370 1945 552 2009 huiusmodi
584 1947 773 2011 concordem
795 1954 828 2011 et
852 1948 1045 2011 uniformem
1068 1946 1255 2011 electionem
1286 1953 1448 2028 tamquam
1476 1947 1580 2012 filium
1603 1949 1678 2013 obo-

278 2050 414 2114 dientiae
429 2049 498 2112 viro
514 2050 692 2113 honorabili
707 2051 835 2114 domino
851 2051 1030 2115 Walbruno
1047 2050 1166 2114 decano
1183 2050 1370 2133 Cybiniensi
1391 2058 1677 2137 praesentaverunt

277 2153 495 2238 supplicando,
517 2159 554 2217 ut
575 2153 681 2238 ipsum
695 2152 828 2218 Petrum
851 2156 889 2219 ad
909 2155 1042 2220 eandem
1060 2155 1238 2238 plebaniam
1256 2153 1456 2238 confirmarle
1472 2156 1678 2242 dignabatur.

209 2265 241 2316 15
278 2257 380 2335 Quem
394 2256 525 2321 Petrum
549 2257 617 2341 ipse
639 2257 788 2322 dominus
811 2259 951 2323 decanus
970 2260 1137 2343 conspexit
1158 2260 1193 2322 in
1215 2259 1313 2323 nimia
1334 2260 1467 2324 iuvenili
1489 2266 1592 2325 aetate
1608 2280 1678 2326 esse

276 2363 495 2443 constitutum,
526 2361 578 2442 ait,
609 2362 695 2444 quod
718 2363 811 2426 iuxta
832 2364 1001 2427 canonicas
1023 2359 1210 2444 sanxio[nes
1232 2363 1380 2447 eandclm
1404 2363 1584 2447 plebaniam
1613 2371 1677 2428 tam

275 2467 309 2529 in
332 2465 447 2550 puerili
470 2471 572 2529 aetate
595 2484 660 2528 non
682 2470 791 2548 posset
813 2466 949 2529 retinere
972 2485 1078 2548 neque
1101 2472 1209 2550 posset
1231 2465 1420 2551 confirmari,
1451 2468 1506 2531 sed
1528 2467 1574 2531 illi
1596 2468 1678 2532 bene

275 2570 453 2654 reciperent
479 2568 642 2652 plebanias
672 2575 705 2633 et
726 2568 983 2634 confirmationes
1006 2569 1061 2651 qui
1093 2566 1139 2651 [in
1161 2568 1264 2654 ta]nta
1285 2575 1411 2634 matura
1439 2576 1542 2635 aetate
1572 2575 1679 2636 essent

275 2673 441 2737 constituti
471 2673 528 2754 qui
557 2693 576 2735 a
606 2678 747 2756 tempore
778 2693 909 2737 suarum
940 2672 1216 2737 confirmationum
1245 2674 1329 2738 inira
1358 2674 1590 2740 revolutionem
1622 2695 1678 2738 an-

206 2781 241 2836 20
275 2777 405 2842 nualem
425 2777 460 2839 in
483 2796 644 2840 summum
665 2778 833 2841 sacerdotii
856 2779 985 2840 honoris
1008 2776 1141 2860 gradum
1162 2777 1301 2860 legitimo
1323 2778 1468 2842 valerent
1488 2779 1678 2862 promoveri.

275 2881 414 2945 'landem
437 2881 631 2964 praemissus
653 2881 802 2945 dominus
824 2881 965 2945 decanus
983 2882 1023 2943 ad
1045 2887 1171 2945 nostras
1193 2881 1374 2945 humilimas
1395 2883 1565 2966 petitiones
1585 2883 1678 2946 incli-

276 2990 371 3049 natus
402 2984 540 3048 eundem
563 2984 695 3048 Petrum
718 3004 824 3048 coram
847 2985 984 3048 dominis
1014 2989 1047 3048 et
1075 2985 1290 3049 confratribus
1320 2985 1386 3049 suis
1416 2985 1517 3069 ipsius
1546 2985 1677 3070 capituli

277 3087 479 3170 Cybiniensis
509 3088 549 3150 ad
571 3089 705 3152 eandem
735 3089 914 3172 plebaniam
937 3089 976 3153 de
999 3088 1187 3153 Oasbenholz
1216 3088 1424 3168 confirmavit,
1455 3089 1511 3153 tali
1539 3108 1678 3172 namque

277 3192 405 3256 vinculo
436 3191 603 3273 mediante,
634 3193 721 3275 quod
751 3194 791 3257 de
815 3201 921 3259 cetero
944 3193 978 3256 in
1000 3191 1139 3276 capitulo
1162 3191 1348 3273 (lybiniensi
1377 3212 1553 3275 numquam
1583 3193 1679 3257 alicui

207 3299 242 3354 25
277 3314 377 3380 puero
400 3315 466 3358 non
488 3295 584 3358 habili
606 3314 712 3378 nequo
728 3297 856 3362 habenti
870 3303 1005 3362 aetatem
1027 3295 1206 3380 plebaniam
1228 3295 1400 3378 recipiendi
1422 3295 1569 3380 plebania
1590 3296 1679 3359 nulla

277 3400 371 3464 debet
393 3399 461 3462 dan'
475 3418 582 3480 neque
597 3399 793 3464 confirmatio
810 3402 980 3486 deprecari,
1005 3399 1090 3483 quod
1111 3399 1244 3480 inquam
1259 3399 1425 3463 vinculum
1448 3400 1678 3484 assumpsimus

277 3508 309 3567 et
329 3503 534 3587 promisimus
556 3503 590 3564 in
605 3502 694 3566 filios
715 3503 855 3568 filiorum
877 3509 1060 3567 nostrorum
1082 3508 1114 3567 et
1135 3508 1288 3586 perpetue
1311 3502 1481 3567 observare
1504 3508 1537 3567 et
1558 3508 1677 3585 tenere,

277 3614 309 3671 et
324 3606 412 3689 quod
426 3598 629 3689 praehabitus
653 3612 744 3670 tenor
759 3613 857 3691 ratus,
872 3613 982 3691 gratus
1001 3614 1033 3671 et
1047 3605 1271 3688 irrefragabilis
1287 3607 1470 3689 perenniter
1484 3612 1678 3690 perseveret.

276 3710 314 3773 In
330 3711 422 3773 cuius
437 3709 484 3773 rei
499 3711 684 3773 memoriam
707 3714 959 3793 perpetuamque
977 3709 1158 3773 firmitatem
1173 3714 1357 3793 praesentes
1371 3710 1530 3774 conscribi
1545 3710 1678 3774 lecimus

209 3817 243 3872 30
278 3818 310 3877 et
339 3814 441 3877 nostri
463 3813 631 3896 pendentis
653 3813 748 3897 sigilli
770 3813 947 3876 munimine
969 3812 1120 3876 roborari.
1154 3812 1274 3876 Datum
1302 3814 1449 3896 proxima
1478 3813 1571 3877 tortia
1600 3813 1680 3877 feria

277 3922 351 3981 ante
371 3918 489 3981 festum
510 3917 595 3981 beati
616 3916 779 3980 Michaelis
801 3916 990 4000 archangeli7
1016 3936 1099 3979 anno
1123 3916 1244 3979 domini
1265 3916 1432 3980 millesimo
1456 3917 1677 3981 hecentosimo

278 4020 427 4085 secundo.

934 4244 1022 4329 207.

363 4411 597 4483 Wteo1302
628 4409 848 4482 Olotobcr12.
882 4409 1062 4497 Nitotuus,
1084 4410 1299 4503 pdpstlicber
1325 4408 1447 4501 Lepet,
1474 4410 1598 4480 nimmt
1623 4408 1680 4480 die

208 4551 242 4605 35
277 4532 583 4623 Predipcrmdocbc
609 4533 682 4603 aad
706 4532 901 4603 Miooriteo
925 4553 991 4603 oon
1016 4529 1293 4601 Hcrmoonstodt
1316 4552 1424 4621 pepon
1450 4528 1678 4617 Vasmundrrs,

283 4652 400 4725 Comes
426 4677 490 4726 von
517 4652 738 4743 Sobttsaborp,
775 4653 848 4741 ond
873 4652 992 4724 023312
1019 4650 1112 4722 Sota
1141 4651 1357 4723 Michaelis
1383 4650 1517 4722 Sobata.

436 4800 512 4870 Orip.
530 4800 610 4868 Pcrp.
630 4798 752 4867 Kcmtny
765 4797 886 4865 Diplom.
906 4802 1014 4866 outopr.
1027 4796 1053 4851 I.
1073 4795 1161 4865 Sicqel
1173 4812 1233 4850 war
1249 4797 1412 4866 aopebdopt.
1424 4826 1458 4837 -
1476 4796 1532 4850 Die
1549 4794 1679 4851 Urtuode

379 4887 474 4956 pettit
491 4888 579 4940 wedcr
593 4887 625 4939 in
636 4886 689 4939 das
701 4884 774 4940 Jabr
786 4888 862 4951 1397,
880 4884 930 4938 wic
942 4884 1073 4953 Kcrniny,
1091 4883 1214 4951 Diplom.
1227 4883 1357 4951 supplem.
1371 4883 1434 4949 ΙΙΙ,
1451 4887 1511 4949 391,
1531 4881 1676 4947 Baetim

381 4975 504 5043 Diplom.
517 4975 556 5042 X,
570 4980 606 5028 22
617 4974 676 5028 aad
688 4972 778 5027 stato
795 4971 826 5024 in
843 4971 1004 5025 Tertiaclmi
1016 4970 1062 5024 tdr
1074 4974 1150 5037 1889,
1173 4968 1526 5036 retransmisissem
1537 4968 1589 5021 dos
1603 4966 1677 5021 Jubr

382 5065 459 5127 1303,
477 5060 527 5115 wie
542 5059 699 5127 Fabritius,
723 5059 805 5114 Urtb.
820 5061 846 5124 4,
865 5057 969 5126 onpibt,
987 5058 1107 5111 amedera
1125 5057 1157 5111 in
1174 5057 1227 5111 dor
1245 5056 1318 5111 ‚lotar
1337 5060 1413 5110 1302.
1443 5055 1481 5109 In
1498 5054 1553 5108 deu
1570 5053 1678 5108 Jatrco

382 5151 450 5201 1301
473 5147 532 5200 und
556 5151 625 5201 1302
648 5146 719 5199 roird
742 5145 890 5209 Niboloos,
914 5143 1035 5211 Biscbof
1053 5160 1107 5197 ‘oca
1133 5142 1212 5198 Ostia
1236 5142 1295 5196 uod
1319 5141 1438 5206 Vellctri,
1463 5140 1505 5195 ola
1523 5140 1611 5209 chot
1628 5140 1679 5207 frtr

386 5233 502 5302 Uoporn
512 5239 643 5302 pensant,
662 5233 748 5299 chc'r
763 5231 853 5286 Codex
869 5229 920 5296 VI,
932 5233 958 5296 2,
973 5233 1033 5296 318,
1056 5229 1172 5284 ilicium
1183 5228 1261 5281 Mon.
1275 5226 1370 5295 Hunc.
1384 5226 1409 5292 1,
1427 5227 1529 5293 38511,
1547 5225 1679 5280 wdbrend

381 5318 419 5371 im
441 5319 528 5374 Jaore
552 5323 628 5385 1397,
655 5323 736 5371 amer
761 5318 849 5385 Popst
869 5315 993 5382 Bonifaz
1012 5315 1078 5382 ΙΧ,
1102 5314 1225 5383 Philipp,
1249 5314 1328 5367 ἀαππ
1345 5312 1468 5382 Anqclos
1486 5311 1606 5379 Biocbos
1627 5328 1681 5365 oon

385 5404 464 5461 Ostia
484 5406 544 5459 ond
567 5404 677 5458 Vellctri
694 5404 739 5458 iat.
767 5403 856 5471 Popst
874 5402 999 5469 Bonisor
1015 5402 1104 5456 VIII.
1121 5401 1170 5455 bat
1188 5398 1360 5455 bennato»
1377 5414 1430 5454 oon
1445 5400 1514 5453 1294
1531 5396 1680 5451 Dacica

381 5495 417 5546 21
435 5491 478 5546 bis
496 5494 565 5545 1303
585 5489 701 5545 Ottobcr
719 5493 753 5543 11
771 5488 879 5560 reyicrt

382 5589 575 5638 Urkandenbreh.
1542 5571 1576 5625 15
