4064 6288
953 569 1107 664 —Q

327 759 431 841 gentis
447 756 624 822 Saxonicae
638 759 738 841 partis
752 757 995 821 lranssiluanae
1017 759 1051 820 in
1069 758 1284 822 destructione
1300 762 1332 820 et
1347 756 1566 820 combustione
1578 757 1729 821 ecclesiae

326 862 469 926 eiusdem
498 868 532 926 et
560 863 813 926 concrematione
843 863 1069 926 canonicorum
1100 862 1167 926 iere
1190 863 1333 924 omnium
1356 880 1481 924 necnon
1504 862 1728 925 universorum

327 966 519 1050 populorum
541 966 749 1049 praedialium
772 986 828 1049 per
852 967 961 1031 cedem
984 973 1016 1030 et
1037 967 1158 1030 rabiem
1174 965 1338 1029 Saxonum
1359 966 1594 1047 praedictorum
1615 966 1729 1029 exstir-

326 1071 453 1154 patione
476 1070 555 1133 adeo
578 1071 620 1133 sit
640 1070 809 1154 perditum,
842 1071 1018 1134 desolatum
1049 1077 1081 1134 et
1110 1071 1317 1149 destructum,
1348 1070 1444 1132 immo
1466 1070 1594 1152 penitus
1615 1070 1729 1134 annul-

325 1174 434 1255 latum,
458 1173 545 1256 quod
567 1172 656 1236 nullo
678 1172 772 1235 modo
796 1174 895 1255 possit
918 1175 978 1236 nisi
1001 1194 1058 1257 per
1073 1174 1229 1236 auxilium
1248 1175 1370 1256 regium
1387 1173 1561 1255 reformari,
1585 1172 1728 1237 volentes
1763 1182 1779 1231 5

329 1279 414 1361 regio
438 1297 481 1341 ex
503 1278 613 1341 favore
634 1277 695 1360 ipsi
718 1277 857 1359 capitulo
881 1278 985 1341 taliter
1007 1278 1130 1360 perdito
1149 1278 1326 1361 providere,
1349 1277 1549 1340 salifodinam
1571 1278 1605 1339 in
1627 1277 1730 1340 Torda

327 1402 385 1465 per
407 1402 450 1463 se,
474 1401 571 1464 quam
590 1382 683 1445 etiam
707 1386 781 1444 ante
798 1382 1046 1445 destructionem
1068 1382 1169 1464 ipsius
1185 1382 1335 1445 ecclesiae
1358 1382 1398 1444 ob
1414 1381 1590 1445 remedium
1605 1382 1729 1445 animae

326 1486 481 1550 carissimi
510 1486 610 1569 patris
631 1486 733 1549 nostri
760 1485 844 1567 regis
866 1484 1017 1569 Stephani
1039 1486 1140 1549 felicis
1167 1486 1394 1549 recordationis
1416 1504 1674 1548 concesseramus
1697 1491 1729 1548 et

325 1610 413 1653 nunc
443 1591 513 1653 iure
542 1594 696 1673 perpetuo
727 1608 765 1651 ac
794 1588 1053 1671 irrevocabiliter,
1073 1590 1272 1667 donavimus,
1302 1589 1447 1653 dedimus
1470 1595 1502 1653 et
1524 1589 1727 1671 contulimus,

324 1694 457 1757 liberam
479 1698 512 1757 et
533 1698 713 1777 exemptam
735 1711 792 1776 per
814 1694 921 1755 omnia
939 1693 978 1755 ab
995 1693 1142 1755 omnibus
1158 1691 1345 1755 officialibus
1360 1694 1485 1775 nostris,
1508 1693 1653 1756 vairodis
1667 1712 1725 1777 pro
1763 1699 1796 1753 10

327 1803 470 1880 tempore
485 1796 664 1860 constitutis
679 1802 711 1859 et
725 1795 764 1859 ab
781 1795 928 1859 omnibus
943 1796 1130 1859 officialibus
1145 1797 1318 1860 eorundem
1341 1798 1393 1879 ita,
1410 1803 1526 1861 uttam
1541 1817 1597 1881 per
1612 1817 1728 1878 aquam

327 1920 424 1983 quam
456 1920 514 1983 per
543 1906 660 1964 terram
682 1899 764 1964 sales
793 1900 893 1963 excisi
915 1901 949 1962 in
978 1900 1088 1964 eadem
1119 1899 1286 1963 sclifodina
1307 1908 1372 1964 tam
1394 1902 1428 1964 in
1449 1902 1553 1966 hieme
1576 1921 1672 1984 quarn
1694 1902 1728 1964 in

325 2009 443 2069 aestate
457 2004 556 2068 bbere
571 2003 763 2068 descendere
778 2003 902 2087 possint
915 2023 952 2067 ac
967 2004 1064 2067 incidi
1080 2011 1221 2087 tempore
1242 2004 1393 2087 quolibet
1415 2004 1504 2068 nullo
1531 2004 1727 2089 probibente.

326 2108 463 2192 Insuper
478 2108 572 2172 etiam
588 2107 629 2171 ad
643 2107 806 2172 meliorem
821 2107 1078 2171 reformationem
1098 2113 1131 2171 et
1145 2108 1399 2172 emendationem
1422 2108 1565 2172 eiusdem
1588 2108 1727 2191 capituli,

325 2218 358 2276 et
378 2218 416 2275 ut
437 2211 546 2296 populi
569 2211 610 2274 ad
632 2217 732 2275 terras
762 2230 855 2294 saepe
886 2211 962 2275 dicti
992 2212 1121 2295 capituli
1147 2211 1202 2274 tali
1225 2211 1313 2276 clade
1336 2212 1492 2276 desolatas
1515 2231 1557 2275 ex
1580 2231 1663 2274 novo
1686 2212 1727 2274 ad
1764 2220 1796 2272 15

325 2322 467 2380 nostram
497 2315 728 2399 protectionem
750 2316 874 2399 possint
895 2317 1089 2399 congregari,
1123 2334 1250 2379 omnem
1278 2315 1443 2379 collectam
1470 2315 1618 2399 regalem,
1649 2334 1729 2397 qno-

325 2438 464 2502 cumque
493 2424 635 2502 tempore
664 2439 722 2503 per
751 2421 873 2503 regium
907 2421 1046 2483 edictum
1075 2420 1114 2482 ab
1144 2421 1222 2502 ipsis
1250 2420 1377 2503 populis
1407 2420 1536 2504 capituli
1567 2420 1727 2484 universis

324 2525 523 2607 exigendam,
553 2524 656 2587 eidem
682 2524 821 2607 capitulo
851 2525 921 2588 iure
944 2529 1097 2608 perpetuo
1120 2524 1319 2605 donavimus,
1351 2524 1565 2588 relaxavimus
1594 2530 1627 2588 et
1648 2525 1727 2587 irre-

325 2627 511 2692 vocabiliter
539 2627 728 2691 relaxamus.
763 2622 864 2711 [ΗΜ
893 2628 990 2711 igitur
1020 2628 1202 2691 huiusmodi
1232 2627 1420 2691 donationes
1449 2648 1507 2711 per
1536 2649 1595 2692 nos
1625 2630 1726 2693 factae

324 2733 462 2817 capitulo
485 2737 658 2797 memorato
680 2732 779 2795 robur
801 2732 966 2795 obtineant
979 2739 1152 2815 perpetuae
1173 2730 1332 2794 firmitatis
1354 2750 1413 2795 nec
1432 2751 1489 2814 per
1503 2752 1563 2795 nos
1586 2752 1645 2797 nec
1669 2751 1727 2817 per
1762 2737 1797 2792 20

325 2842 451 2901 nostros
474 2855 674 2900 successores
696 2835 762 2899 ullo
785 2856 939 2917 umquam
962 2842 1104 2920 tempore
1126 2837 1250 2919 possint
1270 2836 1434 2899 retractari
1457 2843 1553 2918 atque
1575 2837 1727 2919 revocari,

324 2942 385 3024 ipsi
415 2940 552 3023 capitulo
578 2939 687 3003 literas
709 2947 891 3023 praesentes
914 2938 1129 3003 concessimus
1152 2939 1288 3022 duplicis
1310 2940 1404 3022 sigilli
1427 2941 1527 3003 nostri
1550 2942 1727 3004 munimine

324 3044 495 3107 roboratas.
534 3040 676 3127 [Dlatum
686 3042 707 3119 ¹)
731 3062 788 3125 per
809 3063 923 3106 manns
945 3042 1136 3107 venerabilis
1158 3044 1218 3105 riri
1248 3045 1389 3126 magistri
1418 3044 1555 3108 Thomae
1577 3045 1727 3109 Albensis

325 3147 476 3212 ecclesiae
498 3147 598 3229 electi,
621 3146 713 3210 aulae
735 3153 861 3211 nostrae
877 3146 1126 3211 vicecancellarii
1146 3146 1251 3211 dilecti
1275 3154 1307 3211 et
1328 3146 1431 3211 fidelis
1454 3148 1563 3229 nostri,
1587 3145 1726 3232 [alnno¹)

324 3250 363 3314 ab
393 3250 611 3314 incarnatione
641 3249 762 3314 domini
794 3229 835 3314 il.
871 3228 930 3315 Ol).
960 3251 1192 3335 septuagesimo
1217 3257 1339 3334 octav0,
1370 3253 1458 3335 regni
1488 3257 1595 3316 autem
1626 3252 1726 3315 nostri
1762 3255 1796 3309 25

328 3374 412 3419 anno
436 3359 537 3419 sexto,

981 3578 1071 3660 188.

411 3739 512 3812 Wiea
538 3744 650 3812 1278
675 3741 863 3813 Deaember
889 3746 955 3813 28.
996 3743 1146 3833 Philipp,
1183 3743 1336 3831 Bisobof
1353 3766 1418 3815 oea
1445 3744 1580 3829 Formo,
1603 3749 1725 3835 papst

325 3862 432 3935 linter
458 3860 580 3953 Moci,
617 3863 808 3954 beploabipl
835 3864 891 3935 die
925 3862 1112 3935 Urkandea
1147 3865 1206 3935 des
1232 3865 1366 3955 Kdaips
1392 3865 1554 3936 Andreas
1581 3864 1636 3935 II.
1663 3888 1728 3937 oon

324 3986 415 4054 1211
451 3982 519 4054 Nr.
547 3988 596 4053 19
629 3985 703 4055 aad
736 3988 834 4055 1212
870 3984 936 4054 Nr.
965 3988 1034 4072 22,
1076 3987 1135 4057 des
1169 3985 1314 4076 Popstes
1347 3985 1521 4057 Honorius
1548 3985 1626 4056 ΙΙΙ.
1662 4009 1726 4057 oca
1761 4003 1796 4057 30

325 4106 429 4175 1224
461 4102 527 4174 Nr.
557 4107 604 4174 41
629 4105 703 4177 aad
728 4109 833 4177 1225
861 4105 926 4176 Nr.
959 4109 1005 4176 51
1037 4107 1111 4177 aad
1140 4106 1199 4177 des
1225 4105 1369 4197 Popstes
1400 4106 1533 4197 (ἔνεμον
1560 4106 1629 4177 IX.
1662 4130 1727 4179 voa

324 4228 429 4297 1232
456 4224 522 4296 Nr.
556 4230 609 4297 65
636 4226 819 4316 belreffead
844 4229 910 4299 dea
936 4228 1117 4300 deutschen
1149 4226 1264 4298 Ordea
1290 4228 1338 4298 im
1365 4227 1599 4299 Buraealand.

482 4389 558 4459 02⁴9.
577 4390 658 4459 Pery.
677 4390 868 4445 Stant-serebia
885 4390 1068 4460 Kdnlpsberp.
1098 4390 1187 4461 Siepel
1210 4407 1270 4444 war
1288 4408 1327 4444 aa
1344 4391 1507 4460 rotlapelber
1525 4389 1727 4446 Seiderascbaur

430 4475 593 4546 anpebdapt.

485 4596 711 4667 Uaoollataadiqr
729 4597 851 4653 Sclruller
869 4598 972 4653 Arabio
990 4598 1016 4666 Ι,
1033 4601 1094 4652 214.
1761 4602 1795 4656 35

481 4717 592 4787 Reqeat:
611 4718 733 4774 Streblta
754 4721 876 4774 Tabulae
895 4724 953 4776 159.
972 4721 1156 4775 Denaoaioau
1174 4722 1342 4776 Documento
1359 4725 1419 4776 436.

479 4893 647 4958 Universis
661 4902 844 4978 praesentes
865 4895 972 4959 literas
989 4897 1179 4978 inspecturis
1194 4897 1372 4981 Phylippus
1390 4898 1592 4962 miseratione
1616 4897 1725 4961 divina

323 4997 491 5060 Firmanus
514 4998 690 5081 episcopus,
716 4999 907 5082 apostolicae
936 4999 1020 5063 sedis
1042 5000 1166 5083 legatus
1188 5000 1323 5064 salutem
1346 5001 1379 5063 in
1403 5000 1539 5064 domino.
1570 5000 1725 5064 Terrorem

323 5100 490 5164 cuiusdam
512 5103 696 5185 scriptiuaa
727 5103 810 5166 sicut
830 5103 864 5165 in
888 5104 1027 5185 quodam
1056 5108 1213 5186 quaterno
1236 5105 1389 5167 continuo
1418 5104 1650 5187 perspeximus,
1680 5105 1725 5167 sic

324 5204 363 5268 de
386 5203 483 5268 verbo
506 5206 546 5269 ad
561 5205 696 5270 verbum
718 5207 852 5270 lecimus
873 5207 1094 5290 praesentibus
1110 5207 1264 5270 annotari
1287 5205 1348 5284 Qui
1371 5207 1442 5270 talis
1465 5214 1520 5271 est
1542 5205 1647 5291 (noar
1668 5207 1725 5271 der
1758 5214 1794 5269 40

324 5305 430 5370 [adult
451 5307 503 5371 dee
524 5309 697 5373 modbatea
723 5308 897 5391 Quateraio,
928 5317 1029 5374 zucra
1050 5311 1099 5374 dic
1129 5307 1276 5375 Urkuade
1297 5310 1349 5374 dea
1370 5308 1489 5394 Konna
1510 5311 1654 5375 Andreae
1676 5309 1724 5374 ΙΙ.

480 5444 500 5511 ¹)
520 5442 613 5497 Mam
629 5445 680 5510 fair
697 5445 751 5498 dea
768 5445 1066 5515 Aafaapsbucbatobea
1083 5446 1137 5500 leer
1153 5446 1285 5515 palmam.
