4086 6300
924 600 1079 697 *prp-

948 821 1044 905 459.

379 1003 583 1096 Wisaeprcd
608 1007 716 1076 1328
743 1005 851 1076 Mara
867 1007 926 1075 13.
955 1003 1072 1094 Kdaip
1089 1003 1185 1075 Korl
1210 1003 1409 1094 causeam
1435 1003 1499 1074 dos
1524 1000 1695 1074 Weissen-

293 1124 419 1216 burper
435 1126 589 1217 Kopitcl,
617 1127 683 1199 dea
706 1125 891 1218 sarpam
917 1125 980 1197 der
1005 1124 1321 1197 Hermonnstddtcr
1347 1124 1506 1217 Pwpstci
1531 1124 1605 1211 ouf
1623 1123 1697 1195 ciac

293 1244 482 1336 Solaprubc
507 1247 545 1318 in
573 1245 742 1338 Solebam
767 1270 812 1319 au
836 1246 1072 1319 uatcrsucbca.

241 1410 258 1463 5
453 1408 529 1480 Orio.
543 1411 624 1480 Pera.
637 1410 846 1480 Kopitclorcbiv
858 1408 1026 1480 Kcrlaburp.
1045 1409 1141 1480 diepal,
1159 1409 1265 1464 weicaaa
1280 1409 1389 1476 Wocba,
1407 1425 1466 1463 war
1479 1409 1536 1475 auf
1542 1407 1592 1461 der
1605 1406 1694 1461 noca

397 1496 542 1551 scitatum
560 1496 718 1552 Veracbluae
736 1498 925 1567 ouspcdrttokt.
944 1529 979 1538 -
996 1498 1052 1552 Dic
1069 1497 1199 1553 Urkunde
1216 1496 1253 1550 iai
1271 1495 1341 1550 oacb
1359 1493 1547 1565 ainpaocboltet
1565 1509 1619 1548 oon
1634 1492 1694 1546 dena

402 1582 626 1653 Waaeaoarqer
644 1584 758 1654 Kapitcl
776 1588 853 1651 1328,
879 1584 929 1638 mii
946 1584 1036 1639 dieser
1060 1584 1190 1639 Urhandc
1207 1599 1261 1637 oon
1278 1581 1373 1651 Konip
1391 1580 1466 1635 Karl
1483 1584 1552 1635 1330
1568 1579 1628 1634 aad
1645 1578 1695 1632 mit

395 1669 485 1725 diem
501 1686 555 1724 oon
572 1670 723 1726 democlbca
739 1671 855 1740 Kopitcl
872 1674 949 1737 1338,
977 1670 1053 1741 θήρ.
1071 1670 1252 1725 Hermonaat.
1271 1668 1381 1723 Archiv.

447 1790 561 1846 Druck:
580 1791 667 1859 chdr
687 1791 776 1847 codex
800 1789 888 1859 VIII,
905 1796 932 1859 3,
949 1795 1010 1846 412.

223 1909 258 1965 10
449 1912 561 1984 Bryant:
583 1889 746 1968 IdrtInelma'
764 1912 810 1967 tdr
828 1916 905 1980 1889,
923 1915 983 1968 584.

445 2087 584 2153 Karoius
613 2080 665 2153 d'ei
693 2089 795 2173 gratia
823 2109 883 2153 rex
910 2088 1096 2172 Hungan'ae
1124 2087 1273 2152 fidelibus
1295 2087 1363 2152 suis
1392 2086 1531 2170 capitulo
1558 2084 1692 2149 Albensi

288 2190 497 2255 'Ircnsiluano
520 2191 653 2257 salutem
677 2198 711 2258 et
732 2193 873 2277 gratiam.
896 2190 981 2257 Dicit
1001 2191 1094 2256 nobis
1116 2192 1252 2256 Thomas
1273 2191 1474 2275 praepositus
1489 2189 1692 2271 Oybinionsis

288 2293 392 2359 fidelis
414 2300 532 2377 noster,
555 2296 643 2378 quod
657 2296 790 2361 ecclesia
805 2317 864 2361 sua
878 2316 936 2361 seu
952 2296 1173 2380 praepositura
1183 2295 1386 2378 Cybiniensis
1401 2294 1516 2358 habeat
1530 2293 1691 2375 quandam

289 2396 489 2461 salifodinam
512 2399 545 2461 in
567 2399 713 2463 Vizokna
721 2400 743 2477 ¹)
774 2406 806 2465 et
833 2420 902 2465 eam
933 2406 996 2465 tam
1027 2400 1095 2483 ipse
1124 2419 1212 2463 nunc
1244 2397 1373 2482 pacifice
1395 2397 1564 2481 possideat
1594 2415 1689 2478 quam

221 2508 254 2561 15
290 2500 383 2563 etiam
407 2520 518 2566 omnes
541 2503 593 2565 sui
615 2502 876 2587 praedecessores
900 2505 1006 2586 quieto
1028 2503 1241 2589 possederunt
1267 2508 1299 2566 et
1320 2520 1445 2585 semper
1467 2500 1610 2563 laborare
1632 2518 1690 2585 per

289 2622 324 2668 se
346 2605 433 2688 ipsos
454 2606 618 2690 potuerint
646 2613 679 2671 et
700 2607 928 2672 laboraverunt
950 2607 989 2671 ab
1013 2608 1146 2689 antiquo
1176 2606 1245 2670 sine
1267 2605 1410 2688 qualibet
1431 2603 1690 2676 contradictione,

289 2707 442 2790 quodque
471 2709 596 2773 locandi
627 2710 760 2776 eandem
790 2712 830 2775 ad
848 2711 1062 2776 ieborandom
1091 2712 1161 2775 eliis
1191 2710 1378 2775 habuissent
1407 2726 1533 2792 semper
1557 2705 1690 2770 liberam

289 2811 497 2895 voluntatem,
528 2820 640 2897 petens
670 2815 709 2878 ab
732 2816 825 2880 nobis
848 2817 981 2880 eandem
1004 2815 1204 2879 salifodinem
1231 2813 1333 2877 diotae
1355 2832 1432 2877 suae
1455 2811 1606 2876 ecclesiae
1628 2809 1689 2874 sub

289 2913 435 2979 libertate
458 2918 618 3000 praedicta
641 2923 750 2982 nostro
765 2919 933 3003 privilegio
948 2919 1137 2983 confirmari.
1161 2918 1281 2982 Verum
1299 2918 1375 2999 quia
1397 2915 1467 2992 ἅθ’)
1490 2913 1581 2993 hoc²)
1597 2913 1689 2977 nobis

220 3024 255 3079 20
290 3018 408 3083 veritas
430 3039 495 3083 non
515 3027 647 3104 constat,
669 3021 813 3087 fidelitati
828 3030 953 3088 restrae
969 3023 1198 3107 praecipientes
1213 3020 1411 3099 mandamus,
1433 3025 1592 3100 quatenus
1607 3017 1689 3081 detis

287 3126 431 3185 vestrum
461 3125 678 3189 testimoninm
706 3125 769 3191 fide
800 3124 966 3209 dignum‚⁸)
989 3145 1096 3190 coram
1119 3145 1183 3208 quo
1208 3125 1364 3208 Georgius
1394 3124 1433 3187 de
1456 3122 1583 3205 Frigida
1604 3136 1689 3202 aque

288 3225 340 3288 vel
371 3245 477 3291 comes
498 3227 691 3314 Henningus
720 3231 759 3294 de
787 3230 864 3294 villa
886 3230 975 3293 Polie
1003 3230 1097 3293 homo
1129 3235 1237 3294 noster
1265 3229 1305 3292 ab
1335 3227 1484 3293 omnibus
1514 3226 1627 3290 vicinis
1657 3231 1688 3289 et

286 3332 512 3396 commetaneis
545 3332 647 3398 dictae
677 3334 862 3398 salifodinas
892 3354 1018 3399 necnon
1048 3355 1068 3397 a
1099 3334 1348 3418 provincialibus
1382 3352 1419 3396 ac
1446 3330 1636 3414 generaliter
1668 3349 1688 3392 a

285 3434 418 3517 cunctis,
450 3436 568 3517 quibus
599 3439 680 3502 scire
709 3439 850 3522 potuerit
879 3445 912 3503 et
932 3438 1087 3522 debuerit,
1117 3438 1259 3521 mquimt
1281 3443 1313 3501 et
1343 3436 1423 3500 sciet
1444 3435 1483 3499 de
1505 3433 1687 3518 praemissis

216 3544 250 3598 25
285 3536 460 3621 plenariam
483 3541 650 3605 veritatem
681 3548 714 3606 et
735 3542 912 3605 secundum
936 3543 1023 3625 quod
1046 3543 1176 3606 sciverit
1197 3546 1230 3606 ot
1256 3541 1348 3605 vobis
1370 3538 1516 3604 renierit
1537 3536 1629 3600 nobis
1652 3536 1685 3599 in

285 3641 401 3705 vestris
422 3642 524 3707 literis
546 3644 721 3709 rescribere
743 3664 806 3708 non
832 3646 971 3728 tardetis,
994 3645 1081 3709 eliud
1104 3665 1168 3709 nen
1184 3645 1307 3710 facturi.
1331 3644 1448 3708 Datum
1472 3643 1504 3705 in
1521 3640 1685 3724 Visegrad

284 3744 318 3808 in
342 3744 501 3810 dominica
522 3746 663 3831 Laetare,
686 3768 770 3811 anno
794 3749 914 3812 domini
935 3727 976 3813 lii.
1000 3750 1221 3814 trecentesimo
1244 3749 1394 3813 vicesimo
1416 3752 1538 3811 octavo.

300 3987 323 4051 ss
439 3886 515 3967 Aus
529 3885 585 3950 der
606 3884 764 3951 Rornae
784 3887 934 3952 Adrcoae:
966 3887 1129 3953 Fidelibus
1158 3889 1225 3952 suis
1248 3886 1387 3972 capitulo
1414 3884 1566 3949 ecclesiae
1586 3882 1684 3946 Tran-

284 4007 299 4051 s
324 4008 435 4053 uanae.

938 4249 1035 4333 460.

359 4426 653 4519 Aoipnon1328
688 4432 770 4502 Mai
797 4434 832 4503 4.
877 4430 1012 4523 Dymae,
1048 4432 1175 4524 Propat
1208 4455 1274 4506 von
1304 4430 1428 4504 Genua
1461 4429 1536 4503 aad
1558 4435 1681 4521 papst-

282 4548 388 4620 licber
419 4547 580 4638 Auditor,
620 4551 789 4640 ommam,
829 4554 869 4625 ia
903 4553 967 4625 dcr
1002 4551 1209 4626 Strcitrocbc
1242 4554 1407 4626 awiacbca
1441 4552 1518 4624 dean
1552 4550 1681 4624 aeica

282 4668 483 4761 bttrpiacbcn
509 4670 663 4760 Biocbof
693 4674 767 4745 aad
801 4675 878 4746 dem
912 4672 1193 4765 Weissenbarpcr
1222 4675 1367 4767 Kopitcl
1401 4675 1576 4746 momenta
1610 4674 1684 4745 aad

281 4792 415 4883 εἰπέμεν
450 4792 631 4866 dcatccbca
656 4793 862 4867 Dekaaotca
898 4797 1110 4868 oadrcraea'te
1143 4819 1205 4868 vor
1240 4796 1303 4868 der
1328 4794 1588 4885 Eratacbciduay
1623 4794 1682 4866 dea

210 4926 245 4981 ³5
280 4911 460 4985 Proacame
486 4912 719 5006 Neaeraapca
743 4917 999 4990 annuncianes.

439 5075 516 5147 Θήρ.
534 5077 615 5148 Pcrp.
633 5078 844 5147 Rapiatur-caia
855 5080 1007 5137 Medioacb.
1025 5080 1121 5151 Siepcl,
1139 5081 1281 5150 monol,
1298 5081 1495 5137 Dardameaacr
1511 5084 1556 5137 6·3
1566 5082 1626 5137 aad
1636 5085 1680 5137 3·6

386 5162 554 5232 masmar,
567 5164 657 5220 rotbca
671 5165 781 5234 Wocbe,
796 5183 835 5220 on
845 5173 950 5238 parim
962 5167 1164 5224 &innam
1176 5168 1340 5238 aopebdapt.
1358 5168 1403 5222 Im
1416 5166 1561 5237 Sieprlfcld
1572 5169 1679 5224 Peraea

435 5302 457 5369 ¹)
474 5305 559 5357 1338.-
576 5302 713 5359 Wiaakna

436 5389 459 5456 ¹)
481 5388 566 5444 Uabcr
583 5390 633 5445 der
651 5391 726 5446 Zeila
744 5391 951 5462 comparem.

209 5470 245 5526 40
434 5474 457 5543 ⁸)
474 5474 605 5543 Hieronis
617 5476 868 5546 compararim:
886 5494 911 5549 o
