4064 6288
1039 609 1195 706 —12-6-

1076 815 1163 899 175.

494 978 632 1051 Allsolrl
656 977 920 1070 1274110900
947 981 1011 1050 22.
1039 978 1157 1070 Kdaiy
1182 978 1373 1051 Ladislum
1399 976 1469 1049 IV.
1498 977 1644 1067 teaeupl,
1672 977 1753 1048 duas
1779 998 1818 1048 er

418 1101 495 1173 dem
520 1098 758 1171 Aretldiulon
783 1099 886 1186 Dera,
924 1099 1099 1191 Munera
1126 1100 1296 1172 Nllolaas
1331 1099 1404 1171 aad
1437 1099 1542 1170 deren
1568 1097 1735 1168 Breuem
1761 1098 1818 1168 dle

419 1228 515 1293 terra
542 1221 733 1311 1101091100
758 1221 928 1293 oerllelaen
954 1221 1047 1293 lule.
1331 1249 1335 1256 ·
1702 1250 1704 1254 ·

576 1385 652 1454 Orlp.
670 1384 751 1453 Pery.
774 1383 879 1454 Uapor.
897 1383 1106 1439 Landesorclaio
1124 1384 1275 1452 Badapest.
1295 1382 1383 1454 Siepal
1394 1384 1477 1450 ruod,
1495 1384 1602 1437 00010000
1625 1381 1734 1449 Waets,
1758 1398 1818 1437 war
1870 1384 1887 1436 5

522 1470 579 1536 aas
591 1470 640 1524 der
659 1470 803 1524 erelcaeile
821 1470 1010 1540 auspedrdelet.

573 1591 684 1644 Druck:
706 1591 819 1645 Teuact
837 1608 864 1644 u.
878 1591 1040 1646 Firnliaber
1053 1590 1126 1645 sab.
1143 1592 1225 1647 Urltb.
1245 1592 1271 1660 I,
1290 1595 1349 1645 104.
1374 1591 1482 1646 Wenael
1497 1590 1561 1646 Ood.
1574 1591 1682 1660 Arpad.
1701 1590 1758 1659 IV,
1775 1594 1818 1645 35.

573 1765 641 1829 Nos
650 1764 816 1829 ladislaus
828 1765 878 1829 dei
894 1766 995 1848 gratia
1009 1785 1068 1828 rex
1079 1766 1240 1849 Vngariae
1254 1765 1470 1850 significamus
1481 1773 1592 1857 tenore
1603 1766 1819 1849 praesentium

422 1869 591 1951 universis,
615 1869 703 1951 quod
716 1889 777 1932 nos
791 1868 1028 1933 considerantes
1042 1867 1211 1933 fidelitates
1226 1875 1258 1933 01
1276 1870 1480 1934 servitiorum
1494 1870 1607 1934 merita
1621 1868 1704 1934 Dera
1718 1869 1820 1933 arohi-

418 1972 543 2036 diaooni
571 1977 603 2036 et
631 1970 773 2055 magistri
795 1971 918 2035 Nicolai
946 1970 1087 2035 fidelium
1117 1978 1301 2036 nostrorum
1326 1973 1525 2057 fratrumque
1555 1975 1707 2058 ipsorum,
1735 1992 1818 2055 quae
1853 1978 1888 2034 10

417 2076 514 2140 iidem
544 2077 706 2141 carissimo
735 2075 818 2159 patri
840 2080 950 2139 nostro
974 2081 1006 2139 et
1028 2074 1120 2138 nobis
1141 2077 1346 2159 postmodum
1370 2077 1595 2162 impenderunt
1622 2077 1759 2142 fideliter
1788 2082 1820 2141 et

418 2179 542 2261 devote,
566 2180 726 2262 quandam
742 2185 858 2244 terram
882 2180 977 2243 castri
991 2179 1142 2243 Albensis
1155 2180 1365 2265 Transiluani‚
1386 2181 1558 2265 Eur-yghaz
1576 2186 1723 2245 vocatam
1743 2201 1820 2245 oon·

419 2289 603 2347 cernentem
624 2284 710 2347 intra
731 2301 806 2346 suas
827 2287 929 2346 metas
951 2289 984 2345 01
1004 2282 1247 2348 limitationibus
1269 2304 1401 2350 suorum
1423 2286 1632 2349 terminorum
1654 2304 1732 2349 rura
1752 2286 1820 2349 sive

418 2387 575 2451 sessiones
598 2386 747 2450 villarum
769 2384 1007 2470 Demegteluke,
1039 2387 1275 2471 Gvyudteluks,
1305 2389 1469 2454 Oslteluke
1492 2395 1524 2454 et
1546 2387 1740 2471 Syvetelnlre
1763 2406 1820 2451 ro·

419 2496 514 2572 natas,
537 2490 592 2553 ubi
615 2491 711 2554 etiam
734 2492 795 2553 sita
816 2495 865 2554 est
880 2491 1118 2561 ecclesiabeati
1133 2491 1271 2557 Thomas
1293 2493 1436 2577 apostoli,
1459 2492 1629 2557 eximendo
1652 2493 1780 2576 penitus
1800 2512 1820 2555 a
1856 2498 1888 2551 15

417 2594 636 2659 iurisdictione
667 2595 742 2658 dieti
772 2596 867 2658 oastn
890 2595 1009 2658 eisdem
1030 2593 1112 2659 Dera
1143 2596 1363 2662 archidiacono
1387 2603 1419 2662 et
1448 2598 1598 2681 magistro
1620 2596 1753 2661 Nicolao
1783 2616 1820 2659 ac

419 2698 570 2761 fratribus
601 2718 713 2762 eorum
744 2699 898 2781 dedimus,
927 2698 1117 2763 donavimus
1140 2706 1173 2764 et
1197 2702 1392 2766 contulimus
1420 2706 1574 2786 perpetuo
1604 2700 1819 2784 possidendas.

418 2802 457 2865 In
480 2802 573 2865 cuius
596 2808 698 2866 terrae
720 2803 917 2886 co1poralem
938 2805 1172 2887 possessionem
1194 2804 1323 2868 eosdem
1347 2823 1405 2888 per
1426 2805 1574 2868 comitem
1596 2802 1759 2867 Andream
1781 2803 1820 2867 de

420 2903 537 2987 Gyoug
550 2905 711 2969 hominem
726 2912 872 2970 nostrum
892 2905 951 2969 sub
968 2907 1149 2970 testimonio
1170 2906 1301 2991 capituli
1318 2907 1470 2971 Albensis
1483 2906 1708 2988 lranssduani,
1730 2923 1820 2990 prae·

419 3008 564 3072 sentibus
585 3008 807 3091 iobagionibus
829 3010 933 3092 castri,
956 3011 1070 3074 vicinis
1093 3016 1126 3074 et
1147 3011 1372 3074 commetaneis
1395 3011 1543 3075 omnibus
1565 3011 1721 3093 nulloque
1743 3030 1819 3073 con·
1854 3014 1889 3070 20

419 3111 589 3176 tradictore
605 3114 764 3176 existente
779 3112 913 3176 fecimus
928 3112 1097 3195 introduci,
1119 3118 1215 3197 prout
1236 3114 1270 3176 id
1291 3115 1384 3181 nobis
1404 3134 1462 3199 per
1477 3114 1584 3179 literas
1600 3115 1675 3178 dicti
1690 3113 1820 3198 capituli

420 3216 563 3279 constitit
577 3216 748 3280 evidenter.
771 3215 890 3281 Datum
912 3216 947 3278 in
962 3215 1083 3297 Zolum‚
1105 3217 1140 3279 in
1163 3218 1283 3280 octaris
1298 3219 1524 3301 assumptionis
1545 3218 1657 3282 beatae
1679 3217 1820 3301 virginis,

421 3338 506 3383 anno
530 3320 650 3383 domini
671 3297 713 3384 id.
737 3297 796 3383 Οὔ.
814 3296 916 3383 LXX
941 3326 1063 3401 quarto.

1076 3614 1164 3702 116.

500 3777 768 3851 Altaolrl1274
794 3778 931 3871 depost
958 3784 1024 3852 27.
1070 3782 1188 3874 Koalq
1213 3781 1404 3855 Lodlalous
1430 3781 1500 3854 IV.
1534 3781 1691 3873 testdllpt
1722 3782 1821 3853 01000
1855 3794 1889 3851 25

420 3900 660 3972 Beeitalouset
684 3901 849 3973 0101001011
876 3902 958 3972 Bon
979 3900 1180 3975 Alexander
1206 3905 1279 3976 aad
1305 3903 1484 3991 ltllloluua
1513 3901 1607 3975 aona
1632 3894 1767 3974 Eelae's.

576 4063 689 4118 Druck:
712 4063 821 4119 Wenael
836 4064 1092 4134 0011100111,
1109 4070 1144 4121 36
1162 4067 1233 4121 acet
1250 4067 1299 4121 der
1310 4065 1635 4137 Besttlipanqsarkunde
1651 4066 1699 4120 des
1712 4065 1821 4136 Korope

524 4150 644 4221 Ludwip
661 4150 687 4205 I.
705 4167 759 4205 eoa
777 4154 854 4219 1365,
875 4150 951 4221 Orip.
970 4152 1073 4206 Archiv
1089 4152 1139 4207 der
1157 4152 1270 4207 Beroea
1293 4152 1459 4222 Wesaellnpi
1475 4168 1511 4207 aa
1528 4151 1736 4222 Klauseabarp.

576 4325 608 4389 N
609 4345 645 4389 os
660 4325 826 4389 Ladislaus
848 4325 899 4389 dei
914 4326 1016 4409 gratia
1037 4346 1096 4391 rex
1111 4326 1296 4410 Hungariae
1317 4328 1430 4391 harum
1445 4328 1527 4392 sen'e
1542 4327 1713 4392 memoriae
1735 4346 1820 4390 oom-

420 4428 608 4492 mendantes
628 4428 826 4493 declaramus
849 4430 1017 4512 uniuersis,
1041 4430 1128 4511 quod
1142 4429 1327 4493 Alexander
1349 4430 1453 4494 banus
1474 4449 1581 4495 comes
1603 4431 1642 4495 (10
1658 4429 1820 4512 Scybinyo
1856 4435 1891 4490 30

421 4536 453 4595 et
483 4531 522 4596 (10
544 4530 678 4596 Doboka
701 4533 835 4597 dilectus
864 4538 897 4597 et
918 4532 1021 4597 fidelis
1043 4538 1152 4597 noster
1174 4531 1213 4596 ab
1241 4552 1307 4596 una
1327 4539 1426 4617 parte,
1455 4534 1607 4598 Nicotaus
1627 4534 1714 4599 filius
1735 4534 1821 4598 the

421 4636 460 4699 ab
476 4636 576 4701 altera
590 4656 697 4700 coram
712 4636 806 4701 nobis
820 4636 1032 4721 personaliter
1046 4636 1267 4720 comparando,
1288 4636 1327 4701 (10
1342 4638 1471 4721 propria
1484 4642 1517 4701 et
1531 4639 1693 4702 communi
1707 4637 1821 4701 volun·

421 4746 485 4804 tate
508 4745 597 4805 etex
620 4745 731 4805 nostra
751 4741 960 4824 permissione
981 4741 1066 4805 inter
1088 4760 1121 4805 se
1143 4740 1327 4804 huiusmodi
1352 4740 1572 4805 concambium
1596 4742 1821 4805 (1110100101-

421 4844 557 4926 dinasse,
589 4845 676 4927 quod
698 4849 815 4907 terram
837 4844 1058 4926 Pertaltelylry
1080 4849 1234 4925 vocatam,
1265 4862 1360 4925 quam
1390 4851 1586 4908 memoratus
1608 4843 1760 4908 Nicolaus
1781 4843 1821 4907 (10

421 4947 611 5011 hereditaria
639 4967 699 5012 sua
727 4953 813 5012 terra
842 4953 875 5011 01
903 4948 1038 5011 fratrum
1065 4966 1197 5011 suorum
1224 4948 1366 5031 praefato
1397 4947 1581 5013 Alexandro
1610 4947 1694 5010 bano
1724 4965 1820 5030 super
1855 4955 1889 5009 35

421 5050 587 5113 cuiusdam
618 5071 743 5115 summa
763 5052 918 5135 pecuniae
940 5051 1136 5134 vendiderat
1167 5071 1264 5133 quam
1285 5052 1380 5115 etiam
1405 5052 1491 5115 idem
1511 5050 1697 5115 Alexander
1718 5050 1822 5114 banus

422 5174 441 5216 a
455 5153 550 5237 longo
567 5160 709 5238 tempore
724 5153 854 5238 pacifice
876 5174 950 5219 cum
972 5155 1120 5219 omnibus
1139 5156 1206 5219 suis
1228 5155 1418 5220 utilitatibus
1432 5156 1624 5238 possederat
1646 5174 1743 5239 super
1758 5174 1823 5236 qua

419 5258 526 5341 ipsum
555 5257 724 5322 Nicolaum
752 5259 867 5323 1101100
898 5260 949 5323 sui
970 5259 1171 5324 infestabant
1204 5260 1250 5324 Ut
1273 5261 1376 5324 omnis
1407 5259 1567 5323 infestatio
1597 5264 1630 5323 et
1658 5258 1822 5323 seditionis

421 5362 553 5425 materia
575 5381 595 5424 a
615 5362 768 5427 fratribus
790 5363 925 5427 uterinis
947 5363 1095 5428 radiciter
1117 5365 1268 5448 sopiatur,
1294 5364 1379 5427 idem
1399 5363 1586 5428 Alexander
1606 5363 1710 5427 banus
1731 5381 1821 5447 prae·

422 5464 538 5528 dicam
553 5469 670 5529 terram
693 5466 832 5530 reddidit
853 5471 887 5530 01
900 5468 1040 5531 restituit
1061 5487 1119 5550 pro
1141 5472 1314 5551 perpetuae
1328 5465 1416 5550 pacis
1436 5468 1557 5531 unione
1572 5467 1675 5531 eidem
1689 5466 1821 5531 Nicolao
1855 5472 1890 5528 10
