4088 6292
977 604 1132 699 -149

509 793 619 857 Frater
642 792 777 857 Gentilis
798 793 1002 858 miseratione
1025 794 1134 857 divina
1155 794 1241 858 111911
1263 794 1364 858 sancti
1386 794 1517 858 Martini
1538 795 1573 858 in
1591 794 1756 860 Montibus

352 895 521 978 presbyter
542 896 718 977 cardinalis,
748 896 1045 979 apostolicaesedis
1074 897 1198 980 legatus
1221 898 1344 961 dilectis
1366 898 1400 961 in
1423 898 1547 962 Christo
1570 898 1653 981 filiis,
1683 898 1756 962 reli-

352 1000 449 1083 giosis
464 1005 496 1063 et
511 1001 655 1065 discretis
676 1001 753 1064 viris
775 1000 926 1064 tratribus
948 1000 1126 1064 Christiano
1148 1002 1247 1085 priori
1266 1001 1525 1065 Praedicatorum
1548 1001 1588 1066 de
1602 1003 1756 1083 Bysteroe

353 1109 386 1167 et
399 1103 495 1167 Petro
519 1104 630 1167 lectori
645 1103 807 1167 Minorum
831 1104 979 1166 ordinum
999 1105 1038 1169 (19
1053 1105 1187 1168 Varasio
1204 1125 1240 1168 ac
1263 1106 1413 1187 magistro
1429 1104 1597 1187 Reynoldo
1619 1105 1755 1189 plebano

353 1208 392 1271 de
415 1207 632 1291 Stolzemberg
654 1208 789 1272 salutem
818 1209 852 1270 in
875 1208 1012 1270 (199199.
1046 1206 1177 1270 Dudum
1208 1208 1249 1271 ad
1270 1209 1432 1292 petitionis
1453 1209 1638 1272 instantiam
1660 1208 1756 1272 dilec·
1791 1219 1808 1272 5

354 1318 459 1376 torum
481 1312 515 1374 in
538 1312 662 1375 Christo
684 1311 823 1375 filiorum
845 1311 976 1396 capituli
1003 1312 1131 1376 maioris
1153 1311 1308 1376 'ecclesiae
1330 1312 1574 1377 'lhanssiluanae
1595 1313 1756 1397 plebanos,

353 1416 567 1500 presbyteros,
590 1415 722 1479 clericos
745 1421 777 1479 91
799 1416 1023 1480 universitates
1045 1415 1129 1477 infra
1150 1417 1291 1498 scriptas,
1314 1416 1462 1480 videlicet
1480 1417 1668 1481 Bertoldum
1690 1417 1757 1501 ple·

353 1520 472 1583 19999
496 1520 535 1583 (19
554 1518 731 1582 Keldenich
754 1519 909 1582 decanum
932 1519 972 1582 (19
987 1518 1077 1601 Sebz,
1098 1518 1270 1582 Herricum
1291 1520 1464 1604 plebanum
1485 1520 1525 1585 de
1541 1520 1630 1603 Saba,
1653 1520 1757 1585 Gode·

354 1623 515 1686 schalcum
538 1623 577 1686 de
599 1622 704 1701 Wina
734 1621 901 1685 Nicolaum
926 1623 965 1687 (19
988 1622 1089 1705 Peyn,
1120 1621 1256 1686 Paulum
1280 1624 1319 1686 de
1341 1622 1481 1708 Kaputa,
1511 1624 1694 1689 Alhelmum
1717 1625 1756 1687 (19

354 1725 471 1806 09199,
499 1724 667 1790 Danielem
696 1727 736 1790 de
757 1726 853 1807 Ryon
883 1732 916 1790 et
943 1725 1107 1790 Renerum
1137 1727 1176 1790 (19
1202 1725 1351 1809 Apoldya
1381 1727 1586 1791 ecclesiarum
1616 1733 1756 1792 19919199
1792 1735 1827 1789 10

353 1849 411 1893 999
434 1829 594 1913 plebanos,
617 1850 654 1893 ac
668 1829 845 1893 Henricum
862 1830 1018 1893 decanum
1041 1830 1080 1893 de
1096 1828 1222 1913 Spinch,
1244 1830 1424 1895 Johannem
1448 1830 1756 1915 (1911999969-

354 1933 497 1997 dolinum
530 1934 569 1997 de
592 1933 676 2016 Piro,
707 1933 965 1998 Bartholcmeum
989 1934 1028 1997 de
1053 1934 1362 2017 Wyngartlryrchen‚
1392 1935 1570 2000 Henricum
1596 1935 1636 1999 de
1657 1933 1757 1999 Roth·

353 2037 454 2119 19199,
484 2037 640 2101 Jacobum
671 2038 710 2101 de
733 2038 857 2102 duabus
879 2038 1033 2102 Turribus
1064 2037 1269 2122 presbyteros
1291 2058 1349 2102 seu
1372 2046 1511 2103 rectores
1533 2060 1570 2103 ac
1599 2040 1757 2103 universi·

356 2147 453 2205 tatem
476 2142 675 2205 sacerdotum
698 2141 872 2205 decanatus
894 2142 1046 2224 eiusdem,
1075 2143 1151 2206 item
1174 2142 1349 2226 capitulum
1371 2143 1581 2227 plebanorum
1603 2144 1643 2208 de
1665 2142 1756 2207 Kozd

354 2251 386 2309 91
418 2245 596 2329 specialiter
625 2244 793 2309 Nicolaum
827 2245 998 2328 plebanum
1029 2246 1068 2309 (19
1100 2245 1177 2308 villa
1204 2246 1317 2309 Jacobi
1351 2247 1507 2310 decanum
1538 2246 1687 2311 videlicet
1717 2247 1756 2311 (19
1792 2256 1826 2308 15

354 2347 454 2429 Kozd
476 2348 646 2412 Herricum
662 2348 833 2432 plebanum
857 2349 895 2412 de
910 2348 1028 2433 Lepide
1051 2356 1083 2412 et
1104 2348 1284 2413 Johannem
1305 2349 1476 2433 plebanum
1499 2350 1539 2414 de
1552 2350 1757 2435 Barankulzt

354 2454 431 2517 item
453 2453 694 2515 universitatem
717 2452 917 2516 sacerdotum
939 2454 1212 2517 archidiaconatus
1239 2453 1278 2516 de
1300 2453 1412 2516 maiori
1434 2452 1577 2517 Kulrullo
1600 2460 1632 2518 et
1654 2455 1756 2520 nomi·

354 2557 453 2619 natim
476 2555 656 2619 Arnoldum
687 2556 726 2619 de
757 2553 958 2639 Longaralle,
988 2557 1169 2620 iohannem
1196 2558 1235 2622 de
1257 2557 1416 2621 Michazaa
1447 2562 1479 2621 et
1501 2607 1630 2622 .....
1653 2578 1757 2624 sacer-

355 2661 464 2724 dotum
489 2659 528 2723 de
549 2659 783 2740 Hulduualaeh
813 2659 890 2723 item
913 2660 1087 2744 capitulum
1109 2659 1318 2744 plebanorum
1350 2661 1389 2724 (19
1412 2659 1506 2743 Kyzd
1529 2669 1561 2725 et
1582 2662 1758 2745 capitulum

355 2764 555 2828 sacerdotum
578 2763 617 2826 de
641 2762 730 2844 Orys,
753 2770 786 2826 et
807 2764 994 2827 nominatim
1015 2763 1201 2828 Bertoldum
1224 2763 1396 2849 plebanum
1420 2762 1577 2828 decanum
1599 2766 1638 2830 de
1653 2765 1756 2847 Kyzd,
1792 2771 1827 2827 20

354 2867 533 2931 Johannem
557 2867 596 2930 de
619 2866 808 2950 Schesburg,
838 2867 1061 2931 Hermannum
1088 2869 1127 2932 de
1149 2867 1237 2949 Dela,
1268 2867 1436 2932 Nicolaum
1459 2869 1499 2932 de
1521 2869 1666 2952 Apoldia,
1697 2869 1758 2934 Ge-

355 2972 479 3054 orgium
510 2971 549 3034 de
572 2969 693 3051 Kyme,
723 2970 880 3034 Jacobum
903 2971 942 3034 de
973 2970 1090 3053 Sithas,
1121 2973 1197 3035 item
1219 2971 1388 3035 Hernicum
1419 2973 1574 3037 decanum
1605 2974 1645 3037 de
1667 2973 1758 3055 Crya,

355 3075 555 3138 sacerdotum
572 3073 719 3137 videlicet
742 3075 883 3138 eiusdem
900 3074 994 3138 villae
1010 3073 1101 3156 Crys,
1123 3074 1292 3138 Herricum
1310 3076 1349 3139 de
1365 3075 1564 3160 Almalrerek,
1588 3076 1758 3141 Hernicum

356 3179 395 3242 de
417 3177 644 3262 Pesschedorp
673 3179 750 3241 item
780 3178 1023 3242 universitatem
1045 3178 1244 3241 sacerdotum
1275 3180 1549 3244 archidiaconatus
1580 3180 1619 3245 de
1642 3181 1758 3244 minori

355 3280 506 3362 Kukmlo,
537 3290 569 3344 91
598 3282 785 3344 nominatim
816 3280 989 3362 Symonem
1019 3282 1214 3345 sacerdotem
1246 3284 1284 3346 de
1314 3283 1390 3346 villa
1420 3285 1520 3347 sancti
1552 3283 1675 3348 Nicolai
1704 3285 1758 3348 de·
1793 3290 1827 3344 25

357 3405 473 3449 canum
504 3386 543 3448 (19
566 3385 708 3448 Kulrullo
738 3385 864 3465 minori,
891 3385 1072 3449 Johannem
1102 3386 1141 3449 de
1164 3385 1239 3449 Sido
1271 3392 1302 3449 et
1323 3386 1530 3451 'thedericum
1562 3389 1758 3451 sacerdotem

356 3491 395 3553 de
418 3489 494 3552 villa
515 3489 631 3553 Boneti
651 3489 893 3553 Transsiluanae
916 3490 1050 3553 diocesis
1073 3491 1163 3553 citari
1185 3491 1396 3573 peremptorie
1418 3491 1552 3554 lecimus
1574 3497 1607 3555 et
1628 3491 1758 3574 requiri,

356 3599 393 3656 ut
424 3599 509 3656 certo
541 3594 675 3656 termino
706 3612 763 3676 per
786 3612 820 3655 se
843 3593 894 3656 rel
918 3613 1028 3656 eorum
1051 3594 1265 3677 responsalem
1293 3595 1444 3657 idoneum
1466 3595 1499 3657 in
1530 3601 1640 3659 nostra
1669 3596 1759 3659 curia

356 3716 538 3781 comparere
569 3703 718 3760 curarent
748 3716 844 3780 super
876 3696 1065 3779 quibusdam
1089 3698 1223 3779 iniuriis,
1254 3698 1481 3762 offensionibus
1511 3706 1543 3762 et
1572 3699 1757 3763 excessibus

356 3820 481 3864 necnon
512 3800 669 3879 censibus
700 3800 822 3881 debitis,
845 3801 984 3881 (1991919,
1012 3802 1189 3864 redditibus
1212 3809 1243 3865 ct
1265 3802 1362 3866 rebus
1384 3803 1454 3865 aliis
1476 3804 1675 3886 procuratori
1704 3802 1756 3866 vel
1791 3806 1827 3861 30

356 3905 489 3987 syndico
506 3905 580 3968 dicti
596 3904 726 3987 capituli
748 3906 783 3967 in
804 3904 921 3967 iudicio
941 3905 981 3968 de
995 3904 1117 3968 iustitia
1135 3906 1326 3988 responsuri.
1349 3905 1471 3969 Verum
1486 3906 1562 3988 quia
1576 3924 1758 3989 comparere

356 4029 413 4093 per
436 4028 470 4072 99
493 4008 544 4072 191
567 4007 744 4091 paralium
767 4009 800 4070 in
823 4017 933 4072 nostra
954 4011 1044 4073 curia
1058 4010 1288 4073 contumaciter
1309 4016 1579 4093 contempserunt
1602 4010 1758 4074 discretus

356 4114 407 4176 vir
421 4114 571 4196 magister
586 4111 751 4196 Philippus
773 4111 812 4175 de
828 4112 981 4176 Sardinea
1003 4113 1202 4177 decretorum
1226 4113 1337 4177 doctor
1354 4114 1526 4178 canonicus
1540 4112 1758 4190 Arboranus1)

358 4215 541 4300 capeNanus
564 4221 596 4278 et
618 4215 780 4279 familiaris
802 4221 920 4298 noster,
943 4234 1039 4297 quem
1061 4217 1095 4278 in
1112 4216 1196 4279 (11919
1217 4236 1314 4279 causa
1334 4217 1478 4300 partibus
1500 4217 1647 4280 dedimus
1668 4215 1759 4280 audi·

357 4327 467 4402 torem,
497 4320 636 4384 instante
659 4324 692 4382 91
713 4325 840 4402 petente
864 4321 1013 4403 magistro
1036 4320 1209 4383 Benedicta
1241 4319 1461 4384 archidiacono
1485 4321 1524 4384 de
1547 4319 1614 4384 Ozd
1643 4340 1759 4404 procu·
1793 4323 1828 4377 35

356 4430 461 4487 191919
483 4423 558 4486 dicti
588 4423 718 4507 capituli
741 4442 852 4487 omnes
874 4423 1052 4508 praedictos
1079 4425 1191 4487 citatos
1214 4424 1247 4485 in
1272 4424 1407 4487 termino
1431 4430 1463 4488 et
1492 4430 1564 4507 post
1586 4424 1759 4488 terminum

358 4534 558 4611 exspectatos
580 4527 741 4610 reputavit
764 4527 1007 4609 interloquendo
1030 4527 1231 4591 1919991119
1255 4533 1467 4609 9991999999,
1490 4527 1569 4589 nihil
1590 4527 1665 4610 plus
1687 4545 1760 4610 pro-

357 4632 474 4696 cedens
505 4637 582 4694 tunc
611 4632 645 4693 in
683 4631 810 4713 negotio
841 4650 981 4714 sperone,
1015 4639 1052 4695 ut
1085 4651 1175 4695 suam
1208 4631 1439 4694 contumaciam
1476 4630 1669 4694 redimerent
1704 4649 1761 4713 per

362 4735 609 4799 satisfactionem
642 4733 840 4816 condignam.
885 4733 947 4798 Sed
981 4735 1086 4817 elapso
1120 4741 1231 4818 postea
1267 4735 1391 4798 dierum
1423 4734 1565 4817 plurium
1593 4733 1761 4798 intervallo

357 4839 535 4923 comparuit
564 4857 671 4902 coram
693 4838 839 4901 auditore
869 4838 1029 4921 praedicto
1060 4838 1430 4922 procuratorpraeiatus
1453 4844 1580 4902 etcum
1609 4837 1760 4901 instantia
1794 4841 1830 4896 40

360 4943 451 5026 petiit
481 4947 593 5006 contra
613 4942 791 5024 praedictos
813 4948 1017 5005 contumaees
1043 4943 1165 5006 iustitia
1192 4942 1345 5006 suadente
1368 4942 1505 5026 procedi.
1539 4941 1652 5006 Dictus
1682 4960 1759 5005 vero

358 5045 484 5109 auditor
506 5046 663 5109 dictorum
687 5045 922 5109 contumacium
950 5045 1140 5109 obstinatam
1148 5046 1170 5123 ³)
1199 5045 1375 5109 absentiam
1404 5049 1437 5109 et
1459 5046 1689 5109 contumaciam
1712 5045 1760 5108 in·

359 5154 464 5230 tuane,
488 5150 564 5230 quia
579 5148 752 5212 humilibus
768 5149 947 5213 obedientia
969 5149 1047 5212 nihil
1065 5150 1239 5233 prodesset,
1261 5149 1289 5212 si
1303 5149 1504 5213 contumacia
1518 5148 1760 5213 contumacibus

359 5271 424 5314 999
455 5251 580 5315 9199991
609 5258 642 5316 91
670 5257 831 5315 crescente
861 5254 1060 5316 contumacia
1089 5272 1231 5316 creseere
1263 5253 1357 5317 debet
1384 5258 1417 5317 et
1446 5272 1558 5336 poena,
1589 5271 1700 5317 omnes
1730 5257 1762 5316 et

515 5390 535 5454 ¹)
560 5386 692 5457 Vorlape:
709 5377 836 5442 Arborum
1794 5387 1829 5442 45

514 5476 536 5548 ¹)
559 5473 693 5545 Vorlope:
710 5474 877 5531 hostinatanr.
