4106 6294
990 590 1146 685 —1-3—1—0-

524 774 718 863 [K]arolus¹)
741 777 792 841 dei
814 778 915 861 gratia
935 777 1129 863 Hungariae,
1150 777 1340 860 Dalmaciae,
1364 776 1521 861 Oroaciae,
1543 777 1671 860 Ramae,
1693 776 1765 843 Ser-

368 884 449 966 uiae,
472 882 630 964 Galliciae,
652 882 867 965 Lodomeriae,
900 882 1104 959 (inmanius)
1127 883 1361 966 Bulgariaeque
1390 901 1448 946 rex
1479 883 1627 946 omnibus
1650 882 1765 947 Christi

366 986 515 1051 fidelibus
538 1006 688 1071 praesens
711 987 864 1071 scriptum
887 988 1078 1071 inspecturis
1100 988 1235 1051 salutern
1258 988 1292 1049 in
1316 988 1457 1051 omnium
1481 987 1646 1051 salvatore.
1676 988 1766 1052 Juris

367 1097 416 1155 est
438 1089 595 1174 explorati
617 1091 797 1173 rationique
819 1092 967 1175 congruit
989 1099 1026 1156 ut
1047 1096 1238 1170 contractus,
1262 1092 1317 1173 qui
1333 1092 1508 1155 secundum
1532 1093 1683 1175 temporis
1698 1092 1766 1156 exi·

367 1194 505 1278 gentiam
527 1194 682 1278 iniuntur,
711 1203 865 1279 perpetua
887 1195 1055 1260 stabilitate
1077 1195 1251 1259 fulciantur
1273 1201 1305 1259 et
1326 1195 1542 1259 sanctionibus
1564 1196 1764 1280 pragmaticis
1799 1201 1817 1253 5

366 1297 546 1382 principum
569 1299 744 1381 patrocinio
767 1300 799 1362 in
823 1305 994 1383 perpetuae
1016 1300 1186 1363 memoriae
1209 1304 1432 1382 argumentum
1455 1298 1654 1363 roborentur.
1680 1299 1765 1363 Hinc

367 1408 416 1467 est
446 1402 532 1484 quod
555 1401 595 1465 ad
616 1403 840 1467 universorum
862 1407 926 1466 tem
941 1404 1156 1486 praesentium
1180 1422 1275 1485 quam
1291 1403 1472 1466 futurorum
1489 1404 1632 1466 notitiam
1653 1404 1764 1466 harum

367 1507 449 1571 serie
472 1506 621 1570 volumus
644 1507 820 1590 pervenire,
844 1508 930 1588 quod
953 1507 1139 1571 accedentes
1147 1506 1169 1585 ⁸)
1191 1508 1230 1570 ad
1254 1512 1395 1571 nostram
1411 1508 1621 1591 praesentiam
1643 1508 1764 1590 magni-

367 1611 448 1675 ficus
471 1611 522 1673 vir
542 1610 710 1673 Ladizlaus
732 1611 870 1675 vairoda
883 1610 1158 1687 'lbanssiluanusb
1181 1617 1213 1675 et
1235 1631 1341 1675 comes
1363 1612 1403 1675 de
1426 1611 1579 1687 Zolnukl)
1603 1630 1660 1694 pro
1684 1630 1717 1675 se
1733 1616 1765 1675 et

367 1735 424 1799 pro
447 1714 594 1779 Iadizlao
624 1734 739 1797 magno
770 1734 806 1777 ac
829 1734 886 1798 pro
910 1715 1056 1779 Ladizlao
1079 1736 1177 1801 parvo
1200 1715 1273 1779 liliis
1301 1716 1377 1795 suis,
1407 1721 1439 1779 et
1461 1735 1567 1780 comes
1590 1715 1704 1779 Daniel
1726 1715 1765 1779 de
1801 1718 1836 1772 10

367 1819 498 1883 Kelnulr
520 1838 562 1882 ex
583 1818 683 1882 altera
711 1838 768 1901 pro
792 1838 826 1882 se
849 1824 882 1882 ct
902 1839 960 1903 pro
983 1820 1057 1884 filiis
1086 1821 1163 1902 suis,
1194 1821 1270 1883 item
1293 1820 1456 1901 Nycolaus
1478 1819 1564 1883 filius
1588 1818 1765 1882 Salomonis

368 1943 426 2007 pro
449 1943 483 1987 se
507 1928 538 1987 et
567 1941 624 2005 pro
652 1928 741 2006 patre
771 1941 830 1985 suo
861 1942 898 1985 ac
920 1921 1097 2004 Mylasis)
1127 1924 1223 1988 trabe
1253 1943 1311 1987 suo
1343 1923 1479 1987 confessi
1507 1928 1583 1987 sunt
1605 1923 1667 1987 tale
1689 1941 1765 1986 con·

368 2027 527 2091 cambium
548 2027 633 2090 inter
655 2045 689 2090 se
711 2026 874 2091 ordinasse
897 2046 954 2091 seu
977 2028 1161 2108 celebrasse,
1193 2028 1278 2109 quod
1308 2026 1488 2110 praedictus
1510 2025 1677 2090 Ladizlaus
1699 2026 1765 2088 vai-

369 2131 452 2194 voda
475 2130 628 2213 quasdam
659 2137 759 2193 terras
789 2150 846 2194 seu
868 2131 1084 2214 possessiones
1106 2151 1181 2195 suas
1203 2130 1441 2213 Wemsighaz)
1467 2134 1613 2194 vocatam
1635 2150 1654 2192 a
1675 2148 1765 2213 prae-

369 2234 588 2300 decessoribus
619 2235 736 2298 nostris
766 2233 894 2317 regibus
915 2233 1099 2316 Hungariae
1129 2235 1315 2316 acquisitam
1343 2240 1375 2298 et
1398 2234 1595 2315 Gregoriaya
1620 2239 1764 2296 vocatam
1802 2238 1834 2290 15

370 2341 404 2403 in
419 2339 540 2403 Scekus
562 2339 744 2417 existentes,
768 2356 849 2419 quae
871 2336 931 2400 sibi
950 2342 1091 2419 tempore
1114 2337 1302 2400 vaivodatus
1325 2338 1374 2400 sui
1397 2338 1520 2401 ratione
1542 2336 1650 2399 iudicii
1672 2336 1767 2400 cessit

369 2449 401 2508 et
425 2442 586 2522 remansit,
616 2440 656 2505 de
677 2439 803 2504 filiabus
824 2440 913 2521 Tyan
937 2446 1051 2522 quarta
1071 2441 1240 2523 provenire
1266 2441 1435 2523 debuisset,
1467 2460 1563 2522 quarn
1585 2459 1692 2503 coram
1714 2460 1766 2503 ca-

368 2546 469 2630 pitulo
493 2544 643 2609 ecclesiae
666 2543 749 2606 beati
771 2542 957 2625 MyliaelisD
980 2544 1158 2627 archangeli
1180 2544 1422 2608 Transsiluanae
1444 2544 1585 2626 plenarie
1615 2543 1767 2606 dixerunt

367 2649 568 2735 persolvisse,
598 2647 657 2712 sub
688 2648 782 2711 certis
812 2649 905 2711 metis
934 2653 966 2711 et
996 2648 1138 2711 terminis
1168 2649 1316 2730 antiquis,
1348 2647 1465 2731 quibus
1495 2648 1578 2711 idem
1601 2647 1712 2711 habuit
1734 2652 1767 2710 et

367 2754 516 2839 possedit
539 2753 625 2817 dedit
647 2752 754 2815 comiti
774 2749 900 2815 Danieli
931 2756 963 2815 et
984 2750 1057 2814 filiis
1079 2752 1146 2816 suis
1168 2773 1205 2816 ac
1227 2752 1359 2816 Nicolao
1383 2758 1414 2816 et
1436 2751 1586 2815 tratribus
1609 2752 1676 2815 suis
1699 2770 1764 2814 me·
1799 2755 1834 2807 20

367 2858 499 2922 moratis
521 2857 555 2919 in
578 2861 768 2941 perpetuum
783 2854 998 2938 possidendas,
1021 2856 1174 2919 tenendas
1188 2858 1307 2939 pariter
1322 2862 1354 2920 et
1368 2856 1537 2919 habendas.
1560 2855 1587 2918 Ε
1609 2874 1764 2918 converso

367 2961 549 3045 praedictus
582 2978 688 3022 comes
717 2957 831 3021 Daniel
861 2964 893 3021 et
914 2958 1065 3022 Nicolaus
1087 2979 1185 3042 supra
1207 2960 1344 3043 scriptus
1367 2960 1528 3040 quandam
1558 2965 1675 3022 terram
1709 2976 1766 3022 seu

368 3064 601 3149 possessionem
632 3081 743 3126 eorum
773 3061 996 3145 Scepmezeu)
1027 3068 1181 3142 vocatam,
1215 3065 1388 3148 emptitiam
1419 3070 1456 3127 ut
1485 3064 1646 3143 dixerunt,
1675 3063 1767 3125 iuxta

368 3166 541 3233 Kulrullew
549 3166 586 3243 ¹⁰)
616 3166 819 3245 existentem,
853 3167 1035 3248 contiguam
1065 3184 1122 3229 seu
1157 3167 1295 3230 vicinam
1328 3166 1582 3251 possessionibus
1614 3165 1768 3249 praedicti

368 3270 507 3336 ladislai
536 3269 699 3349 vaivodae,
729 3268 875 3332 similiter
903 3269 963 3333 sub
993 3270 1088 3333 certis
1118 3271 1211 3334 metis
1240 3276 1273 3335 et
1302 3272 1446 3335 terminis
1467 3269 1617 3351 antiquis,
1649 3267 1767 3350 quibus
1801 3272 1836 3328 25

368 3375 465 3439 iidem
495 3378 589 3437 antea
610 3374 821 3456 possederunt
847 3380 878 3437 et
899 3371 1118 3453 tenuerunt11)
1147 3375 1180 3437 in
1203 3376 1424 3461 concambium
1450 3374 1682 3458 praedictarum
1704 3378 1767 3437 ter·

369 3497 476 3542 rarum
501 3477 663 3541 dedissent
685 3482 717 3540 et
740 3477 988 3556 tradidissent¹²)
1011 3479 1070 3562 ipsi
1093 3478 1238 3542 Ladizlao
1255 3479 1409 3542 vaivodae
1431 3486 1464 3543 et
1484 3478 1558 3541 filiis
1581 3478 1648 3541 suis
1671 3497 1768 3560 supra

370 3583 462 3646 dictis
476 3582 510 3644 in
525 3585 714 3663 perpetuum
729 3581 961 3664 possidendam,
984 3582 1151 3646 tenendam
1176 3587 1208 3645 et
1221 3582 1407 3663 habendam,
1431 3582 1606 3664 obligantes
1622 3581 1718 3644 etiam
1733 3600 1767 3644 se

370 3691 482 3749 mutuo
504 3691 542 3748 ut
564 3684 590 3747 si
612 3703 764 3767 processu
779 3689 957 3769 temporum
981 3705 1038 3769 per
1060 3686 1240 3769 quempiam
1256 3687 1436 3769 praedictus
1450 3686 1617 3761 ladizlaus
1632 3685 1768 3747 vaivoda

370 3796 403 3855 et
423 3788 480 3852 filii
509 3789 560 3852 sui
585 3788 708 3851 ratione
730 3788 909 3871 praedictae
930 3791 1139 3874 possessionis
1162 3789 1379 3873 Sepmezeu¹³)
1411 3797 1541 3854 vocatae
1571 3809 1629 3872 per
1656 3808 1767 3871 quem·
1802 3792 1837 3846 30

370 3911 509 3974 cumque
538 3892 794 3973 inquietarentur
824 3899 880 3957 aut
907 3895 942 3956 in
971 3894 1022 3958 ius
1044 3898 1255 3957 evocarentur
1284 3899 1316 3957 et
1337 3914 1355 3958 e
1377 3913 1533 3957 converso
1555 3893 1639 3956 idem
1662 3912 1768 3956 comes

370 3996 484 4061 Daniel
507 4000 539 4059 et
560 3996 723 4076 Nycolaus
752 4015 789 4058 ac
809 3994 867 4058 filii
894 4016 1017 4061 necnon
1047 3998 1160 4062 tratres
1183 3998 1357 4062 eorundem
1384 3999 1506 4062 rabone
1535 3996 1767 4080 praedictarum

371 4107 527 4165 terrarum
543 4120 600 4164 seu
616 4101 852 4182 possessionum
868 4101 1112 4165 molestarentur
1129 4101 1221 4164 modo
1237 4121 1334 4184 supra
1348 4102 1442 4182 dicto,
1464 4122 1537 4185 pars
1559 4100 1658 4164 altera
1680 4106 1767 4163 tene-

371 4204 458 4269 bitur
480 4211 600 4289 partem
624 4203 756 4266 alteram
777 4204 914 4287 propriis
935 4204 1097 4269 laboribus
1120 4211 1151 4269 et
1173 4205 1323 4289 expensis
1346 4205 1384 4268 ab
1407 4205 1638 4287 inquietatione
1660 4204 1768 4267 cuius-

370 4308 449 4374 libet
471 4308 622 4392 expedire
651 4314 684 4372 et
713 4308 746 4370 in
768 4306 899 4390 pacifica
921 4309 1121 4391 possessione
1144 4328 1342 4389 conservare,
1374 4309 1459 4372 unde
1481 4308 1577 4371 iidem
1600 4306 1767 4371 ladizlaus
1802 4310 1836 4363 35

527 4462 547 4527 ¹)
566 4460 659 4515 Βααηι
675 4460 726 4527 sair
742 4459 776 4513 K
789 4460 843 4514 laer
859 4459 991 4529 pelessae.

525 4549 547 4614 ¹)
566 4547 680 4601 Zwaiiee
701 4545 776 4616 Θήρ.
795 4546 1121 4601 und13wstlomaniae.

526 4637 548 4701 ⁸)
571 4633 785 4702 Urspriinqlicb:
802 4634 938 4703 accedens,
956 4634 1103 4688 aeternari
1120 4635 1152 4687 in
1169 4635 1331 4688 accedentes.
1359 4633 1473 4688 Zweites
1488 4633 1580 4702 Ortus
1597 4633 1733 4686 accedens.

526 4723 548 4788 ⁴)
567 4721 649 4775 Facu
665 4720 704 4772 im
721 4720 832 4773 amnuo
852 4719 928 4789 Orip.
947 4720 1006 4774 und
1025 4724 1100 4774 1320.

527 4809 548 4875 ⁶)
566 4810 650 4862 1320.·
668 4806 766 4860 Zonuk.
1802 4803 1839 4857 lo

527 4895 549 4959 ⁰)
568 4896 651 4949 1320.·
668 4891 814 4961 Mychaele.

526 4982 548 5049 ¹)
566 4983 649 5034 1320.·
667 4979 859 5048 Werusyghaz.

526 5068 548 5135 ⁸)
566 5070 650 5121 1320.·
667 5064 820 5134 Mychaelis.

528 5155 550 5221 ⁹)
568 5152 683 5207 Zweitca
702 5150 778 5221 θήρ.
797 5152 856 5206 aad
874 5154 958 5206 1320.·
976 5150 1131 5219 Sepmezeu.

517 5236 809 5306 ¹⁰)1320:Kurulleu

517 5325 551 5394 ¹¹)
569 5324 607 5379 So
623 5324 728 5378 auara
748 5323 824 5393 Orio.
848 5323 982 5393 Vorlapa:
999 5326 1131 5377 teuenmt

516 5412 549 5476 ¹¹)
571 5410 703 5480 Varlape:
721 5409 825 5465 dedisse
843 5412 871 5465 et
888 5410 1033 5480 tradidisse.

517 5499 549 5566 ¹⁸)
567 5496 682 5551 Zweitea
702 5496 778 5566 Orio.
796 5498 855 5551 und
873 5501 955 5552 1320.·
973 5496 1142 5565 Scepmezeu.
