4088 6292
1004 615 1159 710 —ara-

377 800 458 866 Item
480 800 649 865 Nicolaum
678 803 843 867 scabinum
874 805 914 868 16
946 803 1080 883 (1111616,
1115 803 1170 887 qui
1200 804 1324 867 iuratus
1354 805 1445 881 dixit
1479 825 1513 869 se
1543 805 1643 870 dictas
1672 805 1780 870 literas

378 904 498 968 domini
521 905 675 969 vaivodae
698 906 815 970 vidisse
845 914 877 970 61
906 907 1075 970 audivisse.
1120 907 1200 972 Item
1228 908 1437 991 Heniungum
1469 911 1623 972 nuncium
1650 912 1779 993 provin-

376 1009 505 1073 cialium
528 1008 567 1073 de
590 1008 724 1091 Cibiniq
748 1011 859 1092 quiin
883 1012 1004 1073 animas
1019 1011 1162 1093 ipsorum
1184 1011 1426 1093 provincialium
1451 1015 1575 1077 iuratus
1594 1013 1674 1077 illud
1696 1014 1779 1076 idem

377 1111 555 1176 affirmavit.
600 1113 681 1176 Item
702 1113 874 1178 Hernicum
904 1121 1143 1198 procuratorem
1173 1113 1324 1178 ecclesiae
1356 1117 1498 1179 omnium
1527 1123 1710 1180 sanctorum
1740 1118 1780 1181 da

378 1215 563 1297 Kaldenich,
587 1217 643 1298 qui
658 1217 783 1281 iuratus
805 1218 889 1282 dixit
902 1218 981 1281 illud
997 1219 1090 1297 idem,
1114 1225 1145 1281 et
1160 1218 1292 1300 insuper
1307 1219 1389 1282 idem
1406 1219 1593 1284 Bertoldum
1609 1220 1780 1304 plebanum
1817 1231 1829 1242 '

378 1319 529 1384 ecclesiae
558 1321 737 1404 praedictae
767 1320 986 1404 aplebesanis
1016 1323 1084 1384 suis
1114 1322 1153 1385 ad
1184 1324 1244 1386 iter
1273 1325 1489 1407 arripiendum
1526 1324 1624 1388 161666
1654 1324 1780 1409 publice

377 1422 585 1505 licentiatum,
616 1424 692 1488 item
715 1424 883 1489 Nicolaum
906 1426 1036 1489 tratrem
1067 1426 1142 1489 dicti
1165 1429 1381 1510 procuratoris
1403 1447 1476 1491 cum
1500 1429 1678 1492 iuramento
1701 1428 1780 1492 illud

377 1525 462 1591 idam
485 1533 687 1591 asserentem.
710 1528 792 1592 ltem
809 1529 884 1592 dicti
907 1528 1035 1613 plebani
1050 1530 1081 1592 in
1107 1531 1156 1593 sui
1173 1532 1380 1594 excusatione
1397 1531 1504 1594 literas
1520 1532 1613 1596 nobis
1627 1533 1781 1615 plurimas

377 1636 630 1713 praesentarunt
654 1632 801 1697 videlicet
823 1652 865 1696 ex
887 1640 977 1717 parte
1000 1634 1218 1698 universitatis
1241 1635 1441 1704 Cibiniensis,
1464 1636 1539 1698 item
1563 1636 1781 1699 universitatis

378 1734 418 1798 de
440 1732 551 1816 Sebys,
575 1735 652 1799 item
676 1735 803 1819 Georgii
825 1737 953 1821 plebani
976 1737 1015 1800 de
1039 1737 1172 1816 Gibinio,
1196 1738 1270 1799 item
1295 1737 1428 1800 Walteri
1451 1740 1592 1821 magistri
1616 1739 1780 1823 hospitalis

378 1839 480 1901 sancti
510 1839 641 1922 spiritus
668 1841 805 1904 civitatis
836 1841 988 1923 eiusdem,
1020 1843 1095 1905 item
1117 1842 1274 1905 lobannis
1304 1841 1430 1925 plebani
1458 1842 1497 1905 de
1529 1843 1605 1906 rilla
1626 1843 1780 1923 Vmberti,

380 1961 462 2024 quae
485 1962 595 2006 omnes
618 1963 652 2007 66
675 1963 772 2028 super
793 1945 917 2008 literam
934 1946 1055 2009 domini
1078 1946 1232 2009 vaivodae
1248 1945 1474 2025 fundaverunt,
1497 1964 1539 2008 ex
1554 1947 1647 2010 cuius
1669 1952 1773 2010 tenor

378 2047 538 2130 perterriti
567 2047 608 2110 ad
637 2048 834 2132 praedictum
864 2049 925 2112 iter
947 2054 1170 2133 procuratores
1193 2050 1369 2113 eorundem
1400 2050 1572 2133 procedere
1594 2070 1660 2114 uon
1683 2051 1759 2114 aud

377 2149 464 2232 bant,
486 2152 580 2215 cuius
601 2152 797 2216 contrarium
827 2153 931 2217 dictus
954 2154 1101 2238 princeps
1135 2159 1199 2217 tam
1222 2173 1397 2236 persuum
1419 2154 1583 2237 nuncium,
1606 2173 1702 2236 quam
1724 2173 1781 2238 per

378 2274 454 2319 suas
482 2255 591 2319 literas
620 2255 655 2318 in
685 2255 768 2321 dicto
800 2258 935 2321 termino
965 2277 1070 2321 coram
1102 2257 1194 2320 uobis
1226 2276 1302 2320 suae
1334 2258 1519 2321 intentionis
1546 2277 1692 2322 asserens
1714 2276 1779 2321 nou

378 2359 478 2423 fuisse
500 2378 555 2423 666
576 2358 730 2444 plebanos
752 2360 803 2424 rel
818 2368 1040 2443 procuratores
1056 2362 1231 2425 eorundem
1254 2360 1293 2424 ab
1317 2362 1443 2445 incepto
1458 2362 1572 2425 itinere
1587 2361 1780 2445 praepedire.

378 2463 467 2527 Haec
489 2464 586 2546 igitur
609 2464 654 2528 616
676 2469 747 2527 6616
768 2471 801 2528 61
822 2485 928 2528 coram
952 2465 1045 2529 nobis
1069 2464 1221 2529 ventilata
1243 2471 1275 2527 61
1298 2466 1331 2527 16
1347 2466 1472 2547 scriptis
1495 2465 1631 2528 fideliter
1654 2465 1782 2529 redacta

379 2573 504 2632 vestrae
525 2569 709 2651 paternitati
730 2568 987 2632 transscribimus
1002 2568 1178 2651 sigillorum
1195 2574 1378 2631 nostrorum
1395 2570 1571 2632 munimine
1586 2569 1780 2651 consignata,

379 2671 552 2735 terminum
574 2677 682 2735 autem
705 2672 893 2735 vicesimum
915 2672 999 2735 diem
1022 2693 1041 2735 a
1063 2674 1137 2737 data
1158 2673 1375 2757 praesentium
1385 2672 1405 2750 ¹)
1428 2673 1571 2756 partibus
1598 2672 1779 2736 memoratis

381 2774 534 2838 duximus
568 2773 794 2856 assignandum
828 2795 933 2838 coram
967 2778 1157 2859 patemitate
1190 2783 1298 2840 vestra
1334 2777 1544 2861 peremptorie
1577 2775 1781 2860 comparendi
1839 2795 1846 2834 r

380 2878 415 2942 in
437 2898 535 2942 causa
555 2884 738 2942 memorata
761 2878 879 2943 Datum
895 2881 929 2943 in
945 2880 1028 2943 Vina
1050 2880 1202 2954 inferiori,
1225 2880 1340 2945 Sabate
1357 2881 1389 2942 in
1406 2880 1494 2960 albis,
1517 2881 1619 2945 Nonis
1635 2879 1782 2943 videlicet

379 2982 535 3066 sparse)
558 3002 642 3046 anno
665 2983 785 3047 comni
807 2961 849 3047 ui.
881 2962 965 3048 616.
988 2962 1117 3061 virne

208 3093 348 3148 Producm
536 3085 596 3150 Ilia
626 3087 737 3163 ultimo
771 3089 889 3151 mensis
910 3088 1031 3172 Aprilis
1060 3088 1317 3172 comparentibus
1347 3089 1380 3151 iu
1411 3089 1526 3151 iudicio
1556 3108 1662 3152 coram
1697 3088 1781 3152 dicto

204 3174 354 3284 muts·
382 3191 510 3256 domiuo
541 3190 686 3257 auditore
708 3190 806 3255 Santo
834 3192 1054 3256 archidiacono
1088 3193 1127 3256 do
1149 3192 1296 3256 Karazna
1317 3194 1470 3256 canonico
1493 3193 1645 3257 ecclesiae
1666 3192 1780 3256 Trans·

208 3251 346 3397 ffissuz
382 3295 524 3360 61166666
536 3315 578 3360 ex
591 3301 681 3380 parte
696 3302 809 3360 66661
824 3296 952 3359 domino
969 3295 1119 3359 Bertoldo
1137 3297 1256 3360 decano
1273 3296 1312 3359 de
1328 3295 1470 3360 Kolnelre
1486 3297 1621 3379 plebano
1637 3296 1779 3361 eiusdem
1816 3307 1849 3362 25

234 3407 323 3475 parba.
381 3399 443 3464 loci
472 3401 732 3483 procuratoribus
761 3401 845 3464 inira
874 3400 1000 3483 scriptis
1033 3420 1075 3463 ex
1109 3406 1198 3484 parte
1231 3400 1338 3481 altera
1374 3400 1508 3481 quilibet
1536 3402 1678 3485 ipsorum
1708 3419 1781 3483 pro·

382 3504 549 3568 duxerunt
569 3505 787 3588 procuratoris
808 3504 892 3567 inira
913 3506 1030 3587 scripta
1052 3504 1163 3586 sigillis
1186 3504 1401 3588 pendentibus
1423 3505 1565 3587 sigillata
1591 3504 1695 3568 Tenor
1708 3523 1781 3588 pro·

381 3608 532 3671 curatorii
554 3608 684 3692 capituli
705 3607 921 3671 Transsiluani
944 3607 1015 3670 talis
1038 3612 1095 3671 661

199 3719 355 3773 Procurato-
538 3711 605 3776 Nos
633 3712 808 3795 capitulum
839 3713 989 3776 ecclesiae
1022 3712 1106 3776 beati
1136 3712 1298 3775 Michaelis
1330 3712 1510 3795 archangeli
1539 3711 1782 3775 lbanssiluanae

211 3797 355 3930 qums&
380 3817 597 3900 praesentium
626 3835 683 3900 per
713 3822 856 3880 tenorem
879 3815 1094 3899 significamus
1118 3816 1235 3898 quibus
1258 3817 1388 3899 expedit
1412 3817 1579 3894 universis,
1614 3816 1701 3897 quod
1721 3834 1782 3879 nos
1816 3825 1852 3880 30

199 3892 346 4023 ffloepi,
382 3920 547 3984 dominum
578 3919 729 3983 Sanctum
760 3921 1017 3984 archidiaconum
1048 3921 1087 3984 16
1117 3920 1263 3984 Karazua
1292 3921 1544 3984 concanonicum
1572 3926 1718 3983 nostrum
1748 3919 1781 3981 in

200 4031 355 4086 tulohmm·
382 4025 472 4088 curia
494 4024 684 4088 venerabilis
706 4026 805 4107 patris
827 4024 933 4087 fratris
946 4024 1081 4088 Gentilis
1097 4025 1299 4088 miseratione
1315 4025 1423 4087 divina
1438 4024 1523 4087 tituli
1537 4025 1638 4088 sancti
1654 4022 1782 4087 Martini

224 4109 333 4243 ΒῙῙΡἚΟ·
381 4129 416 4191 16
438 4128 603 4191 Montibus
625 4128 805 4211 presbyteri
827 4128 1004 4205 cardinalia,
1028 4128 1318 4211 apostolicaesedis
1340 4128 1433 4210 legati
1457 4128 1491 4190 in
1515 4127 1663 4191 omnibus
1678 4126 1782 4191 causis

216 4265 337 4335 capitulo.
383 4251 440 4297 seu
462 4232 608 4316 negotiis,
639 4250 722 4314 quae
744 4252 848 4296 coram
879 4234 948 4316 ipso
979 4233 1107 4295 domino
1139 4232 1240 4314 legato
1272 4230 1324 4294 vel
1353 4250 1458 4295 coram
1494 4250 1698 4312 quocumque
1720 4230 1782 4293 alio

381 4335 486 4400 iudice
519 4336 663 4419 delegato
693 4337 745 4400 vel
776 4336 936 4400 ordinario
969 4337 1054 4399 inira
1083 4336 1235 4399 terminos
1268 4353 1345 4398 suae
1378 4334 1546 4417 legationis
1579 4342 1691 4399 contra
1722 4353 1782 4398 nos
1817 4345 1852 4400 35

382 4445 590 4504 morerentur
600 4440 652 4504 vel
665 4460 724 4504 nos
739 4459 868 4504 movere
880 4459 1010 4505 necesse
1027 4440 1224 4517 haberemus,
1240 4446 1385 4502 nostrum
1401 4440 1634 4521 constituimus,
1650 4440 1783 4502 fecimus

382 4550 415 4608 et
437 4544 657 4607 ordinavimus
677 4564 789 4608 rerum
805 4544 981 4627 legitimum
1004 4548 1036 4608 et
1058 4542 1269 4607 sufficientem
1285 4543 1530 4624 generalemque
1545 4547 1782 4627 procuratorem

382 4654 415 4713 61
437 4649 606 4730 syndicum
629 4649 848 4730 nunciumque
879 4648 1046 4732 specialem
1069 4648 1110 4711 ad
1133 4648 1300 4731 agendum,
1331 4647 1575 4727 defendendum,
1600 4645 1783 4729 petendum,

382 4751 657 4835 interrogandum,
692 4753 965 4837 respondendum,
999 4750 1296 4831 contradicendum,
1329 4749 1556 4832 replicandum,
1588 4749 1783 4833 ponendum,

382 4856 606 4940 excipiendum
633 4856 881 4938 dilationemque
909 4858 1100 4942 petendum,
1130 4855 1335 4919 subeundum
1362 4854 1575 4918 iuramentum
1606 4853 1783 4917 calumniae
1816 4863 1853 4917 40

382 4966 415 5024 et
430 4960 470 5025 de
484 4959 617 5024 veritate
632 4959 775 5040 dicenda,
797 4959 969 5023 iurandum
984 4960 1018 5022 in
1040 4960 1162 5022 animas
1184 4965 1310 5022 nostras
1325 4964 1357 5021 at
1378 4958 1419 5021 ad
1434 4957 1661 5041 praestandum
1675 4958 1783 5021 cuius·

381 5062 460 5127 libet
481 5065 607 5148 genens
629 5066 863 5127 sacramentum
886 5068 918 5126 et
939 5063 1156 5125 iuramentum
1171 5062 1394 5143 recusandum,
1417 5060 1644 5144 confitendum,
1667 5061 1783 5125 166661-
