4048 6284
974 588 1129 683 „L

353 793 428 858 ergo
452 774 581 837 omnino
604 774 769 838 hominum
784 775 879 840 liceat
900 777 981 840 hanc
996 778 1144 861 paginam
1159 785 1286 845 nostrae
1309 779 1559 845 confirmationis
1579 781 1753 866 infringere

353 878 405 942 rel
427 878 457 942 ei
479 898 561 943 ausu
584 877 751 942 temerario
766 879 932 943 contraire.
956 879 988 943 Si
1012 882 1084 962 quis
1107 889 1215 947 autem
1237 884 1298 947 hoc
1320 888 1475 948 attentare
1497 886 1752 971 praesumpserit,

353 980 602 1065 indignationem
625 982 852 1066 omnipotentis
874 983 925 1048 dei
948 990 981 1049 et
1001 984 1170 1051 beatorum
1185 988 1272 1052 Petri
1295 993 1328 1052 et
1342 989 1434 1052 Pauli
1450 990 1666 1073 apostolorum
1682 991 1752 1054 eius

351 1089 479 1153 noverit
493 1108 528 1153 se
543 1089 758 1153 incursurum.
781 1086 899 1152 Datum
915 1085 1072 1173 Laterani,
1089 1084 1185 1156 ¹lilii
1201 1092 1362 1157 Kalendas
1377 1093 1399 1157 J
1399 1094 1532 1178 anuarii‚
1548 1093 1753 1178 pontificatus

350 1194 452 1257 nostri
474 1213 559 1258 6666
580 1194 692 1281 primo.
950 1196 954 1203 “
974 1195 978 1209 “
1037 1194 1044 1217 ²
1133 1188 1136 1199 '

1027 1423 1067 1506 2.

426 1586 685 1656 1192-1196.
709 1583 981 1675 Kardiaalleqat
1002 1583 1138 1677 (116666
1155 1586 1360 1659 6616666661
1376 1587 1443 1659 dea
1461 1586 1750 1663 8661666616

348 1704 425 1774 dara
459 1704 774 1795 mebeabmpiscbca
801 1704 953 1795 Bisaltas
979 1706 1054 1777 aad
1083 1707 1160 1777 dem
1191 1706 1509 1781 Hermonastddter
1535 1709 1662 1802 Propat
1695 1710 1749 1784 be

349 1827 495 1915 treffead
519 1827 586 1898 dea
621 1825 774 1917 Umfaay
800 1827 860 1898 des
886 1827 1229 1919 Propstca'spraayels.

502 1988 706 2060 Wayescbaltct
717 2007 771 2045 666
782 1992 871 2059 Ρ6661
883 1991 1022 2046 Innocens
1034 1992 1097 2046 111.
1112 1997 1189 2059 1198,
1202 1992 1327 2062 11661661
1342 1993 1551 2050 Vatitam'acbes
1560 1995 1671 2051 Arate.
1690 1996 1746 2052 Die
1783 1994 1817 2049 10

450 2076 627 2147 Ε161611666
645 2078 694 2131 der
710 2078 841 2133 Urtaade
858 2078 889 2131 16
907 2079 951 2133 die
963 2078 1051 2132 Jabre
1070 2084 1243 2134 1192-1196
1259 2080 1377 2149 61616661
1395 2080 1452 2134 siole
1470 2081 1585 2149 darauf,
1603 2082 1670 2136 dass
1688 2082 1744 2136 die·

448 2164 518 2217 66116
535 2164 585 2231 sar
593 2164 679 2230 jadon
691 2164 759 2217 rau
777 2166 847 2219 6661
859 2165 909 2219 cler
922 2165 1052 2221 Urlcuade
1063 2166 1111 2220 666
1124 2167 1241 2234 Ρ666166
1255 2165 1388 2221 0661661166
1400 2165 1463 2220 ΙΙΙ.
1475 2171 1587 2221 666186.
1599 2166 1747 2222 Dolenter

450 2255 519 2306 1191
537 2251 591 2304 Nr.
610 2257 635 2317 1,
653 2251 719 2305 aber
736 2252 824 2306 sicher
842 2253 910 2306 noch
927 2270 963 2306 au
975 2252 1120 2306 Laureion
1137 2252 1184 2307 des
1201 2252 1233 2305 16
1250 2251 1299 2306 der
1321 2252 1451 2308 Urlaade
1467 2259 1624 2323 6666611166
1636 2254 1746 2324 1166166

450 2337 520 2391 Belo
538 2337 601 2392 ΠΙ.
620 2339 775 2408 adspectent
792 2339 903 2394 worden
920 2338 965 2393 iat.
996 2338 1135 2393 Letaterer
1150 2338 1188 2393 ist
1205 2338 1276 2392 6661
1301 2341 1361 2395 dem
1379 2341 1531 2395 Admoatcr
1548 2340 1743 2412 Necroloqium

452 2441 497 2477 am
514 2427 557 2478 21.
576 2424 660 2493 April
678 2429 747 2480 1196
763 2426 913 2495 6661611166.
1782 2430 1815 2483 15

501 2546 613 2600 Druck:
630 2546 769 2601 Balaaa'ua
781 2547 874 2615 Epist.
893 2547 1051 2602 innocentii
1068 2548 1132 2603 ΙΙΙ.
1150 2548 1176 2615 Ι,
1196 2552 1256 2603 141.
1274 2550 1355 2618 Ρ166
1368 2547 1666 2604 1116661161111616661.
1686 2553 1745 2605 165.
1866 2608 1868 2611 .

453 2632 575 2703 Wagner
593 2633 677 2686 11661.
697 2633 772 2702 Scep.
791 2634 855 2701 ΙΙΙ,
877 2638 903 2711 3.
922 2635 1002 2704 Proy
1020 2634 1161 2703 Spectmen
1179 2635 1224 2702 ΙΙ,
1248 2639 1309 2690 207.
1345 2635 1440 2689 Bankd
1458 2634 1596 2689 Milkooio
1614 2636 1659 2704 ΙΙ,
1684 2640 1744 2703 181,

447 2720 563 2773 Kotcaa
581 2720 736 2774 1116661.
755 2721 778 2781 I
778 2720 810 2788 V,
828 2724 888 2776 533.
907 2721 985 2775 Eder
1004 2721 1047 2776 De
1064 2720 1157 2775 initiis
1176 2726 1235 2777 169.
1254 2720 1380 2775 Setiam
1392 2720 1467 2774 Krit.
1487 2719 1683 2792 Smrrmluapaa
1699 2727 1744 2784 26.

448 2807 535 2874 rtje'r
556 2807 645 2862 061166
663 2807 707 2875 ΙΙ,
731 2811 791 2861 250.
811 2806 907 2876 1111666
924 2806 1082 2862 innocentii
1100 2808 1163 2863 111.
1188 2808 1316 2877 666661,
1338 2811 1398 2862 228.
1429 2797 1610 2863 Erukaaddta
1628 2825 1647 2863 a
1665 2809 1744 2864 66666

446 2892 704 2949 6666611166616161
716 2896 758 2947 16.
779 2893 1183 2949 16666661166616861.
1198 2895 1280 2951 Uret.
1291 2895 1317 2960 I,
1330 2898 1355 2949 4.
1376 2894 1490 2949 11161661
1503 2894 1580 2949 Mon.
1591 2894 1666 2950 Sica.
1678 2896 1705 2964 I,
1716 2900 1742 2951 3.
1778 2896 1814 2952 20

499 3070 672 3154 Gregorius
695 3070 734 3134 de
757 3077 866 3134 sancto
886 3071 1041 3155 Apostolo
1064 3071 1116 3135 dei
1138 3073 1240 3155 gratia
1262 3077 1391 3135 sanctae
1413 3070 1532 3136 Mariae
1554 3072 1590 3135 in
1611 3072 1743 3138 Portica

342 3174 496 3239 diaconus
518 3174 695 3257 cardinalis,
725 3174 916 3260 apostolicae
945 3174 1030 3239 sedis
1052 3173 1176 3259 legatus
1209 3175 1357 3239 omnibns
1380 3176 1413 3238 in
1438 3174 1562 3239 Christo
1584 3174 1742 3260 fidelibus,

341 3279 381 3342 ad
405 3298 487 3361 quos
510 3278 620 3343 literae
642 3284 826 3362 praesentes
849 3279 1045 3359 devenerint,
1068 3279 1252 3344 salutemet
1275 3280 1450 3344 6161166616
1474 3279 1507 3342 16
1531 3279 1669 3344 dominc.
1692 3280 1741 3345 Ne

342 3383 558 3465 quorumlibet
580 3383 700 3466 sopitae
724 3383 926 3465 quaestiones
958 3383 1121 3446 materiam
1144 3383 1302 3447 recidivae
1330 3383 1544 3447 contentionis
1566 3382 1740 3467 inveniant,

343 3487 428 3570 quod
453 3486 623 3551 salubriter
637 3494 669 3550 et
684 3487 765 3550 bene
780 3487 969 3570 dispositum
985 3492 1042 3570 661,
1065 3493 1250 3571 perpetuam
1266 3486 1360 3551 debet
1375 3485 1577 3550 stabilitatem
1594 3486 1738 3551 obtinere
1773 3492 1808 3547 26

341 3598 373 3655 61
403 3593 495 3655 iuxta
524 3591 679 3654 maiorum
710 3591 830 3655 monita
860 3591 1024 3656 literarum
1048 3591 1217 3655 memoriae
1251 3590 1480 3671 commendari,
1513 3609 1554 3654 66
1589 3609 1740 3674 processu

342 3696 492 3780 temporis
508 3696 540 3758 in
560 3694 689 3758 dubiam
710 3696 929 3777 quaestionem
945 3695 1102 3775 deveniat,
1126 3694 1212 3777 quod
1235 3693 1416 3760 definitivae
1436 3693 1595 3758 calculum
1615 3700 1740 3759 constat

341 3800 516 3864 sententiae
531 3799 717 3882 suscepisse.
740 3798 872 3863 Cunctis
894 3800 992 3883 igitur
1005 3797 1153 3863 fidelibus
1170 3798 1320 3862 volumus
1335 3805 1445 3861 notum
1461 3796 1539 3881 fieri,
1563 3798 1649 3880 quod
1665 3814 1738 3862 cum

341 3905 506 3968 occasione
528 3904 625 3968 buius
648 3903 737 3967 verbi
765 3904 934 3986 desertum,
965 3903 1052 3985 quod
1075 3902 1208 3967 verbum
1240 3908 1289 3967 est
1311 3903 1344 3965 in
1367 3900 1532 3985 privilegio
1555 3901 1685 3985 gloriosi
1707 3908 1740 3967 et

340 4008 473 4073 illustris
503 4008 623 4071 domini
652 4007 737 4090 regis
758 4006 855 4071 Belae
885 4015 917 4071 61
944 4013 1052 4071 nostro
1085 4007 1125 4071 ad
1147 4027 1257 4091 proces
1285 4005 1426 4071 eiusdem
1457 4006 1541 4089 regis
1570 4006 1737 4089 impetrato
1773 4012 1808 4067 30

341 4113 474 4177 anobis
503 4118 536 4176 et
565 4111 694 4175 obtento
726 4130 822 4196 super
853 4111 1080 4175 constitutione
1106 4111 1343 4196 praepositurae
1365 4108 1609 4190 11111661166666,
1642 4130 1738 4192 quam

340 4218 483 4299 fecimus,
512 4236 585 4280 oum
608 4216 698 4300 prius
720 4214 860 4278 officium
883 4215 1050 4298 legationis
1071 4215 1227 4298 gessimus
1247 4215 1282 4277 in
1305 4213 1454 4297 Ungan'a,
1486 4214 1628 4295 quaestio
1651 4221 1736 4279 esset

340 4328 410 4385 orta
432 4322 515 4386 16161
536 4318 750 4384 venerabilem
773 4318 902 4383 11611616
925 4326 1069 4383 nostrum
1086 4318 1265 4383 Adrianum
1280 4317 1533 4383 Ultrasilvanum
1553 4318 1736 4402 episcopum

340 4434 372 4491 et
401 4426 550 4491 dilectum
581 4424 719 4487 amicum
748 4428 893 4487 nostrum
923 4422 958 4487 P.
989 4423 1203 4507 praepositum
1234 4421 1449 4507 Cipiniensem
1478 4441 1536 4505 pro
1567 4440 1614 4505 66,
1649 4422 1735 4504 quod

341 4531 506 4594 occasione
535 4529 667 4612 praefati
698 4527 787 4591 verbi
809 4528 1010 4611 praepositus
1032 4528 1152 4592 diceret
1179 4526 1369 4610 generaliter
1392 4545 1502 4590 omnes
1523 4524 1735 4590 llandrenses
1770 4531 1805 4585 31

341 4634 491 4699 ecclesiae
521 4652 598 4698 suae
620 4632 718 4695 fuisse
741 4632 931 4715 suppositos
961 4651 979 4696 6
1001 4637 1113 4696 666116
1134 4631 1302 4714 episcopus
1324 4629 1539 4713 responderet,
1570 4629 1735 4693 dominum

340 4758 447 4822 regem
470 4745 502 4803 et
523 4757 582 4801 nos
604 4736 801 4800 intellexisse
824 4736 863 4799 de
886 4734 949 4799 illis
972 4735 1146 4817 dumtaxat,
1170 4735 1226 4817 qui
1242 4742 1320 4798 tunc
1342 4739 1434 4798 erant
1455 4734 1489 4795 in
1511 4732 1565 4796 illo
1589 4732 1656 4797 solo
1680 4733 1734 4798 de·

340 4850 435 4927 66116,
465 4842 552 4925 quod
573 4841 729 4925 gloriosae
759 4841 930 4904 memoriae
953 4840 1059 4920 Geysa
1088 4858 1145 4902 rex
1168 4837 1416 4902 Flandrensibus
1445 4837 1610 4919 concessit,
1640 4844 1673 4901 et
1695 4836 1734 4901 de

340 4947 411 5029 illis,
441 4948 551 5030 quiin
574 4946 685 5011 eodem
709 4945 929 5008 tantummodo
960 4944 1085 5007 deserto
1109 4949 1200 5008 erant
1225 4942 1404 5023 habitaturi,
1435 4949 1467 5006 et
1489 4961 1527 5005 eo
1549 4960 1733 5025 processum

339 5060 432 5133 esset,
462 5051 548 5133 quod
580 5050 723 5133 quaestio
746 5049 856 5113 eadem
879 5046 1511 5131 6666661666]6666611616661161616,
1542 5052 1574 5109 et
1596 5045 1670 5110 inde
1692 5045 1733 5108 ad
1768 5051 1804 5105 40

339 5156 560 5237 6661661666,
588 5160 698 5239 utpote
721 5154 760 5216 ad
783 5173 866 5236 6616,
896 5153 948 5217 cui
978 5153 1195 5237 interpretatio
1222 5152 1355 5235 praelati
1386 5149 1474 5215 verbi
1507 5149 1626 5212 domini
1649 5149 1733 5233 regis

339 5264 446 5324 mente
468 5264 500 5324 et
522 5259 687 5323 voluntate
710 5255 875 5342 explorata
897 5256 1026 5321 deberet
1048 5276 1117 5321 esse
1140 5256 1323 5320 certissima.
1357 5255 1525 5320 Praefatus
1546 5252 1679 5316 illustris
1701 5257 1734 5316 et

338 5363 496 5447 gloriosus
517 5383 575 5427 rex
604 5362 644 5426 ad
673 5362 954 5445 interrogationem
977 5366 1117 5425 nostram
1140 5360 1222 5424 hanc
1243 5358 1537 5443 interpretationem
1561 5357 1733 5442 Vesprimii

338 5469 372 5531 in
394 5468 573 5554 praesentia
594 5473 779 5552 magnatum
794 5486 925 5530 suorum
941 5465 1164 5550 promulgavit
1187 5463 1273 5546 quod
1289 5483 1355 5527 non
1370 5463 1432 5527 tuit
1454 5463 1524 5527 eius
1546 5460 1732 5525 intentionis
