4106 6294
1027 593 1091 657 266

511 780 677 845 Praedicta
706 781 844 845 intendit
872 782 1006 865 probare
1029 783 1133 847 dictus
1156 783 1321 866 Vagnolus
1343 790 1530 866 procurator
1553 803 1617 846 non
1639 784 1753 847 astun-

356 901 435 966 gens
457 904 491 946 ee
514 883 554 946 ad
575 883 785 967 probandum,
808 885 869 948 nisi
892 904 930 949 ea
952 904 1090 967 quorum
1105 887 1249 970 probatio
1272 886 1331 949 sibi
1354 888 1533 950 necessaria
1554 892 1602 951 est
1624 893 1755 969 atquae

357 985 517 1050 sufficiant
538 987 578 1050 ad
601 989 765 1051 victoriam
788 1008 864 1053 suae
887 990 1035 1065 causae.¹)

513 1090 545 1154 Si
569 1097 666 1155 testes
680 1092 827 1175 producti
842 1112 900 1176 per
912 1093 1091 1176 Vagnolum
1108 1102 1345 1178 procuratorem
1368 1096 1577 1159 substitutum
1593 1114 1612 1157 a
1627 1094 1754 1157 domino

356 1194 509 1258 Bertuldo
525 1204 558 1258 et
571 1202 677 1258 cetera
691 1216 788 1279 super
801 1198 903 1279 primo
920 1196 1054 1259 articulo
1071 1197 1211 1261 dixerint
1226 1197 1356 1280 aliquid,
1372 1199 1424 1262 vel
1441 1217 1518 1261 vera
1533 1217 1611 1277 esee,
1634 1197 1754 1261 dictum
1790 1206 1806 1257 5

357 1298 457 1380 ipsius
480 1299 599 1373 testisll
623 1300 761 1362 seriatim
785 1301 941 1364 scribatur
964 1320 1060 1384 super
1081 1302 1223 1382 quolibet
1237 1310 1269 1365 et
1292 1309 1473 1384 quaeratur,
1497 1302 1573 1383 quid
1598 1307 1646 1365 est
1667 1300 1755 1383 idue,

359 1401 444 1482 qued
467 1420 579 1465 rerum
602 1409 652 1466 est
674 1403 707 1465 in
729 1423 776 1472 eo,
800 1402 885 1483 quod
919 1403 994 1467 dicit
1017 1411 1049 1467 θῖ
1071 1404 1266 1488 testificatur,
1298 1414 1330 1470 et
1351 1425 1408 1490 per
1431 1425 1513 1487 quos
1536 1405 1703 1469 obtentum
1725 1411 1757 1469 et

358 1512 518 1569 servatum
542 1512 599 1588 est,
627 1513 658 1570 et
682 1526 820 1588 quorum
843 1506 1006 1570 baronum.
1050 1508 1130 1572 Item
1155 1509 1209 1571 ubi
1232 1509 1316 1578 dicit.
1339 1512 1371 1572 in
1395 1509 1512 1573 iudicio
1535 1508 1756 1588 ecclesiastice,

360 1616 539 1690 quaeratur,
563 1611 595 1672 in
620 1629 758 1691 quorum
780 1611 898 1673 iudicio
921 1616 953 1674 et
975 1612 1059 1675 inter
1081 1632 1161 1694 quas
1183 1633 1344 1696 personas,
1367 1613 1595 1677 ecclesiasticas
1617 1612 1670 1675 vel
1689 1630 1757 1675 sae·

358 1713 491 1787 cubres,
514 1720 546 1776 et
568 1714 607 1777 de
632 1715 747 1795 quibus
764 1715 1013 1795 quaestionibus,
1036 1720 1068 1777 et
1083 1716 1110 1778 si
1133 1715 1251 1779 dixerit
1266 1717 1305 1780 de
1320 1718 1402 1795 vtae,
1426 1720 1599 1798 quaeratur
1621 1715 1757 1797 deloco,
1793 1723 1827 1775 10

359 1836 453 1897 anuo,
476 1836 595 1897 mense,
619 1818 669 1881 die
692 1824 724 1880 et
747 1818 865 1898 quibus
881 1819 1108 1901 praesentibus.
1131 1819 1213 1883 Item
1236 1826 1409 1900 quaeratur
1424 1819 1536 1883 ultimo
1558 1820 1643 1883 idem
1660 1819 1757 1899 testis,

361 1927 441 2002 quot
463 1940 619 1984 annorum
643 1929 700 2002 cst,
724 1931 755 1984 θῖ
778 1922 817 1983 de
841 1929 919 2002 quot
942 1923 1034 1985 annis
1057 1929 1162 2005 potest
1183 1922 1223 1985 ad
1245 1922 1318 2006 plus
1340 1924 1507 1987 recordari.

517 2024 620 2108 Super
635 2025 776 2088 secundo
792 2024 934 2091 articula.
959 2030 995 2089 ut
1010 2045 1115 2108 supra,
1138 2025 1315 2103 dsdnueq
1338 2028 1584 2110 interrogentur,
1608 2033 1640 2091 et
1660 2027 1758 2090 inter·

360 2133 521 2209 rogentur,
556 2128 595 2192 de
626 2129 744 2211 quibus
773 2128 934 2192 nobilibus
965 2128 1044 2191 vidit
1074 2128 1246 2211 observari,
1280 2137 1312 2194 et
1341 2131 1381 2194 de
1410 2137 1552 2214 tempore
1581 2137 1614 2194 θῖ
1642 2130 1696 2194 nbi
1726 2135 1759 2194 θῖ

359 2230 443 2293 inter
464 2251 553 2312 quos.
1795 2240 1828 2293 15

516 2336 620 2420 Super
651 2339 743 2401 tertio
772 2337 811 2399 de
841 2337 1019 2407 comitibus,
1050 2344 1087 2400 ut
1108 2336 1219 2420 prime,
1251 2337 1418 2419 diligenter
1448 2358 1484 2400 ac
1511 2336 1689 2414 distincte⁸l
1710 2339 1758 2401 in-

359 2445 570 2522 terrogentur,
600 2450 631 2504 et
662 2460 799 2522 quorum
831 2441 982 2504 comitum
1013 2449 1045 2503 et
1074 2440 1166 2503 cuius
1196 2442 1341 2521 civitatis,
1372 2449 1404 2504 θῖ
1434 2442 1517 2505 inter
1540 2461 1630 2523 quos,
1664 2450 1696 2506 et
1725 2442 1759 2504 in

360 2542 452 2605 cuius
481 2545 607 2627 iudicio,
642 2552 673 2608 et
703 2546 786 2608 inter
809 2564 889 2626 quas
919 2563 1080 2625 personas,
1113 2545 1340 2608 ecclesiasticas
1372 2546 1421 2609 vel
1446 2546 1632 2627 saeculares,
1666 2551 1698 2610 θῖ
1720 2546 1759 2609 de

361 2645 479 2726 quibus
501 2648 605 2712 rebus.
662 2712 687 2746 ω

516 2751 619 2835 Super
640 2752 712 2815 ΠΠ.
736 2753 878 2833 articulo,
902 2752 957 2833 qui
981 2753 1056 2815 dicit
1077 2753 1158 2816 Item
1182 2754 1268 2834 quod
1290 2753 1374 2816 idem
1397 2759 1430 2817 et
1451 2753 1563 2817 eodem
1584 2751 1679 2816 modo
1703 2752 1757 2816 ob·
1793 2756 1829 2811 20

361 2859 484 2917 tentum
500 2861 549 2918 est
565 2857 604 2919 de
618 2855 719 2919 literis
733 2856 976 2938 praedictorum,
999 2857 1152 2919 contectis
1167 2857 1199 2919 in
1220 2876 1257 2919 ea
1272 2857 1374 2919 torma
1388 2862 1420 2920 et
1435 2862 1540 2920 cetera
1555 2862 1759 2937 quaerantur,

362 2961 398 3018 ut
420 2977 524 3040 supra,
559 2966 696 3040 atquae
730 2964 779 3021 est
808 2966 840 3022 et
869 2959 930 3021 tuit
961 2960 1063 3021 torma
1085 2958 1208 3021 illarum
1238 2959 1410 3040 literarum,
1445 2965 1477 3023 et
1507 2961 1533 3023 si
1555 2959 1656 3023 credit
1675 2959 1759 3022 idem

362 3062 458 3141 testie,
483 3063 568 3143 quod
592 3061 693 3125 dictae
716 3061 825 3125 literae
847 3061 925 3125 fiant
947 3062 1117 3145 aliquando
1146 3083 1204 3147 per·
1226 3064 1351 3145 aliquos
1372 3065 1504 3127 comites
1530 3071 1562 3126 et
1584 3061 1761 3146 specialiter

362 3182 418 3245 per
440 3164 511 3227 illos
534 3164 573 3228 de
597 3165 719 3228 Cibioio
743 3174 853 3228 contra
876 3166 1049 3248 capitulum
1066 3165 1327 3230 Trarrssiluanum
1351 3167 1482 3249 occulte,
1506 3176 1538 3230 et
1561 3166 1646 3248 quod
1670 3164 1761 3228 aliter

362 3267 468 3330 dicant
489 3268 524 3329 in
546 3268 655 3345 literis,
687 3288 782 3349 quam
807 3290 918 3332 rerum
942 3289 999 3351 pro
1022 3270 1131 3332 amicis
1154 3271 1305 3352 ipsorum,
1337 3280 1368 3333 et
1391 3272 1418 3333 si
1439 3270 1541 3333 credit
1561 3269 1643 3345 vel⁴t
1666 3268 1760 3350 scit‘)
1795 3274 1829 3328 25

363 3371 450 3452 quod
482 3372 557 3435 dicti
580 3374 711 3435 comites
734 3381 766 3436 et
789 3374 979 3436 universitas
1003 3372 1042 3435 de
1065 3371 1187 3436 Cibinio
1211 3376 1341 3437 foveant
1369 3374 1505 3437 decanos
1530 3369 1586 3457 [et]
1610 3371 1761 3455 plebanos

362 3475 401 3538 de
424 3482 544 3558 septem
567 3475 781 3553 decanatibus,
812 3487 844 3542 et
866 3480 905 3541 de
927 3479 986 3541 hcc
1009 3477 1187 3560 specialiter
1208 3478 1242 3539 in
1267 3477 1410 3558 quolibet
1432 3476 1580 3559 capitulo,
1611 3480 1760 3557 tangente

362 3579 401 3642 de
432 3579 524 3642 dictis
551 3580 720 3643 comitibus
750 3588 782 3644 θῖ
805 3582 1020 3649 universitate.
1056 3582 1302 3663 interrogentur,
1336 3586 1368 3644 θῖ
1399 3581 1636 3662 interrogentur
1657 3579 1760 3658 etiam,

363 3682 435 3763 quis
464 3690 551 3746 tenet
580 3683 717 3766 sigillum
748 3686 849 3747 dictae
881 3685 1096 3748 universitatis
1119 3684 1317 3751 Oibiniensis.
1352 3692 1383 3747 et
1414 3686 1439 3747 si
1470 3683 1532 3759 ille,
1567 3683 1622 3764 qui
1656 3683 1759 3765 ipsum

362 3786 499 3869 sigillum
532 3794 627 3857 tenet.
660 3796 767 3871 posset
801 3794 833 3850 et
863 3790 1030 3851 consuevit
1063 3789 1187 3870 aliquas
1222 3789 1329 3852 literas
1359 3787 1497 3871 sigillare
1530 3788 1599 3850 siue
1630 3785 1762 3849 scientia
1796 3791 1831 3845 30

362 3893 598 3955 communitatis
621 3900 652 3955 et
675 3892 899 3955 universitatis.
928 3892 1008 3955 Item
1032 3894 1057 3955 si
1081 3893 1167 3975 ipsae
1189 3892 1298 3954 literae
1322 3892 1398 3972 quia
1420 3892 1551 3954 comites
1573 3890 1685 3953 dicunt
1707 3888 1762 3951 dc·

362 3994 484 4057 minum
501 3996 668 4058 vaivodam
684 3996 857 4077 denegasse
872 3995 1040 4077 licentiam,
1056 4001 1087 4059 et
1101 4001 1284 4078 praesentes
1300 4014 1364 4057 non
1381 4000 1480 4077 erant,
1496 3995 1619 4057 faciunt
1631 3992 1761 4064 fidem.⁸l

518 4098 620 4181 Super
642 4098 680 4161 V.
704 4097 847 4173 articulo,
877 4098 932 4162 ubi
955 4099 1038 4169 dicit,
1075 4099 1160 4180 quod
1190 4118 1247 4183 per·
1269 4098 1390 4161 iudices
1412 4096 1641 4160 ecclesiastices
1663 4096 1761 4159 iuter·

363 4212 515 4284 rogentur
544 4203 701 4279 distincte,
735 4210 772 4265 ut
801 4221 905 4285 supra,
938 4208 970 4266 θῖ
998 4204 1236 4286 interrogentur
1265 4222 1322 4285 per
1353 4222 1434 4284 quoe
1460 4202 1581 4264 iudices
1612 4204 1644 4263 θῖ
1666 4217 1762 4282 super

364 4322 499 4386 quorum
517 4306 671 4368 baronum
688 4306 738 4369 vel
755 4305 918 4373 nobilium.
941 4308 1093 4370 comitum
1109 4313 1165 4370 aut
1179 4307 1397 4370 universitatis
1411 4304 1512 4368 literis
1525 4303 1759 4387 iudicaverunt,
1795 4309 1829 4361 35

363 4409 456 4473 etde
480 4410 597 4491 quibus
620 4411 715 4474 rebus
737 4416 770 4473 et
791 4411 875 4474 inter
898 4430 978 4491 quas
1000 4429 1161 4495 personas,
1177 4410 1415 4488 ,ecclesiasticas
1437 4407 1488 4471 vet
1511 4406 1698 4487 saeculares,
1722 4405 1761 4468 de

363 4532 457 4589 anne,
480 4512 530 4576 die
554 4520 585 4577 θῖ
607 4533 715 4578 mense
738 4534 774 4577 ac
801 4513 1030 4597 praesentibus.

519 4608 863 4701 Supervacuum,
895 4618 971 4699 quia
1000 4618 1042 4680 ibi
1075 4617 1152 4680 dicit
1180 4617 1220 4681 de
1251 4617 1350 4680 literis
1377 4614 1597 4700 praelatorum,
1627 4615 1762 4678 interro-

363 4728 479 4802 gentur
501 4726 538 4783 ut
560 4741 657 4804 supra
679 4721 835 4801 distincte,
858 4741 894 4784 ac
917 4721 1162 4803 interrogentur,
1185 4718 1240 4781 ubi
1263 4725 1294 4782 et
1316 4720 1400 4782 inter
1423 4738 1513 4799 ques,
1536 4719 1623 4782 etin
1646 4716 1763 4799 quibus

364 4824 489 4887 iudiciis
512 4824 715 4888 observatum
739 4830 796 4907 est,
819 4828 851 4887 θῖ
875 4842 1012 4905 quorum
1028 4823 1251 4906 praelatorum,
1274 4830 1306 4886 et
1328 4822 1505 4885 cuiusmodi
1534 4821 1762 4904 praelationem
1797 4825 1832 4879 40

364 4926 529 5009 habebant,
552 4929 579 4992 si
602 4934 693 4991 erant
707 4929 855 5012 episcopi,
879 4926 1009 4990 abbates
1031 4934 1063 4991 et
1078 4933 1183 4992 cetera
1205 4932 1237 4990 θῖ
1260 4927 1286 4989 si
1302 4927 1335 4989 in
1351 4926 1469 4989 eisdem
1492 4925 1602 5008 literis,
1625 4943 1763 5005 quorum

520 5072 541 5127 ¹}
560 5066 658 5119 Damit
676 5063 797 5118 scldieast
814 5063 893 5117 Blatt
911 5066 946 5117 31
970 5063 1019 5117 dar
1037 5062 1233 5129 Haracetum,
1257 5062 1317 5115 aad
1334 5077 1394 5114 aaa
1411 5061 1480 5131 Ῑοῖφῖ
1502 5062 1558 5129 auf
1571 5060 1657 5114 cinea
1675 5059 1762 5129 dape·

363 5151 468 5205 blattea
485 5152 579 5205 Blatt:
597 5151 625 5206 Si
642 5155 724 5205 testes
742 5152 861 5220 producti
879 5168 927 5220 par
943 5150 1101 5219 Vagnolum.

518 5242 540 5303 ¹)
564 5239 695 5309 Vorlape:
712 5243 802 5293 testes.

518 5330 540 5393 ⁸)
563 5326 696 5396 Vcrlapa:
714 5315 843 5380 deducte.

519 5415 541 5481 ⁴)
564 5413 649 5468 θεῖον
667 5414 716 5468 dar
734 5414 809 5468 Zeila
827 5413 1034 5483 macarem.

521 5505 541 5567 ⁵)
565 5500 626 5556 Van
643 5501 711 5555 Item
729 5501 752 5554 si
771 5500 813 5554 bia
830 5499 910 5555 tidem
926 5499 995 5553 aber
1012 5499 1061 5553 der
1079 5498 1154 5553 Zeitc
1172 5497 1378 5567 meyerum.
