4084 6302
952 608 1016 669 459

281 795 365 877 quod
390 795 467 859 dum
490 794 582 857 nobis
605 801 788 877 praesentes
818 796 951 859 fuerunt
980 799 1158 880 reportatae
1189 794 1220 856 in
1245 795 1378 857 formam
1402 795 1502 858 nostri
1525 794 1683 878 privilegii
1751 842 1755 849 .

280 899 380 980 redigi
403 899 563 962 iaciemus.
597 897 714 961 Datum
738 899 771 961 in
785 898 989 982 Wyssegrad
1011 899 1045 962 iu
1065 899 1202 962 crastino
1222 904 1434 980 strenuorum,
1457 918 1541 960 anuo
1561 898 1680 961 domini

280 1002 327 1065 M⁰
343 979 428 1066 cod.
452 1001 561 1065 xxx.
585 1003 687 1067 aruo.

440 1137 535 1203 Uater
557 1140 624 1203 dam
648 1136 763 1224 Sicpel:
786 1141 908 1205 Relatio
932 1142 1057 1205 comitis
1080 1142 1171 1205 Pauli
1195 1161 1269 1204 cum
1294 1140 1437 1204 vaivoda.

934 1432 1030 1516 504.

365 1594 605 1686 Weissenbcrp
631 1599 738 1668 1333
762 1597 842 1667 Jali
868 1601 933 1668 26.
974 1598 1126 1685 Joaaaa,
1155 1596 1392 1669 Archidiakoa
1418 1620 1482 1669 ooo
1514 1596 1597 1683 Oro,
1625 1596 1678 1666 bc-

277 1717 407 1788 stimmt
424 1717 522 1788 cinea
544 1717 684 1788 Tarmia
700 1741 765 1787 aar
791 1717 1036 1809 Verhoadluaq
1054 1719 1117 1790 der
1135 1717 1342 1791 Strcitsoolae
1359 1717 1524 1789 ammaim
1536 1716 1678 1789 Jolaaa

277 1837 352 1908 aad
376 1837 490 1909 Heacl
513 1838 588 1908 aad
613 1838 679 1908 deo
706 1837 842 1911 Sdlaaen
869 1840 927 1910 das
954 1839 1125 1913 Nikoloas
1151 1863 1215 1912 oon
1243 1839 1393 1911 Sombor.

435 2001 579 2068 Abaclara'ft
590 2018 644 2056 ooo
653 2001 772 2072 Ladwip
782 2001 916 2072 80me
928 2003 999 2057 nach
1011 2004 1070 2058 dem
1082 2003 1212 2074 Oripinal
1230 2004 1262 2056 ia
1273 2003 1369 2056 danaen
1379 2002 1481 2056 Archiv
1498 2018 1535 2055 au
1544 2001 1679 2070 Μαργαν-

213 2087 246 2143 10
386 2088 604 2158 Nopyaaombor.

435 2263 502 2327 Nos
517 2262 538 2327 J
540 2264 681 2326 ohannes
700 2264 942 2328 archidiaconus
957 2265 997 2328 de
1013 2263 1088 2345 oze,
1110 2284 1168 2347 per
1184 2264 1357 2328 discretum
1373 2247 1679 2345 virum'magistrum

279 2365 438 2429 Joannem
461 2365 717 2430 archidiaconum
738 2368 912 2431 Albensem
935 2368 1126 2432 venerabilis
1149 2369 1248 2451 patris
1271 2374 1302 2431 et
1325 2367 1444 2430 domini
1460 2366 1608 2429 Andreae
1631 2366 1681 2429 dei

279 2475 312 2532 et
342 2470 532 2553 apostolicae
562 2471 645 2534 sedis
674 2472 775 2554 gratia
806 2472 944 2556 episcopi
967 2472 1177 2554 Transylvani
1203 2472 1355 2535 vicarium
1379 2470 1560 2554 generalem
1582 2470 1679 2533 iudex

279 2574 481 2655 constitutus,
505 2573 618 2638 damus
640 2594 697 2658 pro
718 2576 877 2655 memoria,
901 2576 988 2658 quod
1003 2596 1131 2640 oausam
1148 2595 1244 2657 quam
1261 2574 1438 2639 secundum
1453 2574 1680 2637 continentiam

211 2684 244 2735 15
279 2678 422 2760 priorum
454 2677 617 2740 literarum
641 2684 821 2741 nostrarum
843 2680 1008 2743 Johannes
1030 2678 1116 2742 lilius
1137 2678 1278 2743 Demetri
1302 2685 1335 2742 et
1355 2678 1460 2742 Henel
1483 2697 1540 2761 pro
1565 2678 1682 2759 quibus

279 2786 312 2844 et
341 2800 383 2845 ex
413 2781 531 2862 quibus
552 2782 716 2847 Johannes
742 2783 827 2847 lilius
849 2783 990 2847 Demetri
1013 2784 1135 2849 obstitit
1157 2790 1269 2847 contra
1289 2781 1448 2847 ioannem
1471 2788 1504 2847 et
1524 2781 1680 2845 Jacobum

279 2883 362 2947 filios
384 2883 508 2947 Nicolai
535 2884 574 2948 de
597 2886 736 2950 Brassov
759 2886 837 2951 alias
860 2887 899 2950 dc
922 2885 1064 2969 Sombor‚
1094 2908 1152 2972 pro
1177 2887 1294 2971 quibus
1316 2887 1445 2950 Marcus
1468 2887 1611 2950 literatus
1634 2885 1682 2947 of-

279 2987 390 3052 ficialis
412 2989 553 3072 ipsorum
577 2990 616 3052 de
632 2988 773 3054 Sumbur
795 3010 869 3054 oum
892 2990 1062 3055 sufficienti
1085 2991 1302 3075 procuratorio
1323 2991 1503 3074 composuit
1517 2991 1551 3053 in
1568 2996 1680 3053 octavo

280 3093 331 3155 dic
351 3093 544 3156 reversionis
559 3094 679 3156 domini
694 3094 795 3158 nostri
811 3096 950 3179 episcopi
965 3096 998 3158 in
1014 3096 1139 3177 Albam,
1162 3094 1320 3158 habebant
1334 3114 1441 3157 coram
1457 3094 1558 3174 nobis,
1581 3096 1681 3177 ipsam

210 3201 245 3255 20
279 3215 407 3259 oausam
439 3197 478 3260 de
506 3198 642 3280 partium
674 3199 840 3263 voluntate
870 3199 909 3263 ad
935 3200 1046 3263 teriam
1072 3200 1246 3264 secundam
1269 3199 1447 3283 proximam
1470 3203 1542 3282 post
1564 3199 1681 3261 festum

279 3300 506 3382 assumptionis
528 3300 638 3364 beatae
660 3303 794 3385 virginis
809 3302 927 3366 Mariae
950 3305 1096 3387 proxime
1119 3310 1288 3367 venturam
1297 3303 1318 3381 ¹)
1345 3307 1431 3365 statu
1445 3302 1542 3384 priori
1558 3319 1682 3384 perma-

280 3409 376 3467 nente
392 3403 545 3467 duximus
559 3405 805 3488 prorogandum.
824 3405 943 3469 Datum
956 3407 1064 3489 Albae,
1082 3407 1223 3471 secunda
1233 3406 1312 3469 feria
1323 3407 1470 3490 proxima
1481 3411 1554 3488 post
1565 3404 1682 3468 testum

279 3506 363 3571 beati
385 3507 497 3571 Jacobi
527 3508 670 3592 apostoli,
700 3530 784 3573 anno
815 3509 936 3573 domini
959 3510 1124 3574 millesimo
1149 3509 1370 3574 trecentesimo
1394 3508 1554 3592 trigesimo
1579 3509 1681 3572 tertio.

939 3812 1032 3893 505.

211 3987 245 4042 25
358 3972 507 4044 Bistra‘ta
525 3976 630 4044 1334
655 3973 798 4045 Jaauor
816 3976 873 4045 13.
902 3974 1100 4063 Ladislaas,
1134 3974 1251 4046 Comes
1278 3974 1340 4046 dar
1357 3972 1495 4045 aretur
1521 3973 1594 4043 aad
1618 3996 1683 4044 oon

280 4091 440 4181 Bistra'ta,
468 4097 591 4166 nimmt
616 4095 758 4166 Iolcon
785 4095 968 4166 Homolio
993 4097 1110 4167 scinco
1138 4094 1272 4167 Soluto.

439 4257 515 4327 Orio.
535 4258 615 4327 Parp.
649 4258 753 4327 Uapar.
771 4258 1031 4312 Natioaalmuaeum
1055 4258 1207 4327 Badapeat.
1243 4258 1339 4328 sapa,
1363 4263 1465 4328 prunas
1489 4256 1597 4323 wacta,
1622 4273 1682 4309 war

385 4343 442 4409 aas
455 4344 504 4396 der
523 4343 666 4397 Rdcltaeite
684 4343 873 4412 auspedrdclct.

212 4547 247 4601 30
415 4463 548 4602 affulsit:
566 4464 652 4531 Fejar
674 4464 763 4519 Codex
780 4463 867 4532 VIII,
885 4468 911 4531 3,
932 4468 988 4519 763.
1014 4463 1213 4518 Traaailoania
1232 4469 1309 4531 1871,
1328 4468 1386 4519 193.
1409 4464 1498 4518 Saudo
1517 4464 1592 4518 Satio.
1611 4465 1680 4518 clale-

385 4549 414 4601 od
456 4565 472 4601 r
508 4552 576 4615 ,45.
920 4570 923 4576 ·
1138 4564 1141 4569 ·

435 4721 466 4785 N
467 4742 503 4785 os
517 4723 667 4805 magister
681 4722 846 4787 Ladislaus
862 4743 967 4787 comes
982 4723 1175 4805 Syculorum
1190 4732 1223 4789 et
1238 4725 1277 4789 de
1292 4725 1451 4807 Byztrioie
1466 4723 1682 4807 significamus

283 4824 400 4905 quibus
431 4826 562 4908 expedit
592 4827 751 4890 universis
780 4827 994 4910 praesentium
1026 4848 1083 4911 per
1105 4834 1256 4907 tenorem,
1289 4830 1471 4910 quodcum
1496 4828 1681 4911 magistrum

281 4928 461 4991 Iohannem
485 4929 603 4993 dictum
624 4929 732 4993 Henul
757 4951 819 4993 uua
842 4951 913 4994 cum
937 4932 1192 5015 possessionibus
1215 4932 1282 4996 suis
1304 4952 1346 4997 ex
1369 4938 1537 5016 praecepto
1562 4931 1681 4994 domini

283 5032 383 5094 nostri
406 5033 498 5115 regis,
521 5033 604 5096 sicut
626 5033 656 5095 in
679 5033 777 5097 literis
793 5034 934 5098 ciusdem
949 5035 1096 5099 videmus
1111 5037 1276 5118 contineri,
1300 5037 1330 5098 in
1349 5043 1488 5098 nostram
1504 5035 1682 5118 recepimus

214 5144 248 5196 35
285 5136 514 5218 protectionem
538 5144 570 5200 et
592 5136 723 5200 tutelam
754 5137 931 5221 specialem,
952 5139 991 5202 ab
1020 5139 1167 5202 omnibus
1190 5139 1274 5202 enim
1298 5137 1437 5203 indebite
1460 5138 1628 5201 molestare
1650 5144 1683 5201 et

284 5238 464 5319 inquietare
488 5239 670 5303 volentibus
692 5248 857 5324 protegere
891 5244 1121 5326 assumpsimus
1153 5250 1250 5323 atque
1284 5243 1456 5306 defensare.
1494 5240 1613 5306 Datum
1648 5243 1681 5304 in

282 5342 452 5424 Byztricie,
475 5343 508 5405 in
525 5344 646 5407 octavis
672 5344 857 5427 epiphaniae
879 5345 1009 5427 domini,
1031 5365 1115 5409 anno
1131 5345 1273 5410 eiusdem
1289 5323 1330 5409 ll.
1350 5324 1427 5410 cod
1442 5322 1543 5410 XXI
1560 5352 1681 5427 quarto.

439 5481 460 5545 ι)
478 5480 588 5548 naua
607 5483 648 5533 16.
