4086 6300
939 571 1095 667 ‘ma-

318 763 351 823 et
372 758 546 843 capitulum
568 759 603 822 in
625 777 737 823 eorum
767 759 925 842 parochiis
952 765 1064 845 postea
1085 759 1234 843 colligere
1256 765 1399 842 possunt,
1430 763 1527 843 prout
1547 760 1648 843 magis
1669 761 1717 824 eis

316 862 478 927 ridebitur
508 862 660 946 expedire
689 868 722 927 et
751 861 914 928 debebunt
943 864 1046 928 dictae
1072 860 1121 947 [L]
1153 870 1185 927 et
1215 861 1298 926 duae
1328 882 1451 926 marcae
1480 863 1649 946 ponderari
1681 867 1718 927 ut

315 965 508 1050 praedicitur
537 967 577 1030 ad
606 967 733 1051 pondus
755 967 905 1032 Budense
934 969 1100 1051 sipoterit
1133 974 1211 1031 tunc
1238 966 1355 1047 haberi,
1388 967 1433 1029 ita
1466 966 1553 1048 quod
1587 985 1713 1049 semper

316 1069 445 1152 quando
467 1070 732 1153 ponderabuntur
754 1070 849 1135 simul
871 1091 996 1136 marcae
1019 1079 1157 1154 quatuor
1179 1070 1353 1134 eleventur.
1388 1069 1429 1132 Et
1451 1070 1477 1132 si
1501 1069 1628 1152 pondus
1650 1069 1715 1133 Bu·

318 1173 416 1238 dense
438 1177 517 1236 tuno
545 1192 612 1237 non
642 1174 820 1257 haberetur,
849 1174 890 1238 ad
921 1175 1096 1256 quamlibet
1126 1193 1263 1238 marcam
1287 1173 1319 1236 in
1346 1173 1487 1256 pondere
1507 1172 1715 1237 Transssuano
1750 1181 1767 1233 5

316 1281 349 1341 et
372 1276 550 1361 specialiter
571 1277 612 1341 de
627 1276 729 1342 Sabus
752 1278 825 1341 addi
848 1277 1010 1342 debebunt
1032 1285 1097 1343 tres
1118 1279 1243 1341 lotones
1268 1276 1451 1340 huiusmodi
1466 1281 1573 1340 autem
1595 1295 1717 1340 marcas

317 1380 432 1445 additis
462 1386 500 1444 ut
528 1380 743 1464 praemittitur
772 1381 903 1447 cuilibet
932 1383 1073 1466 ipsarum
1104 1401 1281 1445 marcarum
1309 1381 1401 1445 dictis
1432 1381 1534 1444 tribus
1555 1379 1717 1444 lotonibus

317 1485 437 1549 dictum
467 1483 641 1568 capitulum
672 1504 730 1567 pro
760 1486 1037 1566 aequivalentibus
1065 1486 1180 1549 marcis
1208 1485 1368 1549 Budensis
1396 1484 1546 1568 ponderis
1576 1485 1717 1566 recipere

317 1589 521 1653 tenebuntur.
545 1586 631 1663 Quas
654 1588 783 1670 quidem
807 1591 1040 1673 quinquaginta
1062 1596 1094 1653 et
1117 1590 1196 1653 duas
1217 1608 1339 1652 marcas
1362 1608 1419 1672 pro
1444 1593 1585 1671 tempore
1607 1588 1716 1652 futuro

316 1692 351 1755 in
373 1692 466 1756 dictis
495 1691 640 1756 terminis
669 1696 701 1755 et
731 1692 764 1754 in
796 1692 879 1755 dicto
909 1693 1050 1775 pondere
1074 1693 1150 1756 dicti
1171 1698 1394 1776 procuratores
1424 1692 1581 1756 dictorum
1605 1691 1715 1755 decani
1752 1696 1786 1750 10

317 1801 350 1859 et
382 1793 592 1878 plebanorum
625 1794 885 1877 procuratoribus
918 1797 993 1860 dicti
1024 1797 1154 1880 capituli
1185 1795 1406 1880 praesentibus
1429 1794 1656 1878 stipulantibus
1686 1800 1717 1857 et

317 1897 545 1982 recipientibus
574 1898 703 1961 nomine
733 1898 833 1981 ipsius
863 1899 992 1983 capituli
1016 1901 1140 1964 solvere
1166 1919 1239 1964 cum
1262 1899 1376 1963 effectu
1399 1904 1431 1962 et
1453 1898 1513 1962 sub
1538 1897 1717 1962 obedientia

319 2001 395 2066 dicti
418 2001 538 2065 domini
567 2002 707 2086 episcopi
737 2008 770 2066 et
800 2022 1021 2067 successorum
1050 2022 1183 2066 suorum
1213 2021 1338 2085 semper
1368 2020 1496 2065 manere
1527 2000 1587 2064 sub
1614 2019 1718 2084 poena

319 2107 529 2171 ducentarum
552 2125 731 2169 marcarum
752 2106 808 2170 fini
831 2108 954 2190 argenti
977 2107 1017 2171 ad
1036 2107 1234 2190 praedictum
1249 2106 1376 2189 pondus
1392 2105 1485 2169 toties
1500 2104 1717 2168 committatur

319 2216 351 2275 et
367 2209 459 2274 dictis
474 2210 611 2274 dominis
627 2211 774 2294 episcopo
790 2216 823 2274 et
844 2211 983 2294 capitulo
999 2211 1192 2292 acquiratur,
1216 2210 1340 2291 quoties
1356 2209 1599 2273 contrafactum
1621 2207 1718 2270 tuerit
1753 2215 1786 2267 15

318 2314 396 2378 ratis
417 2312 624 2377 nihilominus
646 2333 772 2397 semper
794 2315 997 2378 manentibus
1020 2313 1284 2398 promissionibus
1301 2332 1398 2395 supra
1420 2313 1553 2395 scriptis.
1576 2311 1619 2374 Et
1633 2310 1718 2374 ultra

318 2418 359 2483 ad
381 2418 533 2482 maiorem
562 2416 687 2481 roboris
714 2416 896 2482 firmitatem
927 2419 1116 2482 iuraverunt
1145 2417 1185 2480 ad
1208 2422 1317 2481 sancta
1346 2417 1397 2480 dei
1420 2415 1584 2499 evangelia
1606 2434 1717 2497 corpo·
1834 2442 1837 2445 “

317 2516 427 2588 taliter
448 2521 540 2587 tactis
561 2519 727 2607 scripturis
748 2520 782 2582 in
804 2520 926 2584 annuas
948 2520 1182 2603 praedictorum
1198 2520 1400 2583 dominorum
1424 2519 1534 2583 decani
1557 2524 1589 2583 ct
1610 2518 1718 2602 pleba-

318 2638 435 2692 norum
457 2625 622 2689 attendere
651 2627 684 2687 et
705 2622 932 2687 inviolabiliter
953 2622 1124 2688 observare
1148 2624 1254 2687 omnia
1280 2629 1313 2687 et
1334 2623 1461 2706 singula
1482 2643 1580 2705 supra
1601 2623 1718 2705 scripta

319 2730 380 2795 sub
409 2746 513 2813 poena
542 2727 675 2812 periurii
704 2732 737 2790 et
766 2727 978 2791 ammissionis
1008 2727 1164 2791 dictorum
1194 2726 1422 2792 beneficiorum
1453 2726 1629 2810 obligantes
1658 2746 1716 2809 pro
1752 2730 1787 2785 20

318 2832 551 2918 praedictorum
568 2831 790 2894 observatione
804 2831 1012 2894 nihilominus
1027 2832 1135 2895 omnia
1152 2832 1385 2915 praedictorum
1403 2830 1486 2893 bona
1508 2837 1540 2893 et
1562 2829 1717 2893 dictarum

318 2935 525 3002 ecclesiamm
545 2953 684 2999 arrarum.
706 2932 748 2997 ut
769 2934 900 3016 insuper
916 2934 1134 2998 submiserunt
1148 2935 1325 3018 praedictos
1341 2934 1495 2998 decanum
1519 2940 1550 2997 et
1565 2931 1718 3018 plebanos

317 3044 478 3104 eteorum
493 3037 668 3120 quemlibet
680 3056 739 3122 pro
754 3038 924 3120 praedictis
939 3038 1088 3102 omnibus
1103 3044 1136 3102 et
1152 3037 1286 3120 singulis
1301 3033 1521 3118 observandis[
1675 3035 1717 3121 1¹)

319 3159 462 3207 camerae
484 3140 605 3204 domini
627 3141 728 3204 nostri
756 3159 857 3224 papae
879 3146 911 3205 et
933 3141 1054 3203 domini
1086 3141 1249 3204 camerarii
1272 3140 1414 3204 eiusdem
1437 3141 1608 3205 cuiuslibet
1628 3141 1718 3205 audi·

319 3245 398 3310 toris
419 3262 478 3308 seu
499 3243 725 3308 nceauditoris
754 3243 807 3308 vel
829 3244 1076 3309 locumtenentis
1102 3245 1246 3327 ipsorum
1273 3250 1305 3307 et
1327 3244 1434 3308 curiae
1456 3264 1600 3309 camerae
1621 3265 1718 3327 supra
1752 3248 1786 3303 25

320 3342 469 3433 dictael⁹l
503 3345 545 3410 ut
566 3347 651 3411 ultra
671 3348 833 3430 praedicta
855 3349 961 3411 omnia
984 3354 1017 3412 et
1038 3348 1164 3431 singula
1185 3348 1422 3412 constituerunt
1444 3350 1573 3414 nomine
1595 3355 1628 3413 et
1648 3348 1717 3412 vice

320 3453 477 3517 dictorum
509 3451 619 3516 decani
650 3457 682 3514 et
703 3450 912 3534 plebanorum
942 3458 975 3516 st
1003 3451 1174 3516 cuiuslibet
1204 3471 1313 3515 eorum
1338 3471 1395 3515 seu
1419 3452 1654 3516 substituerunt
1676 3471 1717 3516 ex

319 3560 476 3640 potestate
498 3574 595 3638 super
609 3555 669 3618 hoo
685 3554 744 3619 sibi
760 3556 833 3619 data
847 3563 1069 3639 procuratores
1085 3555 1249 3618 dominum
1260 3555 1467 3619 Ambrosium
1483 3556 1522 3619 de
1536 3555 1716 3620 Mediolano

320 3660 511 3723 advocatum
533 3659 567 3721 in
589 3657 734 3722 Romana
754 3660 851 3736 curia,
879 3660 1022 3723 Marcum
1045 3660 1085 3725 de
1107 3659 1257 3722 Veneciis
1284 3664 1317 3722 et
1337 3659 1517 3722 Johannem
1538 3658 1654 3741 Angeli
1677 3658 1717 3722 de

319 3762 471 3827 Interano
501 3767 725 3845 procuratores
754 3764 787 3825 in
818 3764 908 3827 curia
928 3763 1073 3828 Romana
1101 3763 1142 3826 ad
1163 3761 1412 3846 comparendum
1444 3762 1572 3826 nomine
1593 3768 1626 3826 et
1647 3762 1717 3825 vice
1752 3767 1788 3822 30

320 3865 554 3950 praedictorum
585 3865 697 3930 decani
728 3872 760 3930 et
790 3866 997 3950 plebanorum
1027 3868 1061 3929 in
1092 3867 1182 3931 ouria
1210 3885 1354 3930 camerae
1376 3866 1451 3929 dicti
1474 3866 1594 3929 domini
1616 3865 1718 3928 nostri

320 3987 421 4055 papae
443 3989 549 4033 coram
573 3968 680 4051 aliquo
703 3969 743 4035 de
760 3971 1009 4054 praenominatis
1029 3970 1155 4034 officiali
1171 3990 1230 4035 seu
1245 3971 1390 4034 auditore
1407 3971 1456 4034 vel
1472 3969 1688 4034 viceauditore
1695 3967 1717 4047 ⁸)

321 4075 430 4139 curiae
452 4073 554 4138 dictae
577 4093 719 4138 camerae
743 4081 775 4139 et
797 4075 837 4138 ad
858 4075 1152 4157 recognoscendum
1172 4094 1278 4138 coram
1294 4074 1339 4138 eis
1355 4074 1395 4136 ad
1409 4075 1595 4157 petitionem
1610 4074 1718 4137 cuius-

320 4178 399 4243 libet
431 4178 490 4242 hoo
520 4178 714 4258 requirentis
744 4196 802 4261 pro
831 4184 922 4264 parte
951 4179 1108 4242 dictorum
1139 4178 1341 4242 dominorum
1372 4177 1510 4262 episcopi
1533 4182 1566 4241 et
1586 4177 1717 4261 capituli

320 4300 431 4347 omnes
453 4285 486 4345 et
506 4281 649 4364 singulas
678 4283 905 4365 promissiones
928 4287 960 4345 et
990 4281 1199 4365 obligationes
1229 4282 1377 4363 superius
1406 4281 1506 4345 iactas
1535 4299 1592 4364 pro
1626 4285 1716 4364 parte
1752 4285 1787 4338 35

322 4385 482 4449 dictorum
504 4383 615 4448 decani
638 4390 671 4449 et
691 4384 901 4469 plebanorum
923 4392 956 4449 et
978 4386 1085 4448 omnia
1106 4385 1182 4448 talia
1203 4391 1235 4449 et
1257 4384 1383 4467 singula
1405 4385 1647 4468 suprascripta
1676 4383 1719 4447 lit

322 4489 363 4552 ad
385 4487 579 4552 audiendum
603 4493 636 4551 et
657 4489 875 4571 recipiendum
899 4489 1021 4571 absque
1042 4488 1150 4570 aliqua
1171 4489 1251 4553 iuris
1274 4489 1475 4553 sollennitate
1498 4507 1624 4551 omnem
1646 4506 1718 4551 sen·

322 4592 453 4657 tentiam
476 4590 678 4655 diffinitivam
701 4598 733 4655 et
755 4593 1026 4657 interlocutoriam
1048 4593 1083 4656 in
1105 4593 1194 4656 curia
1216 4592 1318 4657 dictae
1338 4612 1481 4657 camerae
1496 4591 1717 4675 proferendam

322 4714 419 4781 super
441 4696 665 4761 observatione
687 4695 943 4779 praemissorum.
965 4697 1008 4761 ut
1030 4698 1070 4761 ad
1093 4697 1266 4761 volendum
1287 4703 1320 4760 et
1334 4695 1607 4775 consentiendum,
1631 4694 1718 4776 quod

321 4801 356 4864 in
378 4819 434 4866 eos
456 4798 614 4864 decanum
640 4805 672 4864 et
693 4800 846 4882 plebanos
868 4805 901 4864 at
923 4819 1033 4865 eorum
1066 4800 1240 4883 quemlibet
1262 4801 1481 4883 suspensionis
1502 4799 1662 4863 interdicti
1685 4804 1718 4863 et
1751 4804 1788 4860 40

323 4902 661 4968 excommunicationis
684 4910 716 4967 et
738 4903 964 4967 beneficiorum
980 4903 1168 4986 privationis
1182 4904 1358 4967 sententiae
1374 4903 1585 4985 proferantur,
1608 4903 1635 4966 si
1651 4902 1717 4965 ullo

323 5011 466 5089 tempore
494 5003 665 5070 deficerent
692 5007 726 5068 in
753 5006 934 5088 praemissis
956 5005 1008 5070 vel
1031 5006 1139 5087 aliquo
1162 5007 1409 5089 praemissorum
1432 5006 1526 5070 etad
1549 5005 1718 5069 dicendum

323 5112 356 5172 et
377 5107 560 5173 faciendum
589 5109 624 5172 in
647 5109 795 5174 omnibus
817 5115 850 5174 et
872 5110 1006 5193 singuiis
1028 5129 1126 5194 supra
1146 5110 1239 5175 dictis
1261 5116 1294 5175 et
1315 5111 1399 5174 circa
1421 5130 1468 5192 ea,
1491 5114 1527 5173 ut
1549 5109 1663 5174 melius
1686 5116 1719 5174 et

480 5262 500 5328 ¹)
517 5259 618 5330 Lacte,
635 5264 653 5315 4
673 5259 833 5318 deumne
851 5263 928 5317 breit.

479 5347 501 5417 ¹)
518 5346 598 5403 Blae
614 5351 640 5402 2.
1753 5350 1788 5404 45

478 5435 500 5504 ⁸)
522 5433 655 5503 Vorlope:
672 5433 784 5489 auditori
800 5434 845 5489 vel
862 5434 1037 5490 neeauditori.
