4086 6300
913 621 1068 719 gm-

289 814 443 880 haberent
465 819 497 879 et
515 815 698 896 retinerent,
720 819 805 878 esset
823 819 855 878 et
870 813 984 877 fuisset
998 819 1030 877 et
1045 832 1132 876 nunc
1148 818 1197 877 est
1211 818 1350 876 castrum
1366 818 1398 876 et
1412 812 1570 896 possessio
1587 811 1688 894 ipsius

289 920 420 1004 capituli
443 914 594 984 ecclesiae
612 919 855 982 Traussiluauae
870 924 902 981 et
920 919 978 1002 ipsi
1000 917 1137 1001 capitulo
1153 923 1317 999 tamquam
1332 916 1556 1000 proprietatem
1571 934 1688 979 eorun-

289 1025 361 1087 dem
382 1041 487 1106 usque
509 1023 604 1085 modo
629 1028 846 1085 reservassent
867 1028 899 1085 et
913 1022 996 1084 intra
1012 1022 1092 1085 duos
1108 1040 1209 1084 annos
1225 1022 1351 1083 tuturos
1366 1019 1470 1083 adhuc
1485 1038 1526 1082 er
1542 1019 1689 1082 commis·

289 1129 377 1192 sione
389 1128 490 1212 ipsius
502 1127 631 1210 capituli
646 1146 703 1209 pro
720 1126 831 1189 eodem
847 1126 985 1209 capitulo
1001 1131 1202 1189 reservarent
1217 1130 1314 1206 atque
1328 1124 1511 1205 retinerent,
1527 1129 1559 1185 et
1574 1122 1689 1205 elapsis

237 1241 254 1291 5
290 1232 367 1314 ipsis
390 1230 516 1294 duobus
539 1231 632 1293 annis
655 1237 687 1293 et
708 1229 874 1313 completis
896 1229 998 1293 eidem
1015 1228 1154 1312 capitulo
1169 1229 1275 1311 ipsum
1290 1234 1429 1291 castrum
1446 1227 1594 1289 Zaadlreu
1609 1231 1689 1288 tam·

290 1354 385 1417 quam
418 1335 643 1418 proprietatem
673 1334 857 1404 eorundem,
890 1339 928 1396 ut
957 1333 1040 1395 idem
1072 1332 1220 1395 Chelleus
1253 1332 1388 1394 vaivoda
1417 1332 1546 1393 nomine
1576 1350 1634 1393 suo
1658 1337 1690 1393 et

288 1439 417 1502 nomine
446 1438 585 1501 filiorum
614 1457 746 1500 suorum
777 1437 1013 1521 praedictorum
1042 1436 1214 1519 assumpsit
1243 1455 1350 1497 coram
1372 1434 1473 1515 nobie,
1503 1434 1636 1498 reddere
1658 1438 1691 1496 et

291 1542 457 1606 restituere
480 1549 667 1605 tenerentur
689 1541 854 1603 occasione
877 1547 909 1603 et
925 1539 1174 1603 contradictione
1198 1538 1340 1621 qualibet
1361 1558 1427 1601 non
1450 1538 1603 1601 obstante.
1624 1536 1692 1600 Tali

291 1666 395 1728 poena
425 1651 458 1709 et
488 1645 679 1728 obligatione
710 1644 882 1718 interiecta,
915 1644 1001 1724 quod
1028 1644 1055 1705 si
1077 1644 1154 1725 ipsis
1177 1642 1303 1705 duobus
1326 1643 1418 1704 annis
1441 1641 1556 1724 elapsis
1578 1662 1597 1703 a
1619 1641 1692 1704 data

223 1755 257 1809 10
291 1751 507 1832 praesentium
529 1750 569 1812 ad
591 1748 776 1832 petitionem
799 1748 899 1830 ipsius
922 1747 1052 1831 capituli
1071 1746 1288 1809 Transsiluani
1311 1765 1404 1828 saepe
1427 1746 1527 1809 latum
1551 1750 1691 1808 castrum

293 1851 440 1915 Zaadkeu
470 1852 572 1915 eidem
595 1851 733 1935 capitulo
757 1852 889 1914 reddere
912 1856 944 1913 et
966 1851 1135 1913 restituere
1158 1850 1356 1931 negligerent
1378 1856 1475 1930 atque
1498 1854 1691 1929 recusarent

291 1975 333 2019 ex
356 1963 433 2019 tunc
463 1957 652 2020 sententiam
675 1955 1022 2035 excommunicationis,
1055 1972 1151 2034 quam
1174 1972 1216 2017 er
1239 1973 1326 2016 nunc
1347 1954 1430 2017 idem
1455 1952 1603 2016 Chelleus
1625 1952 1692 2014 vai·

292 2059 375 2122 voda
397 2065 573 2142 spontanea
594 2059 761 2122 voluntate
782 2060 817 2121 in
832 2078 866 2122 se
882 2064 914 2122 et
929 2059 962 2121 in
978 2057 1060 2120 filios
1076 2077 1152 2121 suos
1169 2058 1289 2140 recepit
1304 2058 1388 2120 etad
1406 2057 1465 2119 hoc
1481 2075 1515 2120 se
1531 2056 1691 2138 obligavit,

292 2163 493 2227 incurrerent
523 2169 554 2227 et
585 2182 695 2226 omnes
725 2163 941 2245 possessiones
964 2180 1041 2225 suae
1064 2161 1277 2224 ecclesiastico
1301 2160 1502 2224 subiecerant
1524 2160 1691 2223 interdicto

226 2276 258 2325 15
294 2267 362 2349 ipso
396 2267 497 2348 iacto,
531 2266 589 2329 hac
619 2266 947 2330 excommunicatione
981 2270 1013 2329 et
1041 2266 1110 2349 ipso
1144 2265 1312 2328 interdicto
1346 2284 1413 2326 non
1443 2263 1693 2344 absolverentur,

294 2370 395 2433 donee
409 2372 513 2454 ipsum
537 2376 676 2433 castrum
700 2371 739 2433 ed
763 2390 877 2434 manus
892 2371 992 2453 ipsius
1007 2369 1136 2452 capituli
1150 2368 1367 2431 Transsiluani
1390 2368 1613 2431 restitueretur
1635 2386 1692 2450 per

294 2475 430 2538 eosdem.
452 2474 491 2536 In
514 2475 607 2537 cuius
629 2475 674 2537 rei
695 2476 879 2538 memoriam
895 2475 935 2536 ad
950 2475 1134 2537 instantiam
1149 2478 1181 2536 et
1196 2473 1380 2556 petitionem
1397 2471 1535 2554 partium
1551 2469 1693 2552 praedic-

294 2585 398 2642 tarum
419 2577 526 2641 literas
545 2584 669 2641 nostras
685 2576 881 2660 praesentles
899 2577 1084 2661 authentici]
1104 2577 1197 2660 sigilli
1214 2577 1314 2638 nostri
1333 2575 1502 2660 pendeatis
1517 2573 1694 2637 munimine

293 2682 464 2745 roboratas.
495 2680 613 2744 Datum
644 2682 728 2744 circa
758 2681 865 2744 villam
889 2681 1033 2762 Woyosd
1060 2682 1094 2743 in
1116 2680 1261 2765 partibus
1283 2679 1525 2759 Transsiluanis,
1555 2678 1590 2739 in
1613 2676 1693 2740 testo

226 2792 260 2846 20
295 2785 405 2850 beatae
426 2784 622 2868 Margaretae
644 2785 787 2869 virginis
810 2782 906 2867 [anno
930 2786 1049 2848 domini
1071 2763 1125 2870 ll]
1142 2761 1245 2849 (illd.
1269 2780 1446 2868 [vigelsimo
1470 2782 1580 2865 primo.

953 3078 1046 3161 382.

372 3246 481 3314 1321.
509 3244 627 3335 Krieip
649 3244 744 3314 Karl
766 3244 903 3314 betreut
928 3244 995 3314 dea
1019 3241 1335 3332 eeoeaoerpiselee
1356 3239 1550 3312 Woiwodea
1567 3238 1698 3309 Dcwsa

296 3365 360 3435 mit
376 3364 596 3455 Eiaeiebeay
623 3365 684 3436 der
705 3364 826 3451 Geiter,
853 3363 1072 3435 catamare
1099 3362 1161 3434 der
1188 3361 1418 3452 Beaiteaaqen
1437 3358 1696 3449 Seeatpotbord,

304 3485 410 3576 Osepe
426 3486 500 3556 aad
517 3484 746 3555 Sedseseilods
763 3485 822 3555 des
840 3483 1048 3573 ebesaelipea
1066 3482 1268 3553 Kastellum
1284 3504 1349 3553 oea
1372 3480 1494 3568 Oetaeo,
1515 3478 1695 3550 Nikoieee.

229 3650 262 3703 25
453 3647 612 3715 Adrobrifl:
630 3647 753 3715 Komeny
765 3646 887 3715 Diplom.
900 3646 1030 3714 supplem.
1044 3646 1070 3713 I,
1087 3650 1144 3699 207
1159 3646 1229 3698 acob
1248 3645 1307 3698 deta
1322 3644 1397 3712 Θήρ.
1411 3643 1513 3719 Arabio
1526 3643 1575 3695 der
1588 3642 1697 3708 Grafen

407 3734 490 3788 Wase
507 3752 543 3788 ea
564 3734 653 3804 Geeqe.

453 3855 565 3910 Druck:
584 3854 707 3909 Nrmseti
724 3853 884 3908 tdrsalltodo
903 3857 979 3920 1833,
998 3852 1043 3920 11,
1061 3857 1122 3907 322.

453 4029 592 4093 Karolus
615 4029 665 4093 dei
688 4030 789 4112 gratia
809 4027 1003 4111 Hungariae,
1025 4027 1214 4110 Dalmaciae,
1230 4026 1387 4105 Oroaciao,
1409 4024 1536 4105 Romae,
1559 4023 1699 4105 Seruiee,

299 4133 457 4215 Galliciae,
487 4132 703 4214 Lodomeriae,
733 4131 906 4196 (lomaniae
935 4131 1170 4215 Bulgariaeque
1200 4150 1259 4194 rex
1289 4127 1456 4211 magnifico
1486 4128 1556 4190 viro
1583 4125 1701 4191 Davvsa

232 4245 267 4299 30
301 4237 456 4301 vaivodae
477 4236 711 4318 Transsylvauo
743 4241 775 4298 et
797 4235 905 4298 comiti
927 4235 966 4299 de
989 4235 1102 4298 Zonulr
1125 4234 1238 4297 dilecto
1261 4240 1294 4296 et
1315 4231 1400 4295 fideli
1423 4234 1532 4293 nostro
1556 4228 1699 4293 salutem.

300 4340 380 4404 Cum
404 4360 470 4403 non
492 4339 596 4403 solum
620 4359 730 4421 regum
754 4340 796 4402 sit
818 4337 958 4401 officium
980 4338 1123 4402 fidelium
1146 4357 1279 4401 suorum
1301 4336 1414 4399 merita
1435 4333 1536 4416 gratia
1555 4330 1652 4413 regali
1668 4337 1700 4394 et

300 4442 527 4508 beneficiorum
550 4444 643 4506 donis
665 4442 837 4523 cumulare,
860 4441 916 4505 sed
936 4447 968 4504 et
982 4441 1149 4505 rebellium
1165 4448 1197 4505 et
1211 4439 1388 4503 infidelium
1403 4456 1501 4500 ausus
1517 4434 1700 4499 temerarios

302 4548 462 4611 refrenare
489 4565 608 4629 eosque
631 4546 789 4629 condigna
812 4564 915 4628 poena
937 4564 1092 4628 coercere,
1122 4564 1163 4608 ne
1186 4543 1260 4607 iacti
1282 4542 1474 4626 perversitas
1496 4539 1565 4602 aliis
1588 4536 1702 4601 similia

301 4650 596 4734 praesumptoribus
622 4668 680 4732 per
701 4648 899 4732 impunitatis
922 4648 1086 4711 audaciam
1108 4651 1250 4711 transeat
1269 4647 1303 4709 iu
1326 4644 1518 4727 exemplum.
1547 4640 1632 4704 Hinc
1654 4647 1702 4703 ost

233 4763 266 4817 35
302 4753 388 4835 quod
419 4775 478 4818 nos
508 4773 550 4818 ex
582 4752 714 4816 oonsilio
745 4756 855 4815 nostro
878 4756 911 4814 et
932 4750 1145 4833 praelatorum
1168 4769 1204 4813 ac
1228 4750 1383 4813 baronum
1406 4751 1589 4810 nostrorum
1611 4743 1702 4806 lateri

304 4862 413 4920 nostro
435 4856 572 4921 fideliter
594 4856 834 4919 adhaerentium
857 4838 1065 4935 decrevimus,
1094 4861 1131 4918 ut
1153 4855 1306 4916 universa
1327 4851 1412 4914 bona
1433 4849 1557 4912 comitis
1578 4845 1702 4911 Nicolai

301 4959 357 5023 filii
380 4961 492 5024 Emich
516 4960 679 5024 castellani
702 4960 741 5023 de
765 4958 881 5021 Ghiche
900 4978 936 5021 ao
956 4958 1097 5021 ductoris
1112 4957 1189 5021 alias
1204 4954 1330 5038 aquilae
1345 4973 1402 5017 seu
1419 4951 1529 5016 vexilli
1543 4949 1702 5013 univorsi-

303 5065 377 5128 tatis
398 5065 631 5147 regnicolarum
647 5062 873 5146 Hungarorum
897 5061 1036 5145 partium
1050 5059 1359 5141 Transsylvanarum
1375 5057 1456 5137 ideo,
1480 5053 1566 5135 quod
1582 5050 1702 5115 infideli

303 5174 411 5232 nostro
442 5169 537 5233 Petro
567 5167 631 5231 filio
654 5169 774 5232 Petene
804 5165 929 5230 aemulo
961 5170 1069 5227 nostro
1100 5170 1132 5226 et
1161 5163 1271 5227 rebelli
1300 5160 1504 5245 pertinaciter
1526 5154 1703 5219 adhaeserit

234 5282 269 5337 40
304 5293 456 5357 armaque
478 5274 513 5337 in
534 5293 594 5336 nos
609 5280 641 5338 et
656 5293 790 5357 regnum
809 5277 953 5335 nostrum
969 5273 1156 5332 convertere
1172 5286 1236 5329 non
1252 5262 1513 5343 reformidaverit,
1536 5259 1575 5322 ab
1591 5258 1703 5321 eodem

304 5381 419 5444 comite
441 5378 573 5443 Nicolao
595 5377 660 5440 filio
682 5377 795 5441 Emich
817 5376 1012 5439 auferantur.
1043 5370 1278 5435 committimus
1299 5367 1432 5451 proinde
1454 5362 1598 5428 fidelitati
1620 5368 1703 5443 tuae,

304 5489 341 5548 ut
363 5484 448 5547 bona
470 5482 613 5547 eiusdem
635 5481 759 5545 comitis
781 5478 904 5544 Nicolsi
926 5476 984 5541 filii
1005 5474 1125 5557 Emich,
1156 5476 1267 5556 utpote
1289 5471 1505 5556 possessiones
1531 5486 1590 5531 seu
1612 5465 1705 5529 villas

409 5612 604 5661 Urkundenbuah.
1567 5585 1601 5641 23
