4048 6284
890 581 1045 676 *ro—

265 787 365 852 regno
380 767 587 851 dignoscitur
606 774 639 833 11
658 769 759 832 oratio
782 770 928 834 decesso
950 770 1209 835 commendabilis
1224 770 1388 853 reperitur.
1418 771 1504 835 Hinc
1518 778 1567 837 est
1582 774 1670 855 quod

264 872 336 955 piae
357 872 586 936 recordationis
607 879 776 956 parentum
805 879 990 938 nostrorum
1020 874 1154 957 vestigia
1182 875 1234 958 pic
1263 874 1419 938 desiderio
1443 876 1669 960 amplectentes

265 982 298 1040 et
314 983 467 1040 aeternae
490 976 574 1040 ritae
601 975 747 1040 bravium
778 997 852 1042 cum
880 979 926 1042 eis
954 984 1026 1062 post
1054 979 1230 1062 praesentis
1260 979 1344 1042 ritae
1374 999 1505 1043 cursum
1513 978 1535 1056 ¹)
1558 999 1670 1063 appre·.

265 1080 405 1144 bendere
417 1081 583 1163 cupientes
594 1079 780 1145 Hermanno
795 1082 945 1164 magistro
961 1081 1127 1165 religiosae
1141 1083 1348 1146 fraternitatis
1362 1084 1527 1167 hospitalis
1542 1090 1670 1148 sanctae

212 1196 230 1248 5
266 1183 386 1247 Mariae
407 1182 706 1261 Theutonicorumfl
729 1184 978 1248 Jerosclimitani
1008 1187 1143 1268 eiusque
1174 1185 1325 1249 fratribus
1355 1192 1420 1250 tarn
1449 1187 1671 1270 praesentibus

268 1307 365 1370 quam
388 1288 506 1351 tuturis
528 1288 667 1351 cantatis
697 1287 817 1351 intuitu
849 1287 1010 1369 quandam
1040 1294 1157 1352 terram
1179 1289 1286 1353 Bursa
1315 1291 1445 1354 nomine
1466 1291 1552 1355 ultra
1573 1291 1671 1355 silvas·

267 1411 381 1456 versus
404 1391 565 1455 Cumanos
594 1391 668 1455 licet
697 1391 854 1455 desertam
884 1398 916 1455 et
945 1392 1151 1456 inhabitatam
1173 1394 1367 1459 contulimus
1397 1395 1526 1479 pacifice
1549 1395 1672 1459 inhabi-

267 1495 395 1558 tandam
410 1502 443 1559 11
457 1496 492 1558 in
506 1503 697 1579 perpetuum
712 1494 810 1559 libere
825 1495 1057 1578 possidendam,
1077 1504 1114 1561 ut
1128 1504 1160 1561 et
1175 1516 1310 1581 regnum
1324 1518 1382 1582 per
1395 1501 1671 1564 conversationem

267 1618 380 1663 eorum
402 1605 612 1683 propagatum
642 1600 792 1663 dilatetur
823 1606 855 1663 et
884 1598 1057 1663 elemosina
1084 1607 1195 1664 nostra
1214 1620 1272 1685 per
1299 1604 1474 1667 orationem
1497 1614 1609 1667 eorum
1631 1602 1672 1666 ad

198 1712 233 1767 10
268 1703 445 1768 remedium
466 1703 589 1767 animae
612 1708 740 1767 nostrae
762 1709 795 1768 et
816 1708 984 1786 parentum
1013 1709 1196 1768 nostrorum
1219 1725 1326 1769 coram
1356 1707 1512 1785 summo⁸)
1535 1708 1595 1771 deo
1618 1707 1673 1771 de·

268 1812 420 1890 portetur.
444 1806 614 1871 Praeterea
635 1808 682 1870 eis
697 1808 921 1887 concessimus,
938 1806 1025 1888 quod
1040 1808 1068 1870 si
1083 1828 1198 1871 aurum
1213 1808 1265 1872 vel
1280 1813 1497 1893 argentum'in
1512 1810 1674 1895 praedicta

268 1916 353 1975 terra
367 1911 474 1975 Burza
489 1912 657 1974 inventum
672 1911 777 1991 fuerit,
793 1911 897 1975 media
911 1930 984 1994 pars
1000 1911 1040 1974 ad
1054 1910 1167 1974 fiscum
1182 1912 1306 1995 regium
1328 1932 1386 1996 per
1407 1933 1522 1977 manus
1537 1913 1673 1976 fratrum

268 2015 462 2098 deportetur,
493 2014 616 2097 reliqua
646 2015 686 2077 ad
705 2015 844 2095 ¹eosdem
867 2014 1065 2078 devolvatur.
1109 2015 1247 2099 insuper
1276 2016 1376 2080 libera
1404 2017 1674 2081 111111111111

268 2119 412 2182 fororum
434 2118 577 2183 eiusdem
600 2125 703 2183 111111
725 2119 771 2184 eis
794 2119 932 2182 totahter
946 2118 1138 2183 indulsimus
1158 2125 1191 2184 11
1212 2120 1253 2183 ad
1268 2120 1433 2185 munimen
1456 2121 1547 2204 regni
1561 2125 1674 2184 contra

200 2235 233 2286 15
271 2222 431 2286 (11111111
454 2228 558 2286 castra
579 2228 612 2285 11
634 2222 731 2286 urbes
753 2222 893 2306 lapideas
914 2228 1100 2287 construere
1123 2243 1178 2287 eos
1200 2225 1412 2308 permisimus,
1431 2230 1469 2288 ut
1490 2225 1673 2289 etinimicis

270 2326 387 2391 Christi
417 2327 565 2390 resistere
588 2326 715 2389 valeant
737 2334 769 2390 et
790 2344 944 2410 personae
967 2332 1095 2389 nostrae
1126 2333 1158 2390 et
1188 2327 1357 2392 heredibus
1387 2330 1505 2393 nostris
1535 2329 1673 2412 legitime

270 2430 363 2494 nobis
384 2429 630 2494 succedentibus
645 2431 685 2493 ad
700 2450 851 2494 coronam
874 2430 914 2493 ad
936 2429 1090 2493 honorem
1112 2437 1241 2514 pateant
1256 2437 1288 2496 et
1302 2433 1475 2496 munimen.
1499 2431 1675 2496 statuimus

270 2534 365 2597 etiam
389 2534 474 2616 quod
506 2535 615 2598 nullus
643 2534 779 2598 vaivoda
808 2554 905 2618 super
935 2554 990 2598 ecs
1021 2534 1211 2599 descensum
1236 2536 1358 2614 habeat,
1388 2535 1505 2600 liberos
1527 2535 1675 2599 denarios

270 2644 304 2703 et
323 2638 466 2721 pondera
495 2638 542 2702 eis
565 2639 747 2703 remisimus
775 2645 808 2703 et
836 2638 875 2701 ab
907 2639 994 2701 omni
1017 2639 1184 2702 exactione
1214 2639 1405 2728 1111111111
1434 2658 1675 2722 1111111111-

199 2752 236 2807 20
271 2742 417 2805 misimus
446 2738 563 2806 liberos
594 2748 626 2807 et
647 2743 814 2807 immunes.
858 2742 988 2806 Nulhus
1018 2742 1134 2806 iudicio
1157 2742 1225 2807 sive
1246 2743 1467 2826 iurisdictioni,
1492 2744 1555 2808 nisi
1576 2744 1676 2808 solius

271 2846 355 2929 regis
377 2845 570 2910 subiaceant
608 2846 757 2910 Judicem
779 2846 875 2910 iidem
896 2845 1011 2910 1111111
1041 2865 1138 2930 super
1159 2865 1271 2910 eorum
1293 2846 1449 2929 populum
1471 2847 1675 2912 constituant

270 2949 339 3014 Nos
361 2969 438 3014 vero
469 2950 660 3035 praemissos
689 2951 803 3014 fratres
833 2951 867 3013 in
897 2949 1130 3033 possessionem
1152 2950 1330 3033 praedictae
1359 2956 1462 3015 terrae
1484 2951 1591 3015 Bursa
1619 2971 1676 3034 per

270 3054 489 3139 pristaldum‘)
513 3054 937 3132 111111111111111111
967 3054 1095 3117 nomine
1126 3054 1279 3118 iussimus
1308 3054 1477 3136 introduci,
1508 3056 1564 3138 qui
1585 3075 1676 3139 prae·

271 3158 387 3222 dictam
417 3166 535 3222 1111111
561 3160 794 3243 perambulavit
823 3165 855 3222 et
884 3178 954 3222 eum
977 3159 1016 3222 ad
1047 3158 1182 3221 verbum
1204 3156 1367 3221 Michaelis
1397 3158 1552 3222 vaivodae
1581 3160 1677 3222 certis

200 3266 235 3321 25
272 3263 365 3327 metis
386 3263 663 3347 circumsignatam
686 3265 762 3348 ipsis
785 3264 965 3347 assignavit.
995 3262 1102 3325 Prima
1124 3281 1201 3325 vero
1224 3266 1309 3324 meta
1323 3262 1419 3324 huius
1440 3267 1543 3326 111111
1565 3261 1677 3344 incipit

272 3366 312 3430 de
333 3366 536 3450 indaginibus
558 3367 653 3430 castri
675 3368 811 3449 Almaye
842 3373 874 3430 et
895 3366 1039 3450 procedit
1067 3384 1172 3446 usque
1202 3365 1241 3427 ad
1264 3365 1430 3448 indagines
1452 3365 1547 3429 castri
1568 3365 1677 3429 Ncialt

271 3476 304 3535 et
332 3471 407 3534 inde
437 3470 640 3553 progreditur
668 3490 773 3552 usque
806 3469 846 3532 ad
879 3469 1045 3552 indagines
1067 3469 1211 3551 Nyeolai,
1241 3469 1297 3532 ubi
1331 3488 1416 3551 aqua
1449 3467 1561 3533 defluit
1594 3488 1677 3551 quae

272 3582 408 3639 vocatur
436 3574 494 3638 Alt
524 3580 557 3638 et
585 3576 630 3637 sic
660 3575 802 3638 ascendit
831 3594 888 3657 per
917 3574 974 3636 Alt
1003 3592 1107 3654 usque
1140 3572 1197 3636 ubi
1224 3572 1400 3635 Tartelowc
1430 3573 1515 3637 cadit
1547 3573 1581 3635 in
1612 3573 1676 3636 1111

272 3679 465 3743 Addidimus
492 3680 587 3743 etium
616 3678 820 3762 postmodum
850 3677 969 3741 eisdem
1003 3676 1153 3740 fratribus
1181 3676 1382 3739 conferentes
1415 3684 1556 3739 castrum
1590 3676 1678 3757 qnod

200 3785 238 3840 30
273 3783 459 3866 Oruceburg
481 3783 673 3863 nominatur,
705 3782 792 3863 quod
820 3782 934 3847 1111111
962 3780 1115 3864 praedicti
1145 3781 1184 3844 do
1214 3799 1298 3843 novo
1321 3784 1578 3859 construxerant,
1601 3797 1676 3842 cum

273 3887 372 3970 pratis
393 3887 478 3950 circa
500 3886 578 3950 illud
601 3886 819 3949 adiacentibus
841 3892 874 3949 et
896 3884 992 3948 atine
1015 3891 1118 3948 terrae
1134 3884 1319 3966 Cruceburg
1342 3890 1467 3964 terram,
1491 3902 1574 3965 quae
1589 3883 1678 3946 vadit

273 4006 378 4070 usque
406 3987 447 4050 ad
470 3988 623 4052 terminos
644 3989 871 4072 prodnicorum
900 3995 933 4053 11
962 3988 1000 4052 ab
1023 3988 1226 4071 indaginibus
1248 3987 1384 4068 Almaye
1412 3988 1447 4049 in
1467 3991 1557 4070 parte
1579 3985 1679 4049 altera

273 4091 362 4155 vadit
383 4110 487 4173 usque
510 4092 550 4155 ad
573 4098 679 4155 ortum
697 4112 898 4176 aquasquas
921 4097 1055 4156 vocatur
1069 4091 1184 4171 Burza,
1206 4095 1239 4153 et
1259 4090 1334 4154 inde
1356 4089 1558 4173 progreditur
1573 4108 1677 4171 usque

274 4194 315 4258 ad
343 4193 537 4277 Danubium,
566 4196 660 4260 cuius
690 4197 870 4261 donationis
899 4195 1102 4280 postmodum
1130 4195 1231 4257 factae
1260 4212 1280 4255 a
1307 4193 1399 4256 nobis
1430 4192 1581 4257 fratribus
1611 4211 1677 4256 me-

202 4322 239 4376 31
275 4299 404 4363 moratis
426 4299 616 4383 pristaldum
638 4301 784 4364 dedimus
805 4299 938 4382 Ypochz
960 4299 1088 4362 banum.
1111 4296 1334 4361 Concessimus
1356 4298 1451 4360 etiam
1474 4297 1593 4361 11111111
1615 4297 1677 4360 fra-

274 4403 386 4486 tribus,
410 4403 498 4485 quod
519 4422 617 4486 super
637 4402 774 4466 flurium
796 4401 853 4465 Alt
875 4421 933 4465 sex
957 4420 1056 4464 naves
1077 4406 1110 4464 et
1132 4419 1229 4484 super
1250 4400 1385 4464 flurium
1409 4401 1496 4464 Mors
1518 4420 1577 4465 sex
1600 4401 1678 4465 alias

274 4526 374 4572 nares
395 4507 532 4571 habeant
553 4506 669 4570 liberas
698 4525 755 4588 per
785 4509 886 4568 totum
912 4523 1046 4588 regnum
1068 4510 1214 4567 nostrum
1245 4504 1327 4569 sales
1350 4505 1529 4568 deferentes
1550 4506 1585 4567 in
1607 4505 1678 4569 des·

275 4611 440 4676 candendo
470 4630 529 4674 nec
560 4629 625 4673 non
655 4609 733 4673 alias
763 4628 814 4673 res
843 4609 876 4670 in
899 4606 1099 4672 ascendendo
1122 4607 1304 4690 referentes,
1328 4614 1360 4672 et
1390 4608 1573 4672 salifodinas
1596 4627 1678 4689 quae

275 4714 390 4778 Alana
422 4719 580 4778 vocantur
613 4713 807 4778 sufficientes
841 4713 879 4775 ad
914 4712 985 4775 illas
1018 4711 1186 4775 duodecim
1219 4731 1318 4776 naves
1350 4712 1449 4777 libere
1482 4713 1678 4793 ubicumque

205 4840 242 4893 40
277 4818 440 4882 voluerint
461 4819 581 4882 eisdem
603 4818 819 4881 concessimus
834 4816 869 4878 in
891 4820 1089 4898 perpetuum.
1111 4815 1193 4878 Item
1209 4817 1434 4897 concessimus,
1450 4816 1536 4898 quod
1553 4815 1678 4879 nullum

278 4921 435 4985 tributum
457 4920 593 4985 debeant
620 4921 802 5004 persolvere
824 4939 883 4984 nec
905 4919 1014 5003 populi
1037 4938 1158 5001 eorum,
1180 4938 1253 4982 cum
1280 4920 1463 4983 transierint
1484 4939 1542 5003 per
1564 4925 1680 4983 terram

434 5114 454 5176 ¹)
472 5110 500 5164 B
517 5109 576 5163 aad
596 5108 630 5164 0:
648 5112 708 5177 post
724 5112 890 5177 praesentem
908 5123 1023 5161 cursum.

433 5199 455 5262 ¹)
473 5196 515 5250 B:
532 5195 762 5249 Thevtuniccrum.

434 5284 456 5349 ⁸)
477 5282 660 5351 0111111111.

206 5368 242 5421 45
432 5370 455 5436 ⁴)
472 5366 510 5422 So
527 5368 555 5421 B
572 5368 631 5422 aad
651 5368 678 5436 0,
702 5368 833 5437 Vorlape:
851 5367 1006 5437 pristallum.

435 5457 456 5526 ⁸)
473 5456 514 5509 B.-
533 5455 651 5510 Faustae.
