4084 6302
889 729 903 735 ..
926 641 1043 735 ,435-

265 836 468 913 compensata
491 829 643 912 qualitate
666 836 698 893 et
714 830 891 911 quantitate
906 828 1058 902 eiusdem,
1073 847 1131 911 per
1147 846 1301 890 novarum
1318 831 1475 890 metarum
1491 825 1666 889 erectiones

265 936 296 997 in
322 940 387 997 tres
410 940 515 1017 partes
537 933 725 1014 coaequales
748 940 780 997 et
810 936 934 998 tertiam
967 940 1087 1017 partem
1111 931 1212 994 dictae
1236 930 1445 1013 possessionis
1468 937 1500 993 et
1522 929 1665 992 omnium

266 1038 439 1102 utilitatum
463 1038 604 1101 eiusdem
629 1045 749 1100 statuat
772 1039 849 1121 ipsis
873 1039 1001 1100 domino
1016 1036 1192 1100 Tatamerio
1210 1034 1341 1097 Albensi
1366 1033 1553 1116 praeposito,
1578 1032 1665 1096 lero

267 1150 299 1205 et
322 1142 481 1224 Stephano
504 1140 656 1204 fratribus
679 1142 746 1204 suis
764 1149 917 1225 perpetuo
934 1140 1166 1225 possidendam,
1189 1138 1214 1201 si
1232 1158 1296 1199 non
1312 1137 1409 1200 fuerit
1423 1135 1665 1216 contradictum,

213 1254 229 1304 ὁ
267 1245 515 1309 contradictores
537 1245 563 1307 si
584 1246 640 1327 qui
655 1246 784 1327 brerint„
807 1252 916 1308 corrtra
934 1244 1061 1308 eosdem
1078 1243 1117 1306 ad
1133 1243 1345 1326 praesentiam
1359 1240 1496 1303 Thomas
1513 1239 1666 1302 vairodae

263 1348 479 1413 Transsiluaui
503 1350 640 1432 proximi
663 1350 763 1412 nostri
786 1349 889 1413 citetis
911 1348 951 1411 ad
976 1348 1146 1411 terminum
1169 1349 1408 1429 competentem.
1430 1343 1473 1407 Et
1494 1343 1666 1427 posthaec

265 1455 349 1517 (liam
360 1454 528 1533 citationis
540 1454 713 1517 terminum
725 1454 930 1534 assignatum,
943 1453 1072 1515 nomina
1083 1451 1251 1513 citatorum
1264 1468 1336 1511 oum
1349 1447 1497 1512 cursibus
1508 1455 1665 1512 metarum

266 1559 430 1639 totiusque
461 1558 533 1621 facti
566 1558 647 1621 serie
677 1557 812 1621 fideliter
843 1558 903 1640 ipsi
933 1557 1069 1620 Thomas
1093 1554 1247 1617 vaivodae
1269 1552 1458 1633 rescribafin,
1481 1556 1514 1615 et
1536 1552 1562 1616 si
1585 1571 1667 1636 opus

266 1662 363 1725 frierit
386 1661 529 1744 partibus
551 1660 728 1744 praedictas
750 1660 858 1724 literas
881 1666 1003 1723 vestras
1025 1658 1237 1743 privilegiales
1261 1656 1312 1720 vel
1328 1661 1471 1740 patentes
1487 1675 1584 1739 super
1598 1656 1667 1739 ipsa

200 1772 232 1821 10
267 1765 424 1828 divisione
439 1765 579 1828 emanari
594 1766 725 1828 faciatis.
748 1764 865 1828 Datum
887 1764 918 1826 in
936 1763 1128 1845 Wissegrad,
1151 1763 1183 1824 in
1199 1763 1281 1825 festo
1297 1760 1381 1824 beati
1396 1760 1513 1824 Mathai
1530 1760 1665 1844 apostoli

266 1869 541 1952 aevangelistae,
564 1888 649 1932 anno
672 1868 792 1932 domini
815 1867 864 1931 ltl⁰
886 1867 978 1931 0000
999 1865 1117 1929 XXX⁰
1139 1865 1288 1930 secundo.

922 2160 1017 2243 499.

344 2327 503 2416 Aviyaoa
530 2328 635 2397 1332
667 2326 819 2424 october*
839 2329 872 2395 4.
911 2326 1019 2415 Popst
1044 2322 1187 2394 Johuan
1216 2322 1346 2393 XXII.
1375 2322 1574 2411 beuuflrapt
1600 2321 1665 2392 dea

266 2446 480 2534 Erahischof
497 2471 562 2518 voa
592 2448 703 2533 Grau,
735 2448 799 2517 das
825 2446 988 2518 Beatham
1014 2468 1078 2516 voa
1095 2444 1239 2514 Milkow
1265 2443 1390 2514 wieder
1415 2443 1665 2532 casaurichtca.

200 2614 230 2663 lo
422 2610 534 2664 Druck:
553 2610 639 2676 sajo
655 2611 744 2665 Codex
761 2610 849 2677 VIII,
867 2613 893 2676 3,
911 2612 962 2663 635
979 2609 1047 2662 ohne
1059 2607 1251 2676 Bereichauaq
1262 2606 1311 2660 der
1324 2606 1423 2675 Quelle.
1435 2635 1470 2646 -
1482 2604 1667 2660 Danastium

371 2696 536 2751 Documenta
553 2701 607 2750 622
625 2698 695 2750 uach
715 2697 801 2763 chtr
818 2713 845 2749 a.
858 2712 885 2749 a.
901 2694 931 2749 0.

425 2872 566 2935 Joannes
597 2872 765 2955 episcopus
787 2920 915 2934 .....
944 2869 1178 2952 archiepiscopo
1201 2867 1441 2951 Strigomensi1)
1457 2916 1556 2930 .....
1578 2865 1667 2930 Licet

269 2996 311 3038 ex
336 2981 484 3058 suscepto
507 2996 526 3038 a
549 2976 641 3039 nobis
663 2976 859 3059 apostolatus
882 2973 984 3037 officio
1007 2973 1106 3036 menti
1130 2978 1257 3035 nostrae
1272 2974 1427 3035 instanter
1441 2971 1605 3035 immineat
1619 2971 1666 3033 vi-

267 3078 397 3159 gilantia
420 3079 570 3157 studiosa,
602 3086 638 3142 ut
661 3080 700 3142 de
723 3079 927 3142 ecclesiarum
950 3076 1126 3139 honoribus
1155 3081 1187 3139 et
1208 3075 1403 3159 profectibus
1426 3075 1559 3139 sollicite
1581 3075 1666 3158 cogi-

198 3195 232 3245 ·20
269 3191 372 3246 temus
395 3190 427 3245 et
450 3183 540 3245 utin
565 3183 627 3246 illis
643 3183 814 3261 exsultent,
838 3181 1053 3271 ephibeamus,
1079 3186 1235 3261 quantum
1258 3179 1350 3242 nobis
1366 3179 1504 3261 dignatio
1521 3179 1666 3242 caelestis

266 3285 419 3368 indulget
442 3305 534 3369 opem
558 3293 589 3349 et
612 3305 739 3368 operam
756 3286 906 3350 efficaces.
929 3286 988 3349 Est
1003 3292 1108 3348 tamen
1132 3284 1262 3346 insitum
1286 3283 1373 3346 cordi
1395 3289 1515 3366 nostro,
1537 3287 1575 3346 ut
1589 3283 1666 3365 ipsis

266 3390 407 3453 ecclesiis
429 3410 604 3471 earumque
635 3391 761 3473 populis
791 3390 977 3474 praesertim
1007 3389 1040 3451 in
1064 3387 1150 3450 orbis
1174 3392 1276 3451 terrae
1299 3387 1495 3450 Christianae
1521 3386 1666 3450 culturae

266 3493 384 3575 ignaris
407 3494 550 3575 partibus
566 3494 708 3556 finitimis
724 3494 914 3573 constitutis,
937 3500 975 3556 ut
998 3492 1161 3555 illucescat
1183 3492 1216 3554 in
1238 3492 1283 3555 eis
1300 3491 1450 3574 splendor
1465 3491 1666 3573 evangelicae

266 3598 408 3660 veritatis
438 3618 562 3661 necnon
597 3598 748 3661 ecclesiae
779 3598 865 3681 ipsae
895 3598 926 3659 in
959 3598 1026 3661 suis
1050 3595 1142 3658 bonis
1172 3601 1204 3658 at
1226 3595 1258 3657 in
1282 3594 1349 3658 suis
1370 3594 1464 3658 bonis
1489 3600 1521 3657 et
1542 3594 1666 3658 iuribus

197 3715 231 3765 ao
268 3701 328 3763 iam
360 3702 535 3784 prostratis,
565 3701 676 3765 salufis
707 3702 735 3764 ei
768 3701 993 3785 prosperitatis,
1025 3700 1158 3763 dextera
1188 3698 1307 3761 domini
1338 3699 1474 3762 iaciente
1504 3698 1665 3780 virtutem,

266 3805 371 3869 felicia
386 3807 582 3870 incrementa
598 3806 759 3889 recipiant,
775 3805 965 3889 apostolicae
981 3803 1212 3887 cooperationis
1227 3801 1420 3885 praesidium
1435 3802 1666 3885 impendamus,

266 3928 349 3990 quae
381 3916 476 3991 prout
497 3908 560 3971 fida
583 3930 655 3993 spes
677 3911 829 3992 suggerit
859 3915 996 3992 possunt
1017 3907 1232 3971 verisimiliter
1257 3905 1435 3989 provenire,
1466 3906 1491 3970 si
1515 3905 1666 3970 ecclesiae

267 4012 346 4075 tales
376 4014 616 4076 committantur
638 4014 796 4095 regendae
820 4021 851 4076 et
874 4013 968 4076 etiam
992 4009 1217 4094 gubernandae
1247 4010 1392 4093 personis
1414 4008 1567 4091 religione
1589 4028 1665 4073 con-

266 4116 384 4198 spicuis
408 4125 439 4178 et
461 4115 603 4199 probatis
625 4124 657 4179 ot
680 4117 834 4179 virtutum
859 4114 959 4178 titulis
982 4114 1149 4196 insignitis.
1183 4112 1296 4196 Nuper
1321 4112 1479 4195 siquidem
1505 4112 1546 4175 ad
1575 4112 1666 4176 audi·

198 4231 233 4283 30
269 4220 385 4282 entiam
410 4227 549 4282 nostram
573 4220 683 4283 relatio
707 4220 769 4282 fide
793 4219 889 4301 digna
910 4218 1072 4301 produxit,
1095 4218 1181 4298 quod
1205 4218 1405 4300 episcopatus
1424 4214 1665 4300 Myllrouiensis,

266 4325 298 4385 in
324 4342 421 4406 reguo
438 4323 632 4406 Huugariae,
655 4324 687 4385 in
709 4322 828 4386 finibus
843 4322 992 4385 videlicet
1005 4321 1209 4383 Tartarorum
1232 4339 1273 4384 ex
1296 4320 1485 4384 inhibitione
1500 4320 1666 4384 ordinatus

266 4428 406 4507 antiqua,
437 4436 628 4509 atempore,
660 4446 724 4509 quo
748 4427 822 4489 dicti
845 4426 965 4488 Tartari
996 4430 1142 4507 potenter
1172 4423 1291 4487 dictum
1315 4443 1449 4506 regnum
1477 4442 1535 4488 seu
1556 4429 1664 4507 partes

267 4530 438 4612 Hungaras
460 4531 539 4613 proh
556 4529 647 4593 dolor
663 4532 872 4609 intraverunt,
895 4530 957 4592 fuit
978 4547 1036 4611 per
1058 4546 1112 4590 eos
1135 4526 1246 4591 fatales
1268 4533 1301 4591 et
1323 4546 1436 4592 saevos
1458 4527 1588 4590 omnino
1612 4527 1666 4590 de·

266 4639 408 4697 structus
431 4640 463 4696 et
485 4634 618 4697 ecclesia
640 4635 740 4717 ipsius
762 4635 964 4717 episcopatus
986 4632 1132 4695 funditus
1154 4632 1336 4715 exstirpata,
1367 4631 1534 4696 exstinctis
1557 4636 1589 4695 et
1612 4631 1666 4696 de·

197 4750 231 4799 35
267 4737 386 4799 functis
407 4738 596 4801 successivis
625 4738 740 4801 deinde
770 4738 966 4821 temporibus
989 4737 1151 4800 canonicis
1174 4734 1324 4799 ecclesiae
1347 4739 1421 4798 ante
1443 4734 1546 4798 diotae
1572 4735 1666 4798 acin

266 4841 495 4922 exstirpatione
518 4847 550 4903 et
573 4842 788 4905 destructione
812 4839 994 4904 huiusmodi
1016 4858 1120 4921 usque
1143 4840 1182 4901 ad
1206 4839 1283 4902 haec
1307 4843 1450 4921 tempora
1464 4838 1666 4921 episcopatus

266 4946 333 5027 ipse
364 4951 542 5027 prostratus
572 4946 695 5007 exstitit
717 4951 749 5008 et
772 4945 906 5023 exsistit
937 4942 1201 5028 possessionibus,
1228 4941 1321 5004 bonis
1344 4946 1376 5005 et
1397 4941 1522 5005 iuribus
1544 4942 1666 5025 episco-

266 5055 360 5131 patus
394 5056 426 5111 et
457 5048 608 5112 ecclesiae
642 5049 855 5131 praefatorum
895 5068 914 5110 a
946 5047 1130 5130 potentibus
1163 5044 1288 5108 illarum
1324 5046 1462 5128 partium
1495 5046 1665 5129 occupatis,

267 5152 418 5233 quodque
448 5171 505 5235 per
535 5152 684 5216 dilectum
715 5151 815 5214 filium
840 5152 950 5215 Vitum
981 5150 1021 5214 de
1047 5149 1269 5232 Monteferrso‚
1300 5147 1420 5212 ordinis
1450 5149 1584 5212 fratrum
1606 5147 1665 5211 Mi·

196 5266 231 5317 lo
267 5274 392 5327 norum,
423 5275 517 5337 quem
551 5258 623 5337 rita
653 5256 804 5335 moribus,
836 5255 976 5335 scientia,
1005 5253 1157 5318 fidelitate
1188 5261 1220 5316 et
1246 5252 1444 5334 experientia
1472 5252 1540 5317 fore
1570 5252 1610 5315 ad
1633 5252 1665 5315 id

266 5366 384 5442 aptum,
408 5360 518 5423 relatio
533 5360 677 5442 perhibet
691 5379 789 5442 supra
805 5359 896 5421 diem.
924 5357 956 5422 Si
973 5358 1013 5422 de
1028 5377 1065 5421 eo
1087 5376 1145 5440 per
1160 5356 1360 5420 clementiam
1376 5355 1665 5440 sedisapostolicae

370 5474 653 5581 Waadiaus.
734 5500 738 5507 Δ
