4048 6284
885 605 1040 700 *ὄζ-

267 798 391 861 minum
413 800 654 879 competentem,
677 814 742 877 quo
766 800 875 858 nostro
891 812 925 857 se
940 791 1125 876 conspectui
1139 794 1387 874 repraesentent,
1402 790 1518 854 iustam
1534 794 1663 852 auctore

267 901 395 965 domino
424 900 613 964 sententiam
643 905 836 982 recepturae.
876 898 985 961 Testes
1013 902 1120 959 autem
1152 895 1208 976 qui
1237 894 1357 958 tuerint
1387 893 1541 957 nominati
1570 893 1598 956 si
1628 911 1663 955 se

267 1005 375 1088 gratie,
406 1003 478 1067 odio
510 1003 561 1067 rel
584 1004 697 1066 timore
729 1001 957 1081 subtraxerint,
987 1018 1123 1063 censura
1155 998 1251 1062 simili
1279 996 1490 1081 appellatione
1520 1002 1663 1060 cessante

267 1126 361 1190 cogas
382 1108 509 1170 veritati
523 1106 743 1171 testimonium
756 1103 931 1188 perhibere,
947 1122 1012 1166 non
1036 1101 1235 1166 obstantibus
1257 1102 1357 1164 literis
1380 1120 1477 1185 snper
1500 1100 1549 1163 his
1570 1100 1610 1163 ad
1626 1143 1662 1162 ..

215 1218 233 1270 5
268 1209 508 1274 cracoviensem
541 1215 574 1273 et
596 1254 605 1272 .
629 1254 637 1271 .
661 1208 883 1272 Ouiariensem
916 1206 1082 1289 episcopos
1115 1225 1134 1268 a
1165 1206 1240 1269 sede
1273 1204 1446 1289 apostolica
1478 1203 1662 1286 impetratis.

266 1313 385 1377 Datum
405 1312 580 1397 Anagniae,
602 1312 642 1376 n
665 1311 826 1376 Kalendas
856 1308 1058 1395 Septembris,
1087 1307 1291 1391 pontificatus
1321 1308 1421 1371 nostri
1453 1326 1537 1371 anno
1561 1312 1662 1370 sexto.

931 1638 996 1721 db·

346 1818 489 1910 Ancpaa'
522 1822 628 1892 1232
668 1819 813 1891 Ottobcr
838 1821 903 1889 22.
957 1817 1066 1909 Popat
1095 1816 1229 1907 Grepcr
1255 1816 1325 1888 IX.
1365 1816 1564 1906 bacajtrapt
1598 1816 1664 1887 dea

268 1941 580 2031 Kardiaolkpotea
604 1940 765 2028 Jacobs,
807 1936 1198 2010 cassaincurte
1238 1937 1315 2009 dam
1348 1937 1663 2028 actamquae

202 2070 237 2126 10
270 2060 423 2151 Bisotcs
440 2062 514 2133 aad
539 2061 602 2132 der
627 2059 730 2132 Abtai
754 2059 1052 2132 Kolozsmoacstor
1076 2081 1121 2130 aa
1146 2059 1369 2131 miscteidaa.

421 2224 546 2295 apum
568 2224 777 2280 remmus
793 2222 905 2278 aaa.

420 2345 533 2400 Druec:
556 2344 682 2414 Baaycn
705 2343 796 2400 aaut
813 2347 855 2398 ra.
880 2343 968 2410 Feje
987 2341 1078 2398 maa
1095 2342 1158 2409 ΠΙ,
1181 2347 1207 2410 a,
1230 2346 1291 2398 ace.
1323 2342 1436 2398 raca
1456 2359 1484 2395 a.
1503 2341 1664 2396 mamea

370 2430 441 2485 stab.
464 2431 547 2486 Urkb.
565 2431 591 2499 I,
609 2434 652 2485 53.
673 2430 789 2484 Ποίων
807 2430 885 2484 Mon.
904 2429 1000 2498 Hunc.
1019 2430 1044 2497 I,
1063 2433 1122 2484 107.
1139 2429 1233 2484 rarae
1254 2428 1405 2484 caracter
1422 2430 1448 2495 Ι,
1467 2433 1508 2484 17.

421 2551 533 2620 Rapaci:
551 2550 678 2605 Portant
697 2550 814 2620 Repeeta
830 2550 884 2604 Nr.
903 2552 980 2606 9023.

199 2733 232 2787 15
422 2725 595 2808 Gregorius
624 2726 791 2809 episcopus
821 2773 948 2788 .....
977 2725 1092 2789 dilecto
1117 2724 1183 2788 filio
1206 2770 1215 2788 .
1239 2724 1279 2803 .¹)
1308 2724 1408 2788 electo
1431 2723 1665 2803 Praenestrino,

267 2828 457 2913 apostolicae
472 2828 556 2893 sedis
570 2828 673 2912 legato
690 2828 824 2892 salutem
840 2877 939 2891 .....
954 2827 1157 2911 significante
1172 2827 1346 2892 venerabili
1359 2827 1456 2890 fratre
1471 2831 1580 2890 nostro
1599 2871 1608 2889 .
1625 2824 1664 2904 Ἀ)

266 2932 481 2997 Uitrasilvano
504 2933 661 3016 episcopo,
689 2951 748 2996 uos
770 2932 899 2996 noveris
921 2931 1088 3015 accepisse,
1118 2932 1205 3013 quod
1227 2951 1301 2996 cum
1323 2950 1382 2995 nos
1404 2929 1527 2993 dudum
1549 2929 1663 2993 dilecto

263 3032 330 3097 filio
351 3032 464 3118 Egidio
488 3034 683 3099 subdiacono
712 3041 744 3099 et
758 3034 927 3119 ‘capellano
950 3039 1060 3098 nostro
1083 3041 1160 3098 tunc
1186 3036 1221 3097 iu
1243 3034 1386 3117 Ungaria
1407 3032 1558 3097 existenti
1579 3051 1665 3096 com-

264 3137 461 3200 misissemus
482 3156 621 3219 causam,
649 3156 731 3219 quae
752 3139 837 3201 inter
858 3138 964 3222 ipsum
986 3156 1028 3201 ex
1049 3143 1139 3221 parte
1161 3157 1228 3201 una
1249 3143 1281 3201 et
1303 3182 1312 3200 .
1336 3182 1345 3200 .
1367 3136 1514 3200 abbatem
1535 3140 1568 3200 et
1589 3155 1665 3199 con·

198 3246 232 3303 20
266 3244 399 3304 ventum
427 3241 612 3305 monasterii
646 3240 685 3304 de
716 3239 813 3305 Clusa
838 3240 1072 3305 Uitrasilvanae
1101 3240 1235 3303 diocesis
1261 3258 1304 3304 ex
1331 3239 1430 3303 altera
1458 3258 1554 3322 super
1580 3244 1665 3302 statu

265 3343 408 3408 ciusdem
430 3344 615 3408 monasterii
637 3343 834 3427 dignoscitur
855 3344 976 3427 agitari,
1002 3350 1035 3408 et
1054 3344 1140 3408 idem
1162 3362 1291 3407 causam
1313 3344 1352 3407 de
1374 3342 1665 3425 utriusquepartis

265 3466 399 3512 assensu
413 3448 453 3510 ad
468 3466 605 3512 emmen
619 3446 703 3511 sedis
718 3447 908 3531 apostolicae
928 3448 1110 3528 remisisset,
1133 3446 1193 3512 sub
1208 3466 1312 3530 poena
1326 3446 1665 3511 excommunicationis

264 3551 409 3635 partibus
437 3550 644 3634 iniungendo,
671 3552 764 3614 utin
795 3552 916 3615 octavis
941 3551 1085 3614 omnium
1113 3554 1296 3614 sanctorum
1324 3550 1389 3613 iam
1412 3550 1578 3614 transactis
1607 3568 1665 3633 per

265 3671 300 3717 se
322 3652 374 3717 vel
396 3657 619 3737 procuratores
648 3655 781 3719 idoneos
803 3659 912 3717 nostro
935 3673 970 3718 se
992 3653 1177 3738 conspectui
1198 3657 1446 3735 praesentarent,
1476 3654 1559 3717 sicut
1579 3652 1664 3715 idem

200 3764 232 3819 25
267 3756 450 3840 capellanus
460 3757 626 3822 confessus
641 3758 701 3821 tuit
711 3757 915 3841 postmodum
926 3759 961 3821 in
975 3762 1085 3821 nostra
1096 3764 1128 3821 et
1139 3756 1272 3819 tranum
1289 3760 1471 3821 nostrorum
1487 3756 1666 3839 praesentia

265 3861 467 3941 constitutus,
481 3859 556 3925 licet
566 3861 601 3923 in
610 3859 753 3944 praefixo
770 3863 904 3925 termino
920 3881 1027 3925 coram
1037 3862 1131 3925 nobis
1146 3862 1360 3944 comparuerit
1371 3860 1514 3925 eiusdem
1525 3860 1665 3944 episcopi

263 3968 459 4048 procurator,
479 3983 537 4047 pro
551 3969 641 4048 parte
660 3968 767 4028 tamen
784 3965 1031 4047 praemissorum
1052 3964 1176 4028 abbatis
1198 3970 1231 4029 et
1248 3969 1427 4028 conventus
1447 3963 1556 4027 nuilus
1579 3982 1665 4026 oom-

263 4068 369 4151 paruit
390 4067 590 4151 responsalis.
616 4067 711 4137 Unde
733 4087 792 4131 nos
814 4068 900 4151 ipsos
922 4069 1040 4132 iterum
1061 4069 1195 4133 fecimus
1216 4087 1274 4152 per
1297 4067 1511 4132 venerabilem
1533 4066 1663 4130 nauem

264 4176 410 4235 nostr-um
433 4215 441 4232 .
466 4168 507 4248 .⁸)
531 4170 715 4254 episcopum
731 4170 959 4234 cenadiensem
980 4171 1072 4233 citari
1091 4171 1208 4235 festum
1230 4171 1406 4235 nativitatis
1420 4170 1532 4234 beatae
1546 4168 1664 4232 Mariae

199 4277 232 4333 ³0
264 4274 410 4357 proxime
432 4274 495 4336 iam
517 4278 713 4339 transactum
735 4293 793 4358 pro
816 4273 1029 4357 peremptorio
1053 4275 1251 4357 assignantes
1278 4274 1406 4357 eisdem,
1428 4272 1580 4353 adquam
1602 4272 1664 4354 ipsi

265 4396 324 4441 nec
338 4378 457 4462 uenire,
477 4395 536 4441 nec
550 4395 608 4460 pro
625 4395 659 4441 se
673 4383 911 4460 procuratorem
926 4376 1078 4441 idoneum
1092 4378 1217 4441 mittere
1232 4383 1436 4457 curaverimt,
1455 4384 1660 4459 procuratore

265 4480 327 4544 iam
357 4480 433 4545 dicti
453 4479 592 4564 episcopi
614 4480 699 4563 apud
721 4479 830 4543 sedem
859 4480 1063 4564 apostolicam
1086 4485 1300 4563 exspectante.
1330 4480 1484 4544 Veientes
1507 4479 1604 4562 igitur
1626 4484 1665 4542 ut

264 4581 337 4647 finis
357 4582 468 4647 litibus
489 4582 680 4666 imponatur,
701 4582 898 4666 mandamus,
922 4590 1089 4665 quatenus,
1112 4584 1138 4647 si
1161 4589 1211 4647 est
1230 4583 1284 4666 ita,
1307 4582 1420 4646 abbate
1442 4602 1479 4646 ac
1501 4586 1663 4646 conventu

264 4686 451 4769 praedictis·
471 4705 512 4749 ne
535 4686 575 4750 de
597 4705 657 4751 sua
678 4687 802 4770 possint
831 4688 1031 4750 contumacia
1055 4687 1192 4770 gloriari,
1215 4687 1356 4770 praefato
1380 4687 1527 4770 episcopo
1550 4685 1585 4747 in
1607 4703 1663 4758 en-

203 4793 235 4847 35
267 4790 374 4872 pensis
403 4789 566 4853 taxatione
599 4790 791 4873 competenti
813 4790 1004 4874 praehabita,
1037 4790 1263 4872 condemnatis,
1295 4790 1440 4874 partibus
1472 4789 1664 4868 convocatis,

265 4891 374 4955 audias
404 4910 532 4955 causam
562 4897 595 4956 et
624 4893 888 4957 contrafacientes
910 4942 1038 4956 .....
1064 4899 1161 4958 testes
1185 4943 1313 4956 .....
1346 4892 1465 4956 Datum
1488 4893 1662 4976 Anagniae,

265 4993 321 5058 XL
343 4993 504 5059 Kalendas
525 4994 725 5077 Novembris,
747 5015 832 5059 anno
855 5001 956 5059 sext,

421 5163 443 5230 ¹)
460 5162 590 5218 Jccobas.

421 5248 444 5317 ⁸)
462 5246 637 5320 Baucide·

203 5332 239 5388 ao
422 5333 599 5404 pamm,
616 5335 734 5393 auae.
