4086 6300
979 598 1134 693 —430-

1014 819 1103 902 471.

434 1001 539 1071 1329
556 998 744 1071 December
766 1002 799 1069 6.
827 1000 945 1091 Kdaip
961 1001 1058 1073 Karl
1083 1001 1241 1093 bastdtiqt
1266 1002 1358 1074 seiae
1384 999 1548 1073 Urkmtdc
1573 1023 1638 1072 voa
1654 1003 1760 1072 1322

358 1120 425 1192 Nr.
456 1123 542 1192 388
569 1121 753 1210 betreffcad
778 1121 834 1193 die
860 1121 1057 1194 Freilrcitea
1084 1123 1143 1194 das
1174 1121 1559 1195 caeraeaserttosters
1584 1123 1690 1195 Kera

518 1284 594 1353 orep
612 1284 693 1353 Perp.
713 1284 893 1339 Hermanaat.
912 1286 1022 1340 Archiv.
1047 1286 1247 1355 Doppclat'epel,
1266 1286 1445 1353 Brucbatrlclt,
1462 1286 1571 1341 weiaeae
1594 1285 1703 1353 Waebe,
1722 1303 1761 1340 aa

461 1371 626 1440 pelli-rolla&
644 1370 846 1425 Seideaeclraur
864 1372 1028 1442 aapebrtnpt,
1046 1373 1166 1427 dersclbe
1184 1372 1301 1442 Stampel
1318 1374 1368 1428 wia
1386 1374 1513 1428 111105.
1795 1374 1813 1427 5

514 1492 627 1547 Druck:
647 1492 734 1559 aare
755 1492 844 1547 Codex
867 1493 956 1561 VIII,
973 1497 999 1561 3,
1017 1497 1078 1547 360.
1106 1493 1479 1562 Τνα11111111111871,161.

515 1613 700 1669 Bracbatriclt:
719 1614 806 1680 Fejlr
826 1612 917 1669 (iodea
938 1614 1027 1683 VIII,
1045 1618 1071 1683 3,
1088 1618 1148 1670 364.

517 1785 681 1873 [Klarolus
690 1788 711 1867 ¹)
728 1790 1097 1874 deigratiaHungariae,
1109 1789 1298 1873 Dalmaciae,
1311 1789 1607 1873 Oroaciae,Ran1ac,
1619 1788 1759 1871 Seruiae,

361 1891 519 1974 Galliciae,
548 1891 764 1977 Lodomeriae,
795 1894 968 1959 Gumauiae
995 1893 1229 1977 Bulgariaeque
1251 1914 1320 1976 rex,
1350 1895 1497 1978 princeps
1529 1893 1760 1958 Sallemitauus

360 2003 392 2060 et
414 1997 544 2059 honoris
566 1998 683 2060 montis
706 1998 807 2061 sancti
826 1997 943 2081 Angeli
965 1998 1114 2061 domiuus
1137 1998 1286 2063 omnibus
1301 1998 1418 2063 Christi
1440 1997 1588 2061 fidelibus
1610 2016 1759 2081 praesen·
1797 2003 1832 2057 10

362 2100 449 2164 tibus
471 2105 504 2165 et
525 2100 642 2164 futuris
664 2104 880 2185 praesentium
903 2102 1048 2164 notitiam
1065 2102 1220 2166 habituris
1236 2101 1370 2167 salutern
1386 2104 1419 2165 in
1436 2102 1580 2166 omniurn
1595 2101 1760 2165 salvatore.

366 2204 446 2268 Cum
470 2225 489 2267 a
511 2204 603 2268 nobis
626 2206 754 2289 petitur,
778 2206 864 2287 quod
878 2207 1000 2268 iustum
1015 2211 1064 2268 est
1080 2211 1111 2269 et
1125 2205 1304 2287 honestum,
1324 2205 1416 2270 decet
1430 2205 1627 2268 maiestatem
1642 2203 1759 2287 regiam

364 2308 487 2372 facilem
510 2307 661 2392 praebere
684 2328 876 2372 consensum
899 2309 934 2370 in
949 2309 1009 2371 hiis
1024 2310 1220 2392 praesertim,
1244 2328 1326 2390 quae
1342 2310 1493 2373 videntur
1508 2313 1636 2372 sanctae
1650 2309 1761 2371 matris

365 2412 516 2476 ecclesiae
538 2412 712 2475 commodis
736 2412 856 2476 utiliter
877 2413 1057 2475 convenire.
1084 2411 1132 2475 Ea
1153 2418 1284 2496 propter
1306 2413 1345 2475 ad
1369 2413 1594 2476 universorum
1616 2412 1762 2475 notitiam

364 2517 478 2580 harum
510 2516 592 2579 serie
625 2516 775 2580 volumus
806 2517 983 2599 pervenire,
1017 2516 1103 2599 quod
1134 2517 1288 2580 accedens
1317 2517 1357 2580 ad
1388 2522 1529 2580 nostram
1551 2516 1761 2599 praesentiam
1797 2522 1831 2574 15

363 2620 531 2703 religiosus
564 2626 596 2683 et
626 2619 685 2683 deo
714 2619 858 2682 amabilis
886 2620 936 2682 vir
965 2620 1062 2684 irater
1091 2620 1255 2684 lohannes
1289 2620 1386 2683 abbas
1419 2618 1604 2683 monasterii
1634 2624 1762 2682 sanctae

363 2722 482 2787 Mariae
505 2723 545 2787 de
567 2722 673 2786 Kerch
695 2723 816 2787 ordinis
839 2723 1068 2804 Cystersiensis
1090 2744 1148 2787 suo
1172 2731 1204 2787 et
1226 2730 1406 2788 conventus
1421 2724 1564 2788 eiusdem
1579 2722 1763 2787 monasterii

364 2828 494 2891 nornine
517 2826 662 2891 exhibuit
685 2826 777 2890 nobis
801 2827 955 2909 quasdam
977 2826 1086 2891 literas
1108 2833 1233 2891 noscas
1252 2828 1465 2912 privilegiales
1480 2847 1578 2911 super
1592 2825 1763 2890 donatione

366 2931 521 2995 libertatis
542 2931 644 3014 ipsius
667 2929 818 2994 ecclesiae
841 2937 873 2993 et
894 2930 1088 3013 populorum
1111 2952 1244 2995 suorum
1266 2932 1461 3014 ubicumque
1481 2930 1688 2995 existentium
1703 2928 1763 2992 sub

363 3035 461 3117 priori
490 3041 522 3099 et
545 3035 677 3116 antiquo
701 3033 804 3117 sigillo
827 3040 936 3098 nostro
960 3035 1044 3098 tacta
1066 3037 1226 3099 confectas
1249 3041 1281 3099 et
1304 3036 1427 3099 habitas
1448 3034 1630 3119 supplicans
1653 3038 1761 3096 nostro
1798 3038 1834 3092 20

367 3139 499 3202 culmini
522 3138 683 3202 humiliter
705 3144 738 3202 et
759 3137 882 3221 devote,
906 3144 942 3202 ut
956 3140 1042 3223 ipsas
1057 3140 1165 3204 literas
1181 3147 1306 3204 nostras
1321 3139 1533 3223 privilegiales
1548 3144 1633 3202 ratas
1647 3136 1763 3200 habere

366 3248 399 3307 et
422 3243 462 3306 ad
483 3241 656 3306 firmiorem
689 3242 740 3305 sui
762 3261 819 3305 seu
842 3242 993 3307 eeclesiae
1016 3245 1195 3328 praedictae
1216 3244 1334 3308 iurium
1358 3243 1632 3307 conservationem
1654 3247 1763 3304 nostro

366 3346 532 3430 privilegio
562 3344 750 3409 confirmare
777 3346 816 3410 de
838 3345 1034 3429 benignitate
1057 3348 1144 3431 regia
1165 3347 1377 3430 dignaremur.
1413 3346 1556 3424 Quarum
1578 3350 1671 3409 tenor
1692 3344 1765 3408 talis

367 3454 423 3512 est
445 3448 550 3532 (Folqt
572 3449 620 3512 dr'c
646 3446 793 3512 Urlrandc
815 3448 866 3513 dcc
889 3448 1009 3533 Konips
1029 3449 1113 3514 Karl
1134 3471 1191 3514 oon
1213 3452 1302 3513 1322
1323 3450 1380 3515 Nr.
1402 3451 1495 3532 388.)
1516 3450 1584 3514 Nos
1606 3448 1764 3531 siquidem

366 3554 457 3616 iustis
486 3560 519 3617 et
546 3553 694 3635 legitimis
724 3552 873 3635 precibus
902 3554 1045 3618 eiusdem
1076 3554 1196 3618 domini
1218 3555 1374 3620 Iohannis
1405 3555 1527 3618 abbatis
1549 3553 1765 3617 favorabiliter
1799 3558 1833 3613 25

365 3657 509 3720 inclinati
531 3676 608 3720 suae
631 3656 810 3720 devotionis
833 3656 967 3721 obtentu
990 3659 1167 3741 praedictas
1191 3658 1299 3722 literas
1318 3659 1531 3742 privilegiales
1545 3679 1612 3722 non
1627 3658 1764 3739 abrasas,

366 3779 434 3823 non
455 3760 644 3824 cancellatas
666 3761 783 3824 necin
805 3760 913 3842 aliqua
934 3763 984 3825 sui
1008 3769 1098 3845 parte
1122 3763 1249 3825 vitiatas
1271 3763 1310 3825 de
1333 3762 1432 3826 verbo
1455 3763 1495 3825 ad
1518 3762 1653 3826 verbum
1675 3780 1765 3845 prae-

367 3864 512 3929 sentibus
531 3865 674 3946 insertas,
698 3883 779 3946 quas
793 3864 936 3948 diligenti
953 3866 1189 3930 examinatione
1204 3865 1387 3949 praehabita
1402 3886 1503 3948 veras,
1525 3866 1626 3930 iustas
1640 3866 1765 3947 riteque

368 3973 529 4033 emanatas
559 3968 744 4052 reperimus,
778 3968 811 4030 in
841 3968 990 4033 omnibus
1021 3969 1088 4034 suis
1119 3969 1270 4033 clausulis
1300 3969 1522 4053 approbamus,
1555 3974 1765 4054 acceptamus,

367 4071 561 4138 ratificamus
583 4077 616 4137 et
637 4071 740 4135 eidem
763 4071 915 4136 ecclesiae
936 4071 1041 4136 Kerch
1065 4073 1104 4138 de
1126 4074 1341 4157 praelatorum
1363 4080 1395 4137 et
1409 4073 1567 4137 baronum
1581 4078 1764 4137 nostrorum
1799 4077 1834 4132 30

368 4177 500 4241 consilio
532 4181 565 4241 et
593 4194 753 4240 consensu
782 4181 814 4239 et
844 4175 883 4239 de
913 4176 1111 4259 plenitudine
1141 4178 1246 4261 regiae
1275 4178 1440 4260 potestatis
1461 4197 1503 4242 ex
1526 4182 1613 4241 certa
1635 4176 1767 4241 scientia

368 4280 544 4364 praesentis
569 4279 677 4363 scripti
699 4279 873 4363 patrocinio
896 4280 1050 4345 valituras
1072 4287 1226 4364 perpetuo
1250 4280 1483 4344 confirmamus.
1513 4280 1553 4343 In
1574 4281 1667 4344 cuius
1689 4299 1766 4343 con·

368 4384 556 4448 firmationis
586 4390 619 4447 et
640 4383 877 4467 approbationis
899 4384 1085 4448 memoriam
1107 4390 1358 4468 perpetuamque
1380 4384 1560 4449 firmitatem
1583 4388 1766 4468 praesentes

369 4489 584 4552 concessimus
613 4486 721 4551 literas
750 4494 876 4551 nostras
906 4488 1118 4572 privilegiales
1145 4488 1280 4571 duplicis
1311 4488 1406 4572 sigilli
1434 4487 1535 4553 nostri
1557 4487 1634 4551 novi
1657 4493 1688 4551 et
1709 4507 1766 4550 au·

370 4592 502 4656 theutici
523 4591 700 4655 munimine
716 4591 886 4655 roboratas.
909 4590 1029 4656 Datum
1044 4612 1101 4676 per
1115 4611 1230 4655 manus
1245 4591 1373 4656 discreti
1388 4592 1449 4655 viri
1463 4591 1606 4674 magistri
1620 4589 1766 4654 Endreae
1800 4598 1834 4652 35

369 4696 520 4760 Albensis
551 4695 701 4759 ecclcsiae
724 4695 904 4779 praepositi,
936 4697 1027 4760 aulae
1060 4702 1187 4759 nostrae
1210 4695 1460 4760 vicecancellarii
1483 4694 1588 4759 dilecti
1611 4700 1643 4758 et
1664 4692 1767 4758 fidelis

370 4800 480 4883 nostri,
503 4819 587 4863 anno
611 4776 791 4862 (1011111111.
815 4777 900 4863 OOC.
923 4800 1076 4882 vigesimo
1099 4818 1195 4882 nono,
1222 4804 1335 4862 octavo
1358 4799 1436 4863 Idus
1457 4797 1651 4879 Decembris,
1677 4797 1767 4880 regui

371 4910 479 4969 autern
501 4904 603 4967 nostri
625 4922 709 4966 anno
734 4902 878 4966 similiter
900 4903 1053 4987 vigesimo
1077 4923 1171 4966 nono.
1200 4902 1444 4967 Venerabilibus
1466 4904 1501 4966 in
1524 4901 1648 4966 Christo
1670 4900 1768 4985 patri·

371 5009 432 5073 bus
465 5014 497 5072 et
530 5007 667 5071 dominis
697 5005 906 5090 strigoniensi
940 5007 1015 5071 sede
1048 5013 1191 5089 vacante,
1224 5006 1321 5071 tratre
1350 5006 1498 5071 Ladizlao
1532 5005 1766 5089 archiepiscopo

372 5112 546 5194 Colocensi,
561 5110 653 5174 aulae
667 5116 794 5175 nostrae
809 5110 1006 5193 cancellario,
1022 5110 1194 5175 Benedicto
1211 5109 1431 5192 Chanadieusi,
1449 5109 1581 5174 Nicolao
1596 5109 1767 5193 lauriensi,
1802 5115 1839 5171 40

372 5216 508 5300 Georgio
543 5214 736 5297 Sirimiensi,
772 5214 869 5278 fratre
902 5213 998 5278 Petro
1031 5213 1207 5297 Bonnensi,
1243 5212 1390 5278 Ladizlao
1424 5212 1768 5296 Quinqueecclesicnsi,

371 5321 503 5385 Andrea
515 5318 733 5401 lbausiluano,
752 5316 886 5381 Herrico
902 5317 1153 5402 Wesprimiensi,
1176 5317 1306 5382 Ohauad
1319 5318 1478 5402 Agrieusi,
1492 5316 1639 5382 Ladizlao
1654 5316 1768 5401 Zegre-

529 5472 550 5543 ι)
568 5470 662 5527 Mara
678 5470 729 5539 far
746 5469 780 5525 II
792 5470 849 5526 laer
862 5469 995 5540 palaemo.
