4086 6300
996 602 1151 697 „ava-

529 785 596 849 Nos
616 785 750 851 Thomas
772 786 886 852 Ruffus
914 789 1012 853 iudex
1042 790 1299 871 universitasque
1330 790 1507 854 iuratorum
1537 792 1704 856 consulum
1728 793 1774 856 ol·

374 888 480 952 vitatis
489 888 747 955 Coloswariensis
758 892 928 957 memoriae
936 895 1196 957 commendamus
1208 900 1319 957 tenore
1332 896 1547 977 praesentium
1559 895 1773 979 significantes

374 991 492 1074 quibus
514 995 644 1078 expedit
667 996 834 1078 universis,
867 997 952 1079 quod
975 998 1157 1061 constitutis
1179 1017 1286 1061 coram
1309 997 1401 1060 nobis
1422 999 1636 1081 prudentibus
1658 1004 1691 1064 et
1712 999 1773 1063 cir-

374 1098 565 1180 cumspectis
588 1098 664 1162 viris
688 1099 836 1182 magistro
858 1098 978 1163 Jacobo
998 1099 1195 1181 Bollryscher
1217 1100 1256 1164 ab
1280 1120 1346 1164 una
1361 1100 1630 1184 Sigismundoque
1652 1108 1773 1166 sertore

341 1216 347 1231 ·
374 1200 561 1265 concivibus
584 1202 701 1266 nostris
723 1210 813 1286 parte
836 1203 874 1266 ab
897 1202 997 1266 altera
1015 1207 1047 1267 et
1067 1222 1125 1286 per
1147 1204 1284 1268 eundem
1307 1204 1494 1287 magistrum
1508 1204 1665 1268 Jacobum
1680 1205 1773 1269 nobis
1807 1214 1823 1266 5

374 1304 572 1387 propositum
596 1306 718 1369 exstitit
740 1307 833 1371 vivae
847 1308 936 1370 vocis
952 1307 1081 1371 oraculo
1104 1308 1223 1391 pariter
1237 1312 1270 1372 et
1284 1307 1428 1386 relatum
1452 1308 1538 1389 quod
1553 1308 1620 1390 ipse
1636 1308 1772 1372 fundum

375 1428 435 1474 seu
457 1408 587 1479 domun
610 1429 700 1473 suam
722 1410 806 1474 inter
828 1410 935 1474 dotem
957 1417 989 1475 et
1011 1411 1105 1474 aliam
1128 1412 1258 1475 domum
1281 1411 1356 1475 dicti
1379 1411 1521 1495 magistri
1541 1410 1654 1475 Jacobi
1676 1412 1769 1476 sitam

373 1517 406 1576 et
428 1510 567 1576 habitam
595 1531 637 1577 ex
666 1515 809 1597 opposito
837 1514 987 1578 ecclesiae
1017 1521 1145 1579 nostrae
1172 1514 1370 1599 parochialis,
1399 1534 1512 1579 versus
1543 1515 1666 1599 plagam
1690 1516 1772 1579 occi-

374 1614 541 1696 dentalem,
572 1636 644 1680 oum
677 1616 872 1698 quibuslibet
901 1619 967 1681 suis
999 1619 1189 1683 utilitatibus
1217 1624 1250 1683 et
1271 1617 1422 1683 aedificiis
1452 1619 1610 1682 universis
1633 1625 1666 1683 et
1687 1620 1772 1683 veris

373 1719 466 1783 metis
488 1720 528 1783 ad
550 1721 683 1784 eandem
705 1722 947 1803 pertinentibus
977 1724 1052 1785 cum
1083 1723 1200 1805 quibus
1222 1722 1383 1806 praelatus
1399 1722 1555 1805 magister
1576 1722 1717 1786 Jacobus
1739 1728 1771 1788 et
1802 1729 1840 1809 x10

373 1822 424 1885 sui
445 1823 689 1889 condecessores
719 1825 853 1889 eandem
875 1824 1006 1888 liberam
1028 1826 1244 1908 possedissent
1265 1831 1298 1890 et
1319 1831 1467 1890 notanter
1493 1846 1566 1890 cum
1588 1846 1681 1890 muro
1705 1827 1770 1891 doti

372 1925 535 2009 continuo,
569 1928 625 2010 qui
654 1929 729 1992 olim
759 1934 792 1992 et
820 1947 863 1991 ex
892 1947 976 1991 novo
1007 1947 1132 2010 semper
1161 1929 1201 1992 ad
1233 1929 1367 1994 eandem
1395 1930 1527 1993 domurn
1556 1930 1624 1994 sive
1650 1930 1771 1995 dictum

374 2028 511 2093 fundtun
533 2031 678 2094 noscitur
705 2032 873 2115 pertinere,
908 2038 940 2097 et
968 2034 1001 2095 in
1033 2038 1118 2097 terra
1147 2033 1239 2096 fundi
1269 2033 1392 2097 venditi
1421 2033 1584 2114 collocato,
1618 2038 1714 2117 prout
1739 2039 1772 2098 et

374 2132 475 2196 nostri
497 2134 654 2197 coniurati
684 2135 804 2199 scilicet
825 2135 989 2201 Johannes
1011 2137 1148 2219 thsoh,
1178 2138 1294 2201 Petrus
1317 2135 1431 2200 Gzekel
1453 2142 1485 2200 et
1506 2137 1586 2199 alter
1607 2135 1771 2200 Johannes

373 2236 534 2320 Popparth
557 2237 632 2301 dicti
655 2245 727 2321 post
749 2239 886 2303 debitam
908 2240 1063 2305 visionem
1088 2247 1119 2305 et
1140 2245 1296 2305 metarum
1316 2239 1602 2304 considerationem
1624 2239 1658 2302 in
1680 2259 1770 2322 pree-
1808 2248 1840 2301 15

374 2341 477 2404 sentia
498 2340 692 2404 honorabilis
714 2342 774 2404 viri
797 2341 916 2405 domini
939 2343 1077 2408 doctoris
1109 2344 1144 2407 in
1167 2345 1330 2408 medicinis
1351 2344 1499 2408 Jobanne
1521 2343 1709 2426 Meyerleyn
1731 2345 1772 2409 de

376 2442 499 2507 Cionuo
522 2449 600 2508 tuno
622 2444 749 2528 plebani
771 2446 872 2509 nostri
894 2446 1008 2509 iactam
1032 2448 1124 2512 nobis
1146 2447 1345 2511 concorditer
1367 2447 1556 2528 retulerunt
1579 2446 1718 2511 dedisset
1740 2452 1772 2511 et

375 2547 571 2612 vendidisset
592 2547 765 2632 praelibato
780 2547 983 2632 sigismundo
1006 2557 1039 2615 et
1060 2552 1127 2615 suis
1149 2551 1320 2616 heredibus
1333 2551 1501 2634 universis,
1523 2551 1621 2614 immo
1636 2550 1773 2615 contulit

376 2654 408 2714 et
431 2649 518 2715 dedit
538 2652 671 2716 eandem
695 2651 825 2715 domum
846 2672 903 2736 pro
927 2653 1074 2718 ducentis
1095 2653 1226 2718 florenis
1248 2654 1354 2718 minus
1377 2654 1496 2736 decem,
1519 2652 1695 2735 quemlibet
1715 2671 1773 2736 per

373 2759 501 2818 centum
533 2755 681 2819 denarios
711 2756 933 2840 computandis
966 2763 999 2821 et
1026 2778 1045 2820 a
1078 2758 1161 2821 dicto
1193 2757 1395 2841 Sigismundo
1429 2756 1568 2821 totaliter
1601 2755 1772 2840 persolutis
1806 2764 1841 2818 20

373 2858 470 2921 immo
485 2864 639 2943 perpetuo
655 2864 688 2923 et
702 2860 952 2924 irrevocabiliter
967 2861 1199 2944 possidendam,
1223 2861 1393 2926 tenendam
1407 2861 1526 2944 pariter
1548 2867 1580 2924 et
1594 2859 1772 2924 habendam

373 2980 532 3025 consensu
555 2963 649 3027 etiam
665 2962 804 3027 adhibito
820 2965 1050 3048 proximorum,
1072 2964 1198 3028 nullum
1214 2984 1289 3048 ergo
1305 2965 1481 3028 dominium
1504 2963 1608 3027 dictus
1622 2963 1772 3046 magister

372 3064 512 3129 Jacobus
534 3072 567 3129 et
588 3065 720 3131 heredes
742 3068 793 3131 sui
814 3067 848 3130 in
868 3068 1009 3151 praefata
1031 3069 1124 3132 domo
1147 3067 1283 3152 amplius
1305 3067 1508 3149 reservando,
1530 3067 1587 3131 sed
1602 3070 1706 3130 totum
1721 3067 1772 3131 ius

373 3173 405 3232 et
422 3168 597 3232 dominium
619 3176 792 3233 memorato
808 3170 1011 3254 Sigismundo
1035 3178 1067 3236 et
1089 3172 1156 3236 suis
1177 3169 1347 3235 heredibus
1366 3171 1550 3254 perenniter
1570 3168 1771 3234 conferendo.

374 3272 557 3355 Adiicitque
586 3272 671 3337 idem
700 3274 849 3357 magister
871 3274 1020 3358 Jacobus,
1055 3275 1142 3358 quod
1171 3279 1245 3337 ante
1275 3274 1379 3337 debis
1408 3272 1632 3356 Sigismundus
1659 3276 1692 3336 et
1721 3272 1771 3335 sui
1806 3278 1840 3332 25

373 3376 505 3441 heredes
535 3382 568 3441 et
596 3377 820 3461 praetitulatus
848 3378 1003 3462 plebanus
1025 3384 1135 3460 noster
1156 3382 1189 3442 et
1219 3378 1269 3440 sui
1292 3396 1492 3441 successores
1514 3375 1637 3439 canalia
1658 3395 1771 3440 versus

372 3480 506 3545 eandem
528 3480 633 3545 dotem
655 3479 786 3543 insimul
800 3481 987 3562 aequalibus
1001 3481 1164 3545 laboribus
1186 3484 1218 3544 et
1233 3480 1382 3563 expensis
1397 3497 1587 3543 conservare
1608 3480 1771 3563 perpetuis

374 3583 569 3666 temporibus
592 3583 797 3665 tenebuntur,
820 3584 865 3647 sic
887 3584 1008 3647 canalia
1030 3603 1143 3648 versus
1165 3583 1258 3646 aliam
1280 3582 1410 3645 domum
1433 3586 1506 3645 ante
1530 3582 1605 3646 dicti
1629 3582 1771 3666 magistri

372 3684 484 3750 Jacobi
505 3686 667 3768 praefatus
690 3686 911 3770 Sigismundus
933 3707 1007 3751 cum
1030 3688 1098 3751 suis
1119 3686 1289 3752 heredibus
1311 3691 1344 3750 et
1365 3685 1433 3769 ipse
1455 3686 1606 3768 magister
1630 3685 1770 3750 Jacobus

374 3808 447 3852 cum
470 3789 537 3853 suis
560 3789 797 3855 successoribus
819 3790 963 3854 similiter
978 3790 1165 3873 aequalibus
1179 3782 1341 3853 laboribus
1363 3795 1396 3853 et
1417 3788 1568 3873 expensis
1590 3789 1684 3852 etiam
1700 3789 1769 3853 eius
1804 3795 1840 3849 30

374 3892 571 3976 temporibus
585 3892 782 3957 tenebuntur
795 3912 993 3958 conservare.
1015 3892 1200 3975 Assumpsit
1214 3892 1346 3975 insuper
1362 3891 1511 3974 magister
1521 3890 1542 3955 J
1543 3890 1662 3954 acobus
1677 3910 1771 3975 saepe

373 3994 478 4059 dctis
505 3997 556 4060 sui
586 4001 618 4061 et
645 3996 799 4061 heredum
829 4016 962 4061 suorum
991 3998 1025 4059 in
1054 3997 1200 4079 personis
1228 3996 1335 4079 ipsum
1362 3994 1602 4079 sigismundum
1632 4001 1665 4060 et
1694 4014 1771 4059 suos

373 4104 518 4183 posteros
540 4100 708 4164 universos
730 4099 769 4163 ab
793 4101 944 4165 omnibus
965 4100 1088 4163 ratione
1110 4098 1213 4162 dictae
1228 4096 1342 4161 domus
1362 4102 1540 4181 temporum
1563 4098 1597 4161 in
1618 4117 1771 4182 processu

373 4201 535 4286 illegitime
564 4203 744 4284 inquietare
765 4203 948 4268 volentibus
970 4222 1095 4286 semper
1123 4208 1156 4266 et
1177 4201 1299 4283 ubique
1321 4200 1491 4265 defendere
1520 4201 1587 4265 suis
1607 4201 1771 4265 laboribus

373 4307 510 4390 propriis
532 4307 690 4389 expensis.
713 4306 752 4370 In
775 4307 867 4371 ouius
889 4307 935 4370 rei
957 4305 1142 4370 memoriam
1164 4309 1347 4389 praesentes
1368 4304 1477 4369 literas
1498 4310 1624 4369 nostras
1641 4305 1771 4369 maioris
1805 4311 1840 4365 35

373 4409 467 4493 sigilli
489 4410 732 4493 appensionem
754 4410 853 4474 robur
871 4415 1121 4493 perpetuamque
1130 4409 1151 4486 ¹)
1173 4407 1355 4472 firmitatem
1378 4407 1529 4471 duximus
1544 4408 1770 4476 concedendas.

374 4512 492 4577 Datum
522 4513 556 4576 in
582 4512 691 4596 vigilia
720 4513 793 4577 festi
822 4514 923 4577 sancti
944 4513 1081 4577 Thomae
1110 4512 1253 4596 apostoli,
1283 4530 1367 4574 anno
1398 4510 1518 4574 domini
1540 4511 1589 4574 Μο
1611 4511 1702 4576 0000
1724 4512 1772 4575 vi-

372 4618 492 4702 gesimo
515 4618 618 4682 tertio.

1029 4819 1123 4904 410.

450 4990 565 5061 1323.
604 4985 684 5058 Dos
715 4985 894 5058 Casander
918 4984 1063 5076 Kopttcl
1097 4984 1243 5075 beacapt,
1278 4982 1361 5055 dosa
1394 4982 1513 5073 Ktaip
1538 4981 1703 5055 maenaa
1731 4982 1771 5053 ia
1804 4997 1841 5052 40

375 5109 451 5181 dam
467 5107 580 5179 Jatre
606 5109 707 5177 1197
716 5101 742 5196 ²)
770 5107 826 5178 die
852 5106 1010 5198 Propalai
1035 5128 1100 5177 oon
1123 5103 1217 5175 Orod
1241 5104 1280 5175 in
1305 5103 1416 5175 iliram
1432 5102 1551 5174 Besitz
1576 5103 1615 5174 in
1633 5100 1770 5175 Sisten-

373 5228 503 5319 batrqco
528 5227 686 5318 testatiqt
712 5226 871 5298 boland
896 5227 977 5298 does
1003 5225 1095 5298 dicae
1115 5224 1276 5316 Propstei
1300 5224 1374 5312 aas
1387 5223 1542 5295 Tordoer
1571 5223 1690 5296 uetat
1715 5224 1771 5295 eia

532 5393 552 5457 ¹)
574 5389 707 5459 Vernae:
724 5392 942 5459 perpetuumque.

529 5476 551 5544 ¹)
574 5475 692 5544 Vorlcye
708 5476 758 5530 bct
773 5475 825 5530 soie
842 5476 896 5530 Nr.
914 5478 932 5529 3
949 5475 1001 5529 dos
1019 5474 1094 5549 Jobr
1112 5478 1188 5530 1177.
1216 5471 1281 5528 aa
1298 5471 1343 5528 die
1360 5471 1533 5540 Bemerkoap
1549 5486 1586 5525 so
1603 5470 1658 5526 Nr.
1676 5474 1702 5524 3.
