4064 6288
881 591 1035 685 Leo-

258 777 397 840 sentium
419 775 651 841 confirmantes.
686 776 862 842 Statuimus
883 779 1024 863 insuper,
1047 783 1083 841 ut
1107 779 1302 859 quicumque
1329 781 1512 841 nostrorum
1534 794 1661 839 succes-

259 900 367 944 sorum
395 881 588 964 preedictam
618 881 725 945 villam
752 887 785 945 et
814 887 914 946 terras
943 882 1101 965 praefatas
1130 901 1149 943 a
1177 882 1319 963 praefato
1350 880 1472 962 Mykud
1502 882 1585 944 bano
1608 881 1659 943 vel

259 986 328 1049 eius
354 985 590 1068 posteritatibus
613 1005 763 1049 successu
790 991 969 1068 temporum
995 985 1130 1063 auferre,
1160 1004 1310 1048 revocare
1341 985 1393 1048 vel
1425 985 1533 1066 alique
1567 985 1660 1046 medo

259 1089 396 1152 alienare
417 1090 651 1172 attentaverint
672 1090 752 1152 iram
773 1089 824 1153 dei
847 1089 1072 1172 omnipotentis
1093 1107 1128 1151 se
1143 1089 1282 1151 sentient
1297 1089 1469 1151 incurrisse
1485 1093 1517 1151 et
1533 1092 1660 1150 sanctae

206 1201 223 1252 5
260 1193 311 1256 dei
332 1192 493 1275 genitricis
515 1211 640 1275 semper
661 1192 793 1274 virginis
808 1192 926 1256 Mariae
949 1199 981 1255 et
997 1192 1161 1256 beaterum
1179 1192 1396 1275 apestolorum
1411 1192 1498 1255 Petri
1513 1198 1545 1255 et
1560 1190 1662 1269 Pauli,

258 1316 384 1360 necnon
402 1301 585 1359 sanctorum
607 1297 827 1360 confessorum
843 1296 1003 1379 Stephani,
1025 1296 1162 1359 Emerici
1185 1301 1281 1377 atque
1297 1295 1446 1375 Ladizley
1463 1295 1662 1359 anathemate

259 1400 421 1463 feriante.
443 1399 482 1463 In
497 1400 591 1463 cuius
613 1401 658 1464 rei
681 1401 866 1464 memoriam
880 1398 1127 1481 firmitatemque
1148 1404 1332 1482 perpetuam
1349 1405 1532 1482 praesentes
1553 1399 1662 1462 litores

259 1504 477 1568 concessimus
507 1503 643 1587 duplicis
665 1503 759 1586 sigilli
782 1503 883 1567 nostri
905 1504 1081 1567 munimine
1107 1503 1293 1566 roborando.
1328 1502 1447 1567 Datum
1468 1523 1527 1587 per
1547 1523 1662 1566 manus

260 1608 387 1671 discreti
416 1608 477 1669 viri
500 1608 642 1690 magistri
664 1607 810 1689 Nycelay
833 1607 925 1671 aulae
947 1613 1074 1670 nestrae
1096 1607 1347 1670 vicecancellarii
1369 1606 1475 1670 dilecti
1499 1613 1531 1671 et
1559 1606 1662 1670 fidelis

191 1717 225 1771 10
259 1712 370 1791 nostri,
393 1731 478 1775 aune
502 1711 622 1774 demini
644 1711 700 1774 Mt
717 1710 791 1775 00⁰.
814 1711 1047 1794 septuagesimo
1070 1730 1165 1793 nene,
1188 1710 1267 1774 VIII
1283 1711 1360 1774 Idus
1377 1711 1466 1789 eutii,
1488 1711 1663 1775 indictione

260 1815 403 1898 septima,
425 1815 514 1898 regni
537 1821 644 1878 autem
667 1815 768 1878 nestri
790 1834 875 1878 anne
898 1815 1040 1898 septimo.

832 2050 837 2061 ’
915 2109 1007 2191 194.

337 2276 445 2344 1279
466 2295 527 2344 eor
544 2270 681 2362 Aeque
712 2276 746 2341 6.
773 2272 891 2362 Kdeip
917 2272 1107 2345 Ledisteus
1134 2271 1203 2344 IV.
1233 2273 1391 2364 besttttiqt
1418 2273 1474 2344 dia
1500 2270 1664 2343 Urtonde

261 2395 320 2466 des
337 2394 470 2485 Kdeies
489 2391 642 2484 Stephea
668 2391 706 2464 V.
735 2416 800 2465 oen
826 2397 906 2463 127
911 2397 935 2463 O
961 2393 1012 2465 bis
1038 2397 1146 2465 1272
1164 2394 1231 2465 Νν.
1259 2397 1338 2465 133
1356 2394 1427 2482 fiir
1452 2393 1508 2464 die
1527 2390 1665 2464 Seehler

191 2534 225 2586 15
260 2514 479 2586 Leurcncire
504 2515 578 2585 und
603 2515 722 2587 descen
749 2513 842 2587 Sota
867 2514 1104 2587 Letetecbiue.

419 2677 494 2748 Orio.
513 2679 593 2748 Pero.
616 2678 720 2747 Unger.
739 2679 888 2734 Atedemie
906 2679 1057 2748 Budepcst.
1087 2679 1259 2733 Bruebstatct
1283 2680 1330 2733 dee
1348 2678 1561 2747 Deppelsicpela,
1580 2677 1663 2744 rand,

364 2765 471 2820 wetere
488 2764 596 2832 Weebe,
615 2782 654 2818 en
667 2772 771 2835 grener
784 2765 985 2820 Seideeeehnur
997 2766 1160 2835 enpebdnpt.
1170 2795 1205 2805 -
1215 2766 1275 2819 Ein
1285 2766 1391 2820 zwcitee
1405 2763 1543 2833 Oripieel,
1556 2763 1665 2817 welcltee

365 2852 436 2906 aedi
453 2851 543 2906 State
561 2851 636 2906 Stet.
661 2852 805 2906 otlceiltdr
829 2853 892 2920 III,
918 2856 936 2906 4
959 2853 998 2906 im
1020 2852 1196 2907 Stadtercbia
1215 2851 1386 2921 Scitdeebure
1410 2851 1582 2919 aephmebrt
1605 2850 1665 2904 acin

365 2940 425 3006 aell,
444 2939 481 2992 ist
499 2939 562 2993 dort
580 2938 654 2992 nieht
671 2938 817 3008 eorfiadip.

191 3062 227 3116 20
419 3060 530 3114 Druck:
552 3059 643 3115 Codex
655 3060 770 3128 patrius
793 3059 844 3127 VI,
861 3064 922 3114 245.
941 3059 1031 3114 Seehd
1050 3059 1125 3115 aret.
1144 3059 1289 3114 obleetltdr
1307 3060 1370 3127 III,
1387 3064 1413 3114 3.

418 3234 584 3300 ladislaus
614 3234 665 3298 dei
694 3235 795 3317 gratia
824 3254 882 3299 rex
905 3235 1099 3319 Hungariae‚
1129 3235 1309 3301 Dalmaciae
1332 3235 1514 3317 Greuaciae,
1537 3234 1664 3317 Remae,

263 3340 422 3421 Gallioiae,
444 3338 659 3421 Ledomeriee,
682 3337 852 3404 Gemanica
871 3339 1105 3423 Belgarieeque
1127 3360 1186 3405 rex
1210 3340 1358 3404 omnibus
1380 3340 1495 3404 Christi
1517 3339 1666 3404 fidelibus

262 3450 447 3529 praesentes
476 3443 584 3508 literas
612 3443 804 3528 inspecturis
812 3442 833 3521 ¹)
863 3443 999 3508 salutem
1029 3444 1062 3507 in
1092 3446 1235 3508 emnium
1257 3444 1423 3508 salvatore.
1460 3442 1512 3506 Ad
1534 3442 1665 3506 univer-

263 3568 373 3613 sorum
389 3548 534 3612 notitiam
548 3553 659 3612 tenore
680 3548 897 3632 praesentium
912 3549 1063 3611 velumus
1086 3549 1261 3632 pervenire,
1284 3549 1357 3612 hinc
1380 3553 1429 3612 est
1452 3546 1570 3629 qued¹l
1592 3565 1666 3609 eum

192 3660 228 3715 25
263 3651 518 3716 intellexerimus
551 3671 592 3715 ex
622 3652 703 3715 serie
732 3651 896 3715 literarum
928 3652 1047 3715 demini
1078 3652 1335 3716 excellentissimi
1365 3652 1448 3734 regis
1459 3650 1480 3730 ³)
1516 3648 1666 3733 Stephani

263 3757 366 3820 nestri
388 3754 598 3820 antecessoris
607 3752 638 3835 ⁴),
663 3755 750 3836 qued
771 3755 922 3839 inspectis
946 3756 1083 3820 servitiis
1106 3762 1138 3820 et
1166 3755 1372 3820 fidelitatibus
1389 3751 1557 3817 laurencii
1578 3748 1667 3828 iiliill

263 3858 411 3943 Hjlyeet
435 3865 467 3925 et
480 3858 657 3924 Leostaohii
678 3857 768 3937 iiliill
790 3859 942 3943 praedicti
964 3858 1131 3924 laurencii
1155 3864 1276 3923 tentam
1298 3859 1431 3941 gratiam
1453 3855 1667 3938 condignam,

265 3964 354 4047 quod
376 3964 462 4048 ipsos
483 3983 520 4027 ee
542 3964 758 4048 possessiones
781 3963 954 4028 eorundem
978 3964 1017 4027 ed
1040 3963 1141 4046 legem
1169 3969 1201 4027 et
1222 3962 1463 4027 universitatem
1486 3958 1667 4023 Siculorum

264 4069 305 4133 de
326 4067 442 4151 'lelegd
464 4067 528 4130 irui
550 4086 608 4132 seu
629 4086 816 4151 permanere
838 4068 981 4152 permisit
1003 4074 1035 4132 et
1057 4088 1117 4132 nes
1139 4074 1305 4133 teneamur
1330 4066 1463 4149 gratiam
1486 4082 1668 4127 conoessum

195 4178 231 4233 30
265 4171 501 4257 praedictorum
516 4190 590 4234 cum
600 4171 701 4236 literis
716 4172 834 4236 nostris
849 4173 1024 4236 munimine
1036 4170 1232 4236 confirmare.
1248 4169 1390 4247 Quarum
1402 4168 1566 4232 literarum
1577 4172 1670 4230 tener

265 4275 337 4340 talis
352 4282 408 4340 est
430 4272 535 4358 (aaut
550 4274 598 4337 die
621 4272 767 4339 Urlemde
787 4273 968 4358 celsenses
983 4274 1118 4359 Stephon
1141 4273 1177 4339 V.
1193 4273 1251 4338 Nr.
1264 4274 1353 4355 133.)
1376 4272 1421 4337 Ut
1442 4277 1550 4335 eutem
1572 4268 1670 4333 series

265 4380 361 4443 huius
391 4397 505 4442 causae
527 4377 755 4462 perpetualiter
777 4383 809 4443 et
839 4378 1089 4443 irrevocabiliter
1113 4383 1305 4462 perseveret,
1333 4380 1517 4459 praesentes
1540 4392 1670 4437 cences-

266 4484 367 4549 simus
392 4484 499 4547 literas
522 4481 657 4565 duplicis
679 4482 773 4564 sigilli
803 4484 903 4546 nestri
932 4484 1108 4548 munimine
1130 4483 1302 4547 roboratas.
1339 4478 1458 4543 Datum
1479 4496 1670 4562 permanes

266 4587 457 4652 venerabilis
473 4587 533 4649 viri
548 4586 688 4669 magistri
703 4584 825 4650 Nicolei
849 4586 940 4650 aulae
962 4592 1089 4650 nestrae
1112 4583 1362 4649 vicecancellarii
1385 4582 1490 4646 dilecti
1513 4586 1545 4644 et
1565 4579 1669 4643 fidelis

195 4699 231 4753 35
267 4691 377 4773 nostri,
405 4710 489 4755 anno
513 4690 632 4754 demini
654 4690 822 4755 millesime
846 4690 1063 4754 ducentesimo
1086 4689 1320 4773 septuagesimo
1336 4705 1432 4768 nono,
1455 4684 1544 4768 regni
1563 4690 1670 4748 autem

266 4796 368 4860 nestri
390 4814 475 4859 anne
498 4794 641 4878 septime.

424 4950 444 5015 ¹)
462 4947 500 5002 Se
517 4946 615 5001 Seehe.
639 4946 772 5017 Verlaqe:
790 4947 960 5016 inscripturis.

423 5039 445 5101 ¹)
463 5033 537 5089 Steti
553 5033 615 5087 hine
633 5035 761 5102 estquod
779 5035 822 5089 hei
840 5034 944 5089 &ebes
962 5034 1031 5103 qued
1049 5038 1196 5103 postquem,

422 5124 444 5187 ⁸)
467 5121 585 5189 Vorlope
599 5119 726 5187 bkreuf:
744 5121 797 5175 Ste.

422 5210 444 5273 ⁴)
462 5205 567 5261 &ahos
583 5206 709 5275 Stephani
727 5208 809 5277 patris
826 5208 999 5263 antecessoris
1017 5205 1107 5261 nostri

424 5295 445 5359 ι)
463 5292 500 5347 Se
521 5292 618 5347 Scato.
641 5294 774 5364 Vorlaee:
790 5292 851 5347 lilio.

422 5383 444 5447 ⁸)
463 5379 602 5434 Gedrtdert
620 5396 687 5433 aue:
706 5379 797 5433 Helee.
816 5379 919 5434 Scato:
937 5377 1047 5447 Helyee.

422 5468 444 5531 ἵ1
465 5464 602 5536 Vortape:
620 5465 774 5521 Ieestaehio
791 5464 852 5519 lilio.
871 5464 975 5520 &ebes
992 5463 1142 5519 [eustachii
1158 5462 1212 5518 lilii
