4084 6302
938 593 1092 687 .-.hl-3.-

312 784 520 848 Transiluano
551 791 584 846 et
614 784 699 846 vices
729 803 839 846 eorum
869 782 1053 865 gerentibus
1083 782 1261 862 ceterisque
1292 780 1449 843 iudicibus
1480 786 1512 844 et
1538 780 1715 844 iustitiariis

313 890 403 969 regni
432 888 539 965 nostri,
571 886 749 970 specialiter
773 886 803 948 in
828 886 971 969 partibus
992 885 1210 948 Transiluanis
1232 883 1444 948 existentibus
1476 904 1563 947 nunc
1594 890 1627 948 33
1657 905 1714 969 pro

314 999 455 1075 tempore
485 991 675 1069 constitutis,
710 989 827 1071 quibus
858 995 1039 1073 praesentes
1070 988 1294 1069 ostenduntur,
1329 988 1415 1071 regio
1448 988 1550 1051 edicto
1581 986 1714 1052 firmiter
1741 1043 1742 1047 ,

312 1096 524 1179 praecipimus
554 1114 611 1177 per
640 1102 831 1176 praesentes,
863 1100 1023 1175 quatenus
1053 1094 1172 1156 dic-tum
1203 1093 1350 1155 comitem
1381 1091 1549 1155 Nicolaum
1571 1091 1651 1155 Wos
1682 1099 1715 1156 et

259 1209 275 1257 .3
312 1200 394 1262 lilios
416 1219 493 1262 suos
515 1199 638 1262 ratione
661 1198 894 1280 praedictarum
924 1198 1160 1280 possessionum
1184 1216 1224 1259 ex
1252 1201 1361 1263 nostra
1383 1194 1577 1279 benignitate
1599 1196 1711 1279 eidem,

312 1302 456 1385 exceptis
479 1303 623 1385 personis
645 1302 780 1365 fratrum
802 1308 835 1364 33
864 1301 1174 1384 consanguineorum
1198 1318 1338 1381 snorum,
1361 1298 1547 1363 collatarum
1572 1299 1714 1365 iudicare

311 1407 361 1470 vel
387 1413 492 1470 vestro
516 1413 618 1469 astare
648 1405 765 1468 iudicio
796 1411 907 1468 contra
936 1403 1097 1486 quoshbet
1118 1405 1232 1468 iratres
1254 1409 1287 1467 33
1307 1404 1472 1487 proximos
1499 1423 1575 1469 snos
1598 1406 1712 1488 quavis

311 1510 395 1573 linea
417 1510 630 1592 generationis
654 1510 757 1591 ipsum
780 1509 1000 1591 contingentes
1015 1508 1205 1592 compellere
1221 1507 1405 1572 nullatenus
1427 1510 1644 1593 praesumatis.
1668 1509 1711 1574 Et

310 1615 336 1677 si
362 1614 417 1695 qni
441 1633 480 1677 err
499 1613 651 1678 fratribus
666 1620 699 1678 et
714 1614 869 1697 proximis
884 1613 959 1676 dicti
975 1614 1099 1676 comitis
1115 1612 1237 1676 Nicolai
1253 1612 1382 1693 aliquod
1398 1612 1477 1675 iuris
1492 1617 1548 1676 ant
1569 1614 1711 1697 proprie-

245 1726 275 1777 10
312 1719 385 1782 tatis
408 1718 573 1799 acquirere
603 1725 658 1781 ant
682 1718 851 1781 vendicare
873 1716 933 1781 sibi
956 1716 1076 1781 vellent
1097 1717 1131 1779 in
1155 1716 1273 1779 eisdem
1297 1722 1354 1779 ant
1379 1716 1583 1797 acquirerent
1604 1735 1711 1780 ceram

310 1822 410 1901 vobis,
434 1842 491 1884 vos
506 1821 635 1906 penitus
650 1821 840 1885 retrahendo
856 1822 895 1885 de
910 1823 979 1904 ipso
999 1821 1126 1901 indicio,
1148 1821 1182 1883 in
1198 1819 1230 1882 id
1246 1826 1358 1884 contra
1371 1819 1505 1883 formam
1520 1821 1712 1903 praemissae

308 1932 436 1990 nostrae
466 1926 644 1989 eohationis
674 1924 762 1989 nullo
793 1926 887 1988 modo
917 1925 1126 1989 intromittere
1156 1924 1309 2006 audeatis,
1342 1925 1439 1988 immo
1470 1924 1573 1988 eidem
1602 1925 1710 1990 comiti

308 2029 439 2092 Nicolao
463 2029 563 2092 dictos
584 2030 801 2113 possessiones
824 2029 952 2113 pacifice
975 2035 1008 2093 et
1030 2030 1146 2111 quiete,
1175 2035 1270 2113 prout
1291 2048 1350 2113 per
1371 2048 1430 2092 nos
1452 2028 1555 2092 eidem
1578 2027 1710 2094 collatae

309 2134 511 2211 exstiterunt
538 2138 649 2197 contra
672 2133 831 2215 quoslibet
852 2133 966 2196 tratres
988 2140 1020 2197 33
1041 2134 1206 2216 proximos
1228 2153 1305 2197 suos
1326 2132 1488 2216 possidere
1510 2133 1710 2217 permittatis,

245 2247 275 2296 n3
311 2256 404 2301 secus
435 2257 499 2300 non
523 2238 646 2301 iactum.
681 2237 761 2302 Nam
792 2238 819 2301 si
848 2256 940 2301 secus
970 2244 1081 2301 contra
1102 2238 1307 2321 praemissam
1338 2243 1479 2301 nostram
1508 2236 1709 2307 collationem

307 2342 504 2405 attentaretis
538 2341 589 2404 vel
623 2340 854 2405 attentaveritis
889 2340 1130 2423 quoquomodo,
1163 2360 1298 2423 vanum,
1335 2361 1461 2405 cassum
1493 2347 1526 2405 et
1558 2340 1708 2406 frivolum

306 2445 494 2508 anctoritate
533 2445 748 2528 praesentium
785 2445 985 2509 deremendo
1023 2444 1251 2508 committimus
1281 2444 1349 2509 iore
1383 2451 1416 2510 33
1444 2445 1547 2510 inane.
1590 2445 1709 2510 Datum

306 2548 339 2611 in
355 2547 430 2612 Alto
454 2557 567 2618 castro.
590 2549 641 2613 die
664 2548 822 2612 dominico
844 2550 992 2633 proximo
1016 2554 1088 2633 post
1110 2549 1226 2613 testum
1249 2547 1448 2633 epiphanyae
1470 2549 1600 2634 domini,
1622 2569 1707 2615 anno

308 2653 451 2717 eiusdem
473 2652 529 2717 Ml.
552 2653 652 2718 000⁰.
676 2651 846 2718 XXXX?

958 2948 1051 3033 553.

383 3115 489 3183 1340
516 3110 675 3183 Febracr
705 3113 740 3182 8.
778 3112 856 3184 Das
890 3110 1171 3205 Weesaearqer
1196 3109 1343 3203 Kaprai
1368 3111 1514 3202 33333333,
1542 3113 1624 3186 dosa
1651 3114 1707 3187 die

312 3230 449 3304 Wittwe
476 3231 646 3323 Septem
671 3257 740 3305 aon
771 3233 870 3324 Gyen
895 3235 1006 3325 ciaipe
1032 3234 1164 3324 Horipc
1183 3234 1405 3324 freipepcbca
1430 3234 1500 3305 bat.

463 3397 540 3466 Orip.
559 3398 640 3468 Perp.
658 3397 868 3466 Kopitclarcbio
887 3398 1055 3468 Karlebarp.
1080 3397 1168 3467 Sicori
1186 3413 1246 3451 war
1264 3397 1428 3468 aapdtdapt.

459 3519 573 3588 Repest:
596 3519 758 3573 Tortincimi
776 3520 821 3572 teir
841 3523 916 3586 1889,
938 3523 995 3573 753.

233 3704 266 3754 23
459 3694 641 3777 Capitulum
657 3696 807 3759 ecclesiae
818 3696 1061 3760 Transsilnanae
1077 3697 1225 3760 omnibns
1237 3697 1353 3760 Christi
1367 3692 1528 3777 fid[elibus
1539 3696 1704 3782 praesen]s

304 3800 455 3881 scriptum
474 3799 664 3880 inspecturis
679 3798 813 3862 salntem
830 3800 861 3860 in
882 3799 994 3863 salutis
1011 3801 1167 3882 largitore.
1190 3801 1270 3864 Cum
1286 3799 1468 3883 redemptor
1483 3807 1591 3865 noster
1605 3801 1704 3866 Josus

303 3902 447 3965 Christus
463 3902 561 3964 totius
573 3903 718 3965 conditor
730 3908 892 3966 creaturae
908 3903 946 3965 ad
965 3905 1023 3966 hoc
1037 3903 1227 3987 propitiatus
1239 3902 1408 3965 humanam
1422 3903 1560 3968 voluerit
1575 3925 1702 3970 carnem

300 4025 471 4079 assrrmere,
494 4012 530 4069 ut
555 4006 730 4069 divinitatis
753 4026 829 4069 snae
855 4008 957 4089 gratia
975 4007 1081 4069 diruto
1105 4025 1168 4088 qno
1185 4005 1377 4069 tenebantur
1398 4008 1514 4090 captivi
1537 4010 1613 4093 ingo
1636 4029 1702 4074 ser·

301 4110 412 4173 vitutis
434 4110 585 4192 pristinae
609 4130 667 4172 nos
692 4111 873 4172 restitueret
894 4110 1040 4191 liber-tari,
1064 4110 1233 4173 salubriter
1255 4110 1354 4192 igitur
1368 4112 1481 4193 agitur,
1504 4111 1535 4174 hi
1558 4111 1702 4178 homines

230 4218 265 4271 30
301 4233 382 4293 qnos
394 4213 432 4276 ab
445 4213 534 4275 initio
552 4219 665 4276 natura
680 4213 796 4276 liberos
813 4214 944 4296 protulit
959 4222 989 4277 33
1006 4215 1056 4277 ins
1072 4214 1215 4296 gentium
1228 4214 1302 4297 ingo
1318 4214 1523 4280 substituitur
1538 4218 1702 4283 servitutis

299 4317 331 4378 in
356 4338 393 4380 ea
424 4338 488 4398 qna
519 4318 582 4380 nati
613 4318 740 4381 fuerant
771 4318 1022 4381 maimmittentis
1052 4317 1203 4381 beneficio
1228 4317 1364 4380 libertati
1391 4317 1572 4383 reddantur.
1616 4320 1702 4387 Hino

299 4429 347 4484 est
370 4423 468 4503 igitur
491 4421 577 4503 qnod
600 4420 639 4483 ad
664 4421 886 4484 universorum
910 4421 1053 4484 notitiam
1078 4427 1141 4484 tam
1160 4422 1374 4504 praesentium
1399 4441 1495 4504 quam
1518 4422 1700 4489 futurorum

299 4525 410 4588 harum
434 4526 515 4589 serie
540 4525 689 4589 volumus
711 4526 888 4609 pervenire,
911 4525 997 4606 qnod
1021 4545 1094 4589 cum
1118 4525 1233 4589 nobilis
1256 4525 1385 4589 domina
1406 4526 1516 4592 relicta
1538 4531 1700 4610 qnondam

298 4628 448 4710 Stephani
470 4627 527 4690 filii
551 4628 714 4692 Samsonis
738 4628 851 4691 nobihs
875 4629 914 4693 de
937 4629 1030 4711 Gyog
1055 4631 1210 4713 superiori
1235 4631 1330 4693 misso
1354 4630 1393 4692 ad
1416 4649 1476 4694 nos
1497 4631 1616 4695 nuncio
1639 4652 1699 4698 suo

228 4737 262 4791 33
300 4731 390 4794 nobis
420 4731 582 4795 humiliter
611 4732 829 4816 snpphcasset
861 4740 896 4796 nt
927 4734 981 4814 qni
1011 4733 1194 4797 infirmitate
1224 4734 1427 4818 praepeditus
1436 4734 1457 4810 ¹)
1487 4734 1527 4798 ad
1558 4741 1699 4801 nostram

297 4837 508 4917 praesentiam
534 4836 685 4900 accedere
711 4843 744 4900 et
766 4855 803 4899 ea
826 4856 908 4918 quae
931 4839 1108 4902 necessario
1132 4839 1237 4902 forent
1259 4837 1440 4902 confitenda
1464 4836 1610 4902 confiteri
1632 4859 1697 4904 non

298 4939 418 5003 valeret
440 4940 598 5003 hominem
623 4947 769 5003 nostrum
791 4941 943 5005 idoneum
966 4942 1119 5025 adipeam
1145 4942 1303 5007 destinare
1325 4943 1531 5026 dignaremur
1552 4944 1697 5028 horam‚³)

297 5063 361 5125 qno
391 5044 524 5108 eandem
554 5041 581 5124 s[
762 5044 853 5128 33333)
883 5053 980 5128 atque
1014 5044 1226 5110 confiteretur.
1264 5047 1366 5129 Igitur
1395 5066 1454 5112 nos
1488 5048 1696 5132 petitionibus

296 5148 438 5211 eiusdem
469 5147 585 5212 nobihs
616 5149 762 5212 dominae
785 5149 878 5213 iustis
900 5157 933 5213 33
961 5150 1110 5233 legitimis
1138 5158 1173 5214 ut
1195 5157 1342 5215 tenemur
1364 5151 1507 5215 inchoati
1536 5153 1578 5217 ad
1607 5154 1698 5218 audi-

225 5300 261 5355 40
454 5304 474 5369 ¹)
497 5264 628 5370 Vorlcqe:
645 5302 800 5370 praepedns

451 5388 473 5456 ¹)
497 5386 629 5457 Vorlape:
646 5403 726 5442 oram.

451 5476 473 5542 ⁸¹)
490 5473 591 5542 Lacte
608 5477 656 5530 27
673 5473 832 5533 0333333333
850 5475 928 5533 broit.
