4064 6288
896 587 1052 683 ‚rou

928 772 1014 859 127.

348 943 462 1011 1269.
504 939 657 1031 Stephon
691 941 807 1012 iunior
837 962 899 1011 rec
924 939 1067 1011 valette
1098 938 1215 1010 Coraca
1246 936 1333 1029 Cirpi
1358 960 1423 1009 voa
1449 937 1591 1027 Kelliap
1617 937 1673 1007 dic

270 1069 366 1134 torro
392 1061 562 1134 Deutetrr'a'
587 1063 662 1134 aad
687 1067 783 1134 terro
817 1060 1000 1133 Viaccnoa‘i.

428 1226 632 1296 Eingeaobaltet
649 1243 702 1280 oon
714 1226 809 1296 Ktoig
822 1225 977 1280 Ladieloua
990 1225 1044 1280 IV.
1065 1229 1133 1278 1272
1151 1225 1209 1278 aad
1226 1224 1275 1276 mit
1293 1225 1382 1278 dieser
1400 1224 1530 1279 ortunae
1547 1239 1600 1277 oon
1612 1224 1672 1276 dem

218 1317 235 1368 b
380 1313 605 1384 waranceras
623 1314 737 1383 Καρία]
755 1318 832 1382 1355,
853 1312 929 1382 Orio.
953 1312 1057 1381 Unger.
1076 1311 1284 1365 Loadeaorcbio
1301 1312 1454 1380 Badopcet.
1506 1339 1509 1345 v

425 1436 538 1491 Druck:
563 1436 650 1503 r'ejer
670 1434 761 1491 (lodex
783 1435 853 1502 VH,
877 1438 903 1503 t,
928 1438 988 1491 1³6.
1028 1433 1140 1489 Teura
1158 1451 1185 1488 u.
1205 1432 1367 1489 Firnbabcr
1385 1432 1456 1488 seo.
1479 1433 1562 1490 Urlrb.
1581 1433 1607 1501 Ι,
1628 1437 1671 1487 93.

374 1523 559 1578 Damaratam
575 1522 743 1578 Documenta
760 1527 820 1579 342.

428 1697 607 1782 Stephanus
630 1698 681 1763 dei
703 1701 805 1782 ffatia
825 1699 933 1762 iunior
954 1718 1014 1763 rex
1028 1698 1222 1782 Hungariae,
1245 1698 1313 1762 dux
1335 1695 1589 1777 Transsiluanus,
1616 1695 1672 1759 do·

271 1803 379 1867 miuus
394 1801 612 1868 Cumanorum
626 1804 776 1868 omnibus
798 1803 915 1867 Christi
933 1803 1081 1867 fidelibus
1103 1809 1303 1887 praesentem
1317 1801 1465 1886 paginam
1480 1800 1671 1884 inspecturis

203 1911 237 1965 10
270 1905 407 1970 salutem
424 1907 459 1970 in
474 1908 617 1971 omnium
633 1907 799 1972 salvatore.
826 1907 871 1972 Ut
893 1907 1010 1972 oblivio
1034 1908 1131 1991 gestis
1153 1907 1318 1971 homiuum
1340 1911 1481 1988 nequeat
1494 1905 1670 1986 novercari,

268 2010 338 2094 ipsa
348 2016 439 2094 gesta
452 2011 616 2075 literarum
627 2010 804 2094 patrocinio
820 2016 1059 2075 consueverunt
1073 2010 1224 2074 roborari.
1244 2008 1383 2074 Proinde
1395 2009 1435 2072 ad
1446 2010 1670 2073 universorum

269 2114 415 2178 notitiam
435 2119 500 2177 tam
521 2114 738 2198 praesentium
762 2134 857 2197 quam
880 2115 1063 2179 iuturorum
1085 2114 1199 2177 harum
1221 2114 1302 2178 serie
1321 2113 1472 2177 volumus
1493 2113 1671 2198 pervenire,

271 2218 358 2300 quod
369 2218 570 2282 attendentes
585 2217 753 2284 fidelitates
768 2225 801 2284 et
812 2220 1015 2284 servitiorum
1031 2219 1144 2282 merita
1155 2217 1236 2300 chyl
1251 2218 1376 2281 comitis
1390 2217 1430 2282 de
1445 2217 1522 2280 villa
1532 2216 1670 2299 Kelnulr,

270 2340 353 2403 quae
368 2326 400 2385 et
412 2340 493 2403 quas
503 2321 587 2386 idem
599 2322 693 2386 nobis
704 2342 724 2386 a
734 2324 931 2408 temporibus
945 2323 1097 2389 infantiae
1109 2326 1237 2387 nostrae
1250 2322 1367 2405 iugiter
1377 2320 1470 2384 nobis
1484 2319 1669 2384 famulando

203 2432 235 2484 15
269 2424 405 2488 fideliter
434 2424 580 2489 exhibuit
609 2432 642 2490 et
664 2426 778 2492 devote
801 2433 833 2491 et
855 2429 1033 2512 specialiter
1058 2433 1200 2510 tempore
1221 2424 1453 2510 persecutionis
1482 2428 1610 2487 nostrae
1638 2428 1671 2487 et

269 2528 423 2608 miseriae,
453 2529 580 2611 quando
604 2528 752 2594 videlicet
773 2531 855 2594 dura
876 2537 909 2595 et
930 2531 1069 2595 crudelis
1093 2530 1273 2615 persecutio
1296 2533 1464 2612 parentum
1486 2533 1670 2591 nostrorum

269 2651 330 2696 nos
360 2637 453 2697 extra
474 2652 609 2717 regnum
632 2639 778 2698 nostrum
800 2634 905 2699 voluit
927 2635 1074 2719 effugare,
1104 2654 1179 2699 cum
1204 2633 1319 2698 effectu
1348 2634 1433 2698 idem
1455 2631 1537 2714 Ohyl
1563 2651 1671 2696 comes

268 2734 418 2801 omnibus
439 2737 532 2801 bouis
554 2738 622 2803 suis
650 2743 683 2803 et
705 2738 813 2802 liberis
842 2745 915 2822 post
936 2744 1063 2823 tergum
1092 2739 1251 2804 derelictis
1272 2738 1365 2802 nobis
1394 2736 1536 2801 adhaesit
1558 2742 1591 2801 et
1611 2754 1670 2799 no·

268 2838 392 2904 bissum
413 2842 531 2907 mansit
560 2842 634 2907 sub'
650 2848 754 2907 castro
777 2842 877 2907 Deva
905 2848 937 2907 et
966 2843 1026 2907 sub
1056 2849 1159 2908 castro
1182 2842 1391 2908 Ilelretubolm
1420 2860 1494 2905 oum
1523 2840 1670 2904 hostibus

201 2949 236 3004 20
269 2944 387 3009 nestris
401 2964 459 3029 pro
474 2946 692 3030 redemptione
714 2952 825 3011 nosue
846 2947 981 3012 viriliter
1002 2946 1164 3011 dimicavit
1186 2953 1218 3011 et
1240 2947 1359 3010 multos
1381 2965 1423 3010 ex
1442 2945 1556 3009 iisdem
1570 2945 1669 3029 capti-

268 3047 365 3130 vavit,
389 3049 518 3112 demum
539 3049 573 3112 in
595 3049 722 3134 Ilsazyg
743 3051 777 3114 iu
800 3050 883 3116 bello
907 3057 1017 3115 nostro
1041 3050 1181 3135 generali
1203 3052 1307 3115 dictus
1331 3050 1412 3132 chyl
1434 3067 1541 3113 comes
1563 3067 1670 3110 coram
1763 3087 1766 3092 -

269 3150 370 3215 oculis
384 3157 512 3216 nostrae
526 3154 699 3218 maiestatis
714 3161 788 3219 ante
804 3174 914 3219 omnes
930 3156 1009 3219 alios
1023 3155 1162 3219 hostium
1178 3174 1298 3219 cuneos
1312 3152 1519 3239 perturbavit,
1539 3149 1669 3215 caedem

268 3274 414 3339 magnam
440 3255 622 3320 hominibus
646 3257 823 3341 inferendo,
848 3259 905 3323 ubi
927 3260 1063 3324 vulnera
1085 3259 1192 3324 letalia
1213 3260 1248 3322 in
1277 3277 1312 3323 se
1337 3256 1465 3340 recepit,
1487 3255 1522 3318 in
1547 3273 1670 3318 recom-

266 3358 486 3443 pensationem
518 3361 722 3425 servitiorum
751 3363 893 3427 eiusdem
917 3364 1061 3428 volentes
1087 3367 1177 3446 grata
1199 3361 1418 3427 moissitudine
1441 3377 1609 3425 occurrere
1630 3363 1669 3421 ut

200 3470 233 3525 25
268 3468 423 3546 tenemur,
451 3464 526 3528 licet
546 3465 720 3530 maioribus
742 3466 859 3550 dignus
878 3466 1033 3531 habeatur
1057 3473 1090 3532 et
1111 3471 1272 3531 mereatur
1301 3473 1418 3531 terram
1440 3463 1595 3529 Demetrii
1615 3463 1666 3526 in·

266 3566 369 3633 fidelis
397 3569 500 3633 nostri
525 3574 558 3633 et
586 3575 703 3634 terram
726 3570 902 3653 Vincencii,
932 3591 1015 3655 quae
1043 3572 1177 3636 fuerunt
1202 3578 1306 3636 terrae
1331 3571 1427 3634 castri
1452 3570 1487 3632 in
1514 3568 1666 3633 comitatu

267 3672 410 3754 Albensi,
424 3673 486 3756 ipsi
508 3672 589 3755 Chyl
612 3674 719 3738 comiti
741 3674 827 3739 fideli
849 3681 958 3740 nostro
982 3681 1014 3740 et
1035 3696 1092 3760 per
1109 3695 1184 3740 eum
1206 3677 1273 3739 suis
1288 3672 1460 3765 heredibus
1474 3672 1667 3736 heredumve

267 3775 505 3840 suecessoribus
519 3795 591 3839 cum
615 3778 764 3843 omnibus
784 3778 984 3861 pertinentiis
1005 3785 1038 3844 et
1059 3779 1250 3843 utilitatibus
1272 3777 1445 3842 earundem
1468 3776 1528 3840 sub
1554 3774 1667 3838 iisdem

266 3880 360 3944 metis
382 3886 414 3944 et
435 3880 588 3963 terminis,
611 3880 730 3963 quibus
743 3900 802 3965 per
815 3882 903 3945 uiros
925 3883 1105 3946 nominatos
1126 3883 1260 3946 fuerunt
1276 3882 1429 3945 limitatae
1448 3885 1480 3944 et
1494 3897 1668 3963 possessae,

201 3989 235 4045 30
269 3982 423 4066 dedimus,
453 3984 644 4048 donavimus
674 3990 706 4048 et
735 3983 930 4067 contulimus
952 3986 1023 4049 iure
1045 3992 1199 4070 perpetuo
1229 3992 1261 4050 et
1288 3983 1538 4049 irrevocabiliter
1566 3982 1668 4067 possi·

267 4086 394 4151 dandas
428 4086 474 4152 Ut
502 4086 601 4171 igitur
630 4089 708 4154 haec
729 4094 839 4152 nostra
861 4089 989 4153 donatio
1019 4088 1119 4154 robur
1141 4089 1283 4154 obtineat
1310 4094 1482 4174 perpetuae
1508 4086 1668 4151 firmitatis

266 4208 327 4255 nec
356 4196 460 4256 tractu
489 4192 642 4275 temporis
670 4211 728 4275 per
750 4193 932 4276 quempiam
957 4194 1059 4277 possit
1079 4200 1112 4258 et
1141 4192 1254 4259 debeat
1282 4193 1455 4274 retractari,
1483 4197 1667 4276 praesentes

267 4294 482 4359 concessimus
511 4295 620 4360 literas
641 4295 777 4379 duplicis
806 4295 900 4378 sigilli
928 4298 1031 4369 nostri
1056 4297 1233 4361 munimine
1259 4295 1430 4360 roboratas.
1462 4294 1581 4359 Datum
1610 4313 1667 4378 per

266 4416 381 4462 manus
409 4399 553 4483 magistu
574 4398 662 4463 Petri
690 4398 796 4464 dilecti
826 4405 859 4463 et
887 4399 990 4466 fidelis
1020 4402 1120 4465 nostri
1143 4400 1235 4465 aulae
1258 4405 1385 4464 nostrae
1407 4397 1667 4479 vicecancellarii,

187 4504 234 4560 eo
267 4519 351 4565 anno
373 4501 494 4565 domini
515 4500 581 4565 M·
607 4501 673 4567 00⁰
693 4501 768 4567 LX⁰
789 4522 884 4568 nono.

920 4797 1011 4880 128.

341 4962 456 5031 1269.
494 4957 648 5050 Stephon
672 4960 789 5031 iunior
814 4983 877 5032 raa
901 4961 1043 5033 certata
1075 4960 1191 5033 Comae
1214 4961 1375 5033 Andreas
1401 4962 1443 5032 de
1474 4961 1571 5053 Gyop
1598 4961 1668 5048 sicr

266 5078 321 5149 dic
346 5079 418 5149 itm
444 5084 593 5173 tempore
618 5078 867 5173 persecutionis
885 5087 1023 5154 nostrae
1041 5087 1074 5153 et
1092 5080 1263 5173 miseriae,
1288 5079 1450 5153 omnibus
1469 5079 1570 5153 bonis
1589 5079 1667 5153 suis

266 5205 342 5292 post
366 5203 502 5295 tergum
528 5197 700 5272 derelictis
727 5198 942 5274 adhaerendo
966 5201 1066 5275 uobis
1084 5207 1118 5274 ct
1134 5202 1296 5275 muando
1314 5201 1493 5275 uobiscum
1512 5201 1668 5275 claustra

201 5332 236 5386 eo
267 5318 373 5392 casui
398 5317 640 5392 Felreteuholm
672 5324 706 5391 et
735 5318 775 5391 iu
806 5319 889 5394 aliis
916 5321 1079 5416 plurimis
1106 5322 1265 5396 articulis
1292 5325 1496 5397 onustato
1522 5323 1667 5395 Dicrstc

266 5440 375 5532 aaut
400 5440 642 5533 saeuam.
