4106 6294
987 601 1142 696 —a—aa—

364 794 543 872 augeantur
564 789 651 853 0111
673 790 903 871 tranquillitate
925 791 1012 874 pacis
1034 795 1067 854 01
1089 791 1205 872 quietis
1225 789 1439 873 pertruantur,
1462 790 1502 853 de
1517 789 1650 853 consilio
1671 810 1762 874 prae·

364 893 500 956 latorum
535 899 567 957 et
596 894 751 957 baronum
782 895 872 977 regni
900 895 1001 958 nostri
1031 895 1080 958 his
1114 895 1222 977 gratiis
1256 898 1288 957 et
1319 893 1501 956 libertatum
1534 895 1762 977 praerogativis

364 997 534 1061 statuimus
555 1004 710 1081 perpetuo
733 998 896 1081 fruituros,
926 998 1073 1062 videlicet
1104 997 1190 1079 quod
1212 995 1357 1061 Saxones
1384 997 1423 1060 de
1446 997 1521 1061 sede
1543 997 1761 1080 Medyesaeeh,

365 1100 404 1164 de
420 1099 512 1165 Seelk
535 1108 567 1165 01
589 1102 628 1165 (10
644 1100 795 1165 Saoheellr
818 1106 850 1165 et
871 1101 1014 1165 universi
1037 1101 1077 1163 ad
1100 1101 1226 1164 easdem
1249 1100 1341 1164 sedes
1362 1101 1558 1184 pertinentes
1580 1101 1621 1165 ab
1641 1102 1762 1166 honore

364 1203 531 1267 nobiscum
554 1205 773 1269 exercituandi
795 1207 860 1269 sint
881 1205 1019 1269 absoluti
1041 1211 1074 1269 01
1096 1206 1242 1288 exempti.
1279 1203 1360 1268 Item
1383 1224 1403 1267 a
1424 1204 1551 1269 (1011010
1573 1204 1761 1268 victualium
1796 1214 1812 1265 5

365 1313 398 1371 01
419 1308 630 1372 descensuum
654 1309 808 1392 regalium
831 1309 1026 1373 absolvimus
1042 1309 1179 1389 eosdem,
1202 1307 1256 1370 tali
1279 1312 1386 1370 tamen
1401 1309 1583 1372 conditione
1604 1328 1662 1392 per
1677 1309 1763 1392 ipsos

365 1416 536 1495 assumpta,
564 1418 602 1477 ut
630 1412 724 1475 iidem
748 1410 893 1475 Saxones
922 1411 962 1475 de
984 1411 1203 1494 Modyeszeeh,
1236 1410 1275 1474 de
1298 1408 1391 1474 Seelh
1421 1417 1454 1475 ot
1483 1412 1522 1476 de
1545 1410 1697 1476 Saohcelk
1725 1431 1763 1475 ac

365 1515 508 1579 universi
535 1516 574 1578 ad
611 1516 739 1579 easdem
772 1515 863 1579 sedes
893 1516 1120 1597 quoquomodo
1154 1516 1350 1599 pertinentes
1384 1514 1517 1598 singulis
1550 1514 1642 1578 aunis
1678 1515 1762 1578 circa

365 1618 482 1680 festum
512 1617 594 1681 beati
618 1618 747 1682 Martini
776 1619 966 1683 confessoris
989 1619 1237 1702 quadringentas
1264 1637 1385 1681 marcas
1408 1617 1483 1681 boni
1505 1624 1538 1682 01
1559 1617 1615 1681 fini
1637 1619 1760 1701 argenti

364 1740 437 1783 oum
467 1722 607 1804 pondere
636 1721 836 1803 Scybiniensi
866 1721 1052 1786 difficultate
1082 1728 1114 1785 et
1142 1722 1307 1785 occasione
1341 1721 1482 1803 qualibet
1514 1741 1580 1785 non
1616 1721 1761 1785 obstante
1796 1731 1832 1786 10

364 1822 456 1888 nobis
478 1825 554 1889 dare
577 1831 609 1889 et
630 1824 754 1890 solvero
776 1824 980 1889 tenebuntur.
1017 1825 1176 1890 Volumus
1199 1825 1303 1908 etiam,
1333 1830 1371 1889 ut
1396 1824 1430 1886 in
1452 1825 1578 1889 iudiciis
1608 1825 1760 1889 iaciendis

364 1932 397 1991 et
418 1929 523 1992 causis
538 1929 767 2010 examinandis,
790 1929 923 1993 eandem
944 1930 1238 2007 consuetudinem)
1262 1930 1399 1993 habeant
1413 1933 1445 1992 et
1459 1927 1604 1992 libertate
1619 1933 1761 2011 utanhir,

366 2050 431 2113 qua
451 2032 644 2096 universitas
666 2030 831 2095 Saxonum
855 2033 894 2096 de
917 2031 1080 2115 Scybinyo
1103 2031 1219 2095 habere
1248 2031 1488 2114 dignoscuntur.
1531 2031 1572 2095 In
1601 2032 1693 2095 ouius
1715 2031 1761 2096 rei

367 2134 551 2197 memoriam
572 2142 824 2218 perpetuamque
844 2135 1026 2200 firmitatem
1049 2140 1232 2220 praesentes
1259 2136 1473 2199 concessimus
1495 2134 1604 2199 literas
1626 2134 1761 2218 duplicis

365 2237 459 2319 sigilli
482 2239 584 2301 nostri
606 2241 782 2303 munimine
812 2239 984 2303 roboratas.
1029 2238 1149 2303 Datum
1170 2258 1228 2323 per
1249 2259 1364 2303 manus
1386 2239 1515 2303 discreti
1537 2238 1598 2301 viri
1619 2237 1762 2321 magistri
1798 2250 1832 2303 15

364 2341 520 2406 Johannis
541 2342 692 2407 Albensis
721 2344 871 2408 ecclesiae
901 2344 1081 2428 praepositi,
1111 2342 1203 2407 aulae
1229 2347 1356 2407 nostrae
1386 2342 1636 2406 vicecancellarii
1658 2349 1690 2405 et
1711 2361 1761 2404 ar·

365 2445 540 2509 ohidiaooni
563 2447 602 2510 de
624 2446 774 2511 lerullo
805 2447 910 2512 dilecti
940 2454 973 2511 et
993 2447 1096 2511 fidelis
1118 2445 1228 2525 nostri,
1251 2464 1335 2508 anno
1365 2446 1485 2509 domini
1507 2445 1674 2509 millesimo
1697 2450 1761 2510 tre·

365 2550 537 2613 centesimo
560 2550 682 2614 decimo
699 2557 820 2633 octavo,
842 2529 925 2615 iiii]
946 2549 1107 2614 Kalendas
1122 2548 1294 2630 Februarii,
1317 2549 1406 2631 regni
1430 2553 1538 2613 autem
1559 2549 1661 2612 nostri
1676 2568 1759 2612 anno

365 2653 509 2717 shniliter
539 2654 661 2717 decimo
692 2659 813 2717 octavo.
850 2653 1096 2718 Venerabilibus
1125 2652 1269 2736 patribus
1296 2652 1424 2715 domino
1447 2651 1566 2715 'lhoma
1588 2652 1638 2715 dei
1661 2653 1762 2735 gratia

366 2754 592 2839 strigoniensis
623 2758 748 2841 locique
779 2758 922 2821 eiusdem
952 2758 1066 2821 comite
1095 2763 1259 2841 perpetuo,
1289 2756 1435 2820 Ladizlao
1459 2755 1641 2820 Colocensis
1670 2756 1762 2820 aulae
1797 2766 1832 2821 20

365 2865 492 2923 nostrae
515 2860 702 2924 cancellario
719 2859 923 2924 ecclesiarum
946 2861 1197 2945 archiepiscopis
1221 2860 1380 2945 Stephano
1404 2860 1654 2943 Wesprimiensi,
1677 2859 1761 2922 Mar·

365 2965 432 3027 tino
454 2966 613 3047 Agriensi,
642 2963 790 3027 Johanne
811 2964 973 3046 Nitriensi,
995 2965 1155 3047 Agustino
1182 2963 1394 3047 Zagrabiensi,
1425 2963 1572 3027 Ladizlao
1596 2962 1760 3046 (1111010-

365 3068 556 3149 eoelesiensi,
586 3067 717 3132 Nioolao
747 3068 918 3150 lauriensi,
951 3069 1124 3132 Beuedioto
1155 3066 1375 3151 Chanadiensi,
1409 3066 1545 3149 Georgio
1575 3065 1760 3149 Syrmiensi,

365 3170 538 3235 Benedicto
560 3171 768 3235 'lbansiluano
792 3177 824 3235 et
838 3171 969 3235 Iwanlra
982 3171 1184 3235 Waradiensi
1206 3171 1362 3255 episcopis
1384 3170 1532 3233 ecclesias
1555 3171 1606 3235 dei
1628 3170 1762 3235 feliciter

365 3274 626 3358 gubernantibus.
655 3273 816 3339 Demetrio
838 3275 989 3357 magistro
1014 3275 1250 3339 tavernioorum
1272 3280 1464 3356 nostrorum,
1486 3272 1653 3338 Dominioo
1675 3275 1760 3359 pala-
1795 3285 1830 3338 25

365 3379 441 3459 tine,
464 3378 631 3461 Lamperto
654 3378 759 3442 iudice
782 3378 888 3442 curiae
911 3384 1047 3460 nostrae,
1079 3378 1174 3442 Petro
1197 3377 1262 3441 filio
1286 3376 1460 3460 Compoldi,
1483 3378 1633 3460 magistro
1657 3385 1761 3443 taver-

364 3483 507 3545 nioorum
532 3482 678 3545 dominae
700 3482 837 3564 reginae,
870 3483 1026 3546 consortis
1049 3489 1176 3547 nostrae
1199 3482 1378 3545 carissimae
1401 3482 1579 3562 ceterisque
1602 3481 1762 3547 nobilibus

364 3586 454 3668 regni
477 3586 578 3649 nostri
601 3585 770 3649 comitatus
779 3586 801 3663 Β)
825 3586 1008 3650 tenentibus
1031 3591 1063 3650 et
1084 3586 1229 3650 honores

1020 3878 1113 3961 355.

441 4046 543 4115 1318
564 4042 723 4115 Febraor
748 4048 808 4114 16.
835 4041 953 4132 Koraia
978 4041 1074 4113 Korl
1091 4042 1248 4132 beatdttpt
1273 4042 1365 4113 seiae
1391 4039 1555 4112 Urbaade
1581 4063 1645 4112 000
1667 4042 1759 4113 01000-
1795 4060 1831 4114 ao

365 4164 477 4235 selben
510 4164 605 4236 Jotr
641 4163 708 4235 Nr.
744 4165 826 4235 353
861 4164 1045 4253 betreffcad
1078 4163 1134 4234 dia
1168 4161 1357 4253 Beaitaaup
1391 4161 1566 4233 Zolotbao
1592 4164 1664 4251 fair
1697 4163 1761 4234 doe

373 4284 653 4375 Weissenborper
678 4285 831 4376 Kopitel.

521 4431 725 4501 Einyeacboltet
741 4447 795 4485 000
812 4431 908 4500 Kdaiq
925 4430 1000 4484 Karl
1018 4433 1095 4498 1326,
1115 4429 1192 4499 Orip.
1210 4427 1420 4498 Kopitrlorciaio
1437 4428 1605 4498 Kariohurp.

526 4535 750 4605 110001101100119.Ι
769 4533 1027 4590 ermanaricum
1044 4537 1087 4589 25.

522 4638 633 4709 Raptam
654 4638 816 4693 Torttnelmi
833 4637 880 4691 1010
898 4641 975 4706 1889,
993 4640 1053 4692 582.
1795 4639 1829 4692 35

520 4796 658 4860 Karolus
680 4796 731 4859 dei
753 4796 854 4878 gratia
867 4795 1061 4879 Hungariae,
1083 4794 1272 4877 Dalmaciae,
1296 4794 1454 4877 Croaciae,
1476 4794 1604 4877 Ramae,
1620 4794 1760 4876 Samiae,

365 4900 523 4982 Gallioiae,
545 4900 760 4981 Lodomeriae,
784 4899 957 4964 Cumaniae
978 4899 1212 4982 Bulgariaeque
1234 4918 1292 4963 rex
1312 4897 1460 4962 omuibus
1476 4897 1592 4961 Christi
1613 4897 1761 4962 fidehbus

365 5021 516 5085 praesens
544 5003 699 5086 scriptum
726 5003 916 5085 inspecturis
945 5003 1081 5066 salutem
1102 5003 1137 5065 in
1160 5002 1303 5064 omnium
1325 5000 1490 5064 salvatore.
1534 4999 1604 5065 Etsi
1627 5020 1760 5084 magnac

365 5107 494 5170 virtutis
517 5107 576 5169 hoo
596 5107 631 5167 in
645 5105 843 5188 principibus
865 5112 897 5169 et
918 5105 1076 5170 laudabile
1091 5105 1276 5190 reperiatur,
1298 5109 1336 5168 ut
1351 5103 1577 5168 beneficiorum
1593 5103 1760 5186 largitione

365 5229 442 5273 suos
456 5206 567 5274 fideles
589 5214 622 5272 01
644 5208 777 5271 devotos
795 5214 1017 5291 prosequatur,
1039 5213 1227 5273 tamennon
1241 5208 1357 5271 minori
1371 5207 1528 5271 virtutum
1550 5207 1625 5271 sede
1641 5207 1760 5272 residet
1793 5212 1829 5267 to

366 5332 404 5377 ea
431 5313 472 5376 ad
502 5318 620 5376 statum
649 5312 819 5394 pristinum
851 5313 1014 5376 sanctione
1040 5312 1234 5396 pragmatica
1261 5330 1429 5395 revocare,
1463 5330 1546 5393 quae
1575 5311 1762 5394 cognoverit

523 5447 543 5514 ¹)
566 5446 698 5517 Vorlape:
715 5433 906 5501 oosuttrdinem.

521 5533 543 5603 ¹)
564 5531 697 5603 Vorlapa:
714 5532 888 5588 eomitatibus.
