4084 6302
993 630 1148 727 *pra

371 813 553 880 nominatae
575 815 616 879 ad
637 820 779 881 cauum
801 822 946 881 nostmm
968 817 1068 884 Deua
1096 820 1270 905 applicatae
1301 825 1455 905 perpetuo
1488 821 1645 905 badium,
1676 842 1772 906 quam

371 936 431 982 vos
451 917 591 1002 hospites
614 919 653 984 de
676 919 839 985 Zelendnlr
861 922 934 985 usui
957 929 1065 988 vestro
1088 944 1243 1009 usurpare
1275 925 1366 1007 velle,
1389 945 1447 989 vos
1477 931 1582 991 antem
1613 927 1711 991 ricini
1740 934 1773 992 et

371 1022 580 1087 commetanei
602 1024 745 1088 eiusdem
766 1024 954 1089 usufructus
976 1031 1008 1090 et
1031 1026 1183 1092 utilitates
1204 1028 1306 1112 ipsius
1328 1029 1485 1093 violenter
1507 1031 1670 1113 percipere
1693 1050 1772 1112 que-

370 1125 579 1192 rimonialiter
600 1127 750 1210 dicimini,
780 1128 900 1193 eisdem
921 1129 1082 1195 nobilibus
1111 1132 1301 1196 remittendo
1332 1133 1418 1216 ipsos
1445 1132 1573 1216 pacifice
1603 1139 1635 1198 et
1664 1134 1772 1216 quiete

369 1248 560 1295 wnservare
580 1232 785 1296 intendamus
806 1237 844 1295 ut
865 1237 1012 1298 anemur
1032 1234 1067 1296 in
1089 1235 1209 1316 eadenn
1231 1234 1376 1299 fidelitati
1398 1241 1524 1302 veahae
1546 1243 1580 1302 et
1598 1237 1769 1303 cuiuslibet
1803 1248 1821 1296 5

370 1338 553 1399 vestrorum
574 1334 667 1399 firmo
690 1335 750 1400 snb
773 1336 876 1400 edicto
898 1338 1128 1421 praecipientes
1151 1340 1348 1421 mandamus,
1365 1345 1524 1422 quatenus
1547 1360 1567 1405 a
1588 1343 1770 1426 receptione

369 1439 585 1522 praesentium
615 1440 656 1505 de
684 1441 893 1524 usurpatione
923 1448 956 1505 et
988 1442 1196 1526 occupatione
1230 1443 1386 1507 dictarum
1419 1449 1577 1509 terrarum
1610 1446 1770 1530 praefatae

369 1542 579 1625 possessionis
601 1548 633 1607 et
654 1543 842 1608 usufructus
864 1564 901 1608 ac
925 1544 1098 1609 utilitatum
1120 1546 1263 1611 eiusdem
1291 1548 1501 1630 possessionis
1528 1550 1669 1614 violenta
1697 1570 1769 1634 per·

368 1646 515 1729 ceptione
530 1646 680 1731 deinceps
695 1647 824 1711 omnino
847 1648 999 1714 desistere
1014 1649 1164 1733 debeatis,
1180 1650 1267 1714 aliud
1282 1651 1365 1715 sicut
1379 1670 1439 1715 nos
1454 1652 1594 1734 grunitu
1609 1651 1769 1718 offendere

366 1749 588 1833 pertimescitis
617 1771 684 1815 non
713 1751 842 1834 tacturi,
876 1758 1026 1818 caventes
1056 1754 1268 1837 permaxime,
1302 1774 1343 1818 ne
1374 1773 1471 1838 super
1500 1756 1560 1819 hoc
1590 1756 1629 1819 de
1661 1760 1766 1820 cetero
1805 1764 1840 1817 10

367 1853 464 1917 iidem
496 1853 620 1919 nobiles
653 1854 745 1919 nobis
778 1857 932 1937 conqueri
965 1857 1203 1941 compellantur.
1234 1856 1353 1921 Datum
1386 1858 1420 1920 in
1451 1858 1656 1941 Wyssegrad,
1690 1859 1769 1922 teria

367 1958 482 2039 quinta
512 1958 661 2042 proxima
693 1964 765 2042 post
798 1958 914 2023 testum
948 1960 1059 2024 beatae
1081 1961 1225 2044 Agathae
1259 1961 1391 2044 virginis
1425 1969 1458 2025 et
1490 1962 1649 2043 martyris,
1681 1982 1766 2025 anno

367 2060 489 2124 nomini
514 2061 681 2126 molesmo
705 2039 790 2126 cod.
812 2061 910 2128 xasa
932 2064 1043 2147 primo.

531 2195 626 2264 Unter
648 2199 715 2264 m
738 2197 853 2284 siaa:
875 2200 998 2266 Relatio
1021 2204 1176 2267 vaivodae
1198 2223 1255 2288 per
1278 2203 1464 2287 magistrum
1486 2203 1626 2268 Pethew,

1021 2549 1115 2631 564.
1803 2577 1839 2630 15

400 2748 402 2752 ·
442 2729 542 2799 1341
575 2726 736 2800 Fabrater
770 2730 834 2800 23.
889 2728 966 2800 Dua
1001 2726 1280 2820 Weisaeaburper
1314 2729 1460 2821 Kapitel
1495 2729 1648 2821 baeupt,
1686 2730 1767 2803 dass

369 2847 487 2922 Comes
516 2848 685 2923 hbltclous
711 2851 767 2923 die
793 2849 920 2938 Hdlstc
946 2873 1010 2922 voa
1038 2849 1238 2923 &astabat
1263 2875 1310 2923 oa
1341 2850 1459 2923 Cocles
1486 2850 1642 2923 Michoel
1666 2852 1764 2922 aba·

364 2970 477 3043 maen
510 2971 572 3042 but
604 2992 713 3062 papea
738 2971 897 3062 Zubiunp
923 2995 988 3044 oon
1017 2975 1070 3043 32
1095 2972 1206 3043 Mart
1233 2972 1345 3043 Silber
1380 2973 1454 3045 aad
1478 2978 1581 3045 auter
1606 2973 1669 3044 der
1695 2972 1763 3045 Be·

366 3092 530 3183 diapaap,
559 3092 642 3164 dass
668 3094 825 3165 lactem
851 3094 947 3165 taine
972 3093 1098 3164 Mri'hle
1123 3093 1271 3165 daselbst
1297 3094 1452 3166 erricbte.

522 3254 598 3325 Oris.
616 3254 697 3327 Pers.
721 3256 825 3326 Unpar.
838 3255 1045 3310 Laudanda
1063 3257 1215 3324 Budupost.
1235 3257 1331 3326 Stoyci,
1349 3256 1432 3325 rand,
1451 3257 1559 3311 casses
1576 3257 1685 3326 Wocba,
1703 3274 1762 3312 war
1798 3259 1836 3314 20

468 3343 525 3410 aas
537 3342 587 3397 der
605 3342 748 3397 Rickseite
766 3342 955 3412 uuspcdrtlolrt.

521 3516 589 3581 Nos
619 3517 794 3601 capitulum
828 3518 978 3582 ecclesiae
1007 3518 1251 3582 Transsiluanae
1283 3519 1500 3601 significamus
1530 3526 1641 3584 tenore
1671 3538 1762 3604 prae·

364 3620 501 3683 sentium
518 3620 636 3702 quibus
656 3621 786 3705 expedit
800 3620 970 3699 universis,
987 3622 1074 3703 quod
1090 3618 1209 3702 domes
1224 3622 1389 3707 Nico]laus
1404 3622 1489 3688 fflius
1505 3623 1632 3707 Lopreti
1648 3622 1763 3687 nobilis

363 3723 403 3786 de
425 3721 529 3804 Dalya
558 3722 598 3787 ab
627 3744 694 3788 nna
715 3730 804 3808 parte
827 3730 859 3787 et
880 3744 987 3788 comes
1009 3724 1154 3807 Mychael
1181 3726 1279 3789 frater
1300 3727 1442 3790 eiusdem
1472 3729 1618 3792 uterinus
1647 3727 1763 3790 nobilis

362 3827 402 3890 de
424 3827 533 3891 eadem
563 3847 605 3891 ex
635 3828 734 3891 altera
763 3846 869 3891 coram
899 3826 991 3892 nobis
1021 3828 1230 3911 personaliter
1259 3832 1423 3895 constituti
1453 3832 1605 3895 dixerunt
1633 3837 1665 3896 et
1689 3851 1761 3916 prc-
1797 3837 1833 3891 25

362 3938 541 4014 posuerunt
556 3931 684 3995 oraculo
697 3931 790 3994 vivae
802 3931 899 4013 nocie,
912 3932 997 4013 quod
1012 3933 1159 4013 quamvis
1170 3953 1266 4016 snper
1281 3935 1457 3999 mutatione
1473 3953 1530 3998 sen
1546 3936 1762 4018 amputatione

362 4054 477 4099 manus
507 4035 649 4099 eiusdem
680 4034 805 4098 comitis
827 4034 990 4100 Michaelis
1019 4036 1236 4119 pereundam
1267 4038 1414 4102 comitem
1435 4037 1603 4102 Nicolaum
1633 4037 1760 4100 fratrem

363 4158 459 4202 suum
480 4139 569 4202 illata
590 4158 656 4202 non
678 4139 803 4202 modica
825 4138 985 4202 contentio
1008 4138 1105 4202 luent
1132 4147 1218 4204 mota
1243 4141 1328 4205 inter
1348 4143 1435 4226 ipsos
1457 4148 1490 4206 et
1511 4145 1633 4223 exorta,
1655 4145 1762 4205 umen

361 4246 399 4306 ut
423 4243 463 4306 de
485 4243 590 4307 medio
612 4243 755 4327 ipsorum
778 4244 881 4307 omnis
903 4243 986 4307 livor
1009 4249 1192 4327 amputetur
1212 4244 1351 4308 invidiae
1374 4263 1415 4307 ex
1438 4245 1666 4327 compositione
1688 4263 1761 4328 pro-

360 4344 475 4409 borum
498 4348 641 4410 virorum
656 4347 889 4411 interveniente
903 4347 938 4408 in
953 4346 1049 4409 talem
1065 4348 1152 4429 pacis
1171 4347 1376 4411 devenissent
1391 4348 1551 4431 unionem,
1575 4348 1661 4429 quod
1675 4348 1757 4411 idem
1795 4355 1832 4408 30

359 4468 467 4513 comes
489 4449 641 4513 Nicolaus
663 4449 890 4513 dimidietatem
919 4450 1084 4513 cniusdam
1108 4452 1316 4534 possessionis
1344 4470 1421 4513 suae
1443 4451 1608 4515 Gussnhul
1629 4458 1761 4515 vocaus

358 4552 393 4615 in
414 4536 579 4617 vicinitate
609 4558 642 4617 et
670 4551 808 4616 confinio
838 4553 976 4617 civitatis
999 4554 1101 4618 Sabus
1131 4556 1306 4635 existentis,
1337 4573 1419 4636 quae
1447 4556 1576 4637 quidem
1602 4557 1760 4640 possessio

359 4655 525 4722 Gussnbul
539 4662 653 4721 vocata
674 4656 748 4721 licet
763 4662 857 4721 antea
870 4657 1014 4741 ipsorum
1028 4657 1133 4721 fuerat
1148 4658 1345 4737 hereditaria,
1365 4665 1472 4723 tamen
1494 4660 1570 4723 olim
1592 4659 1761 4723 alienatam

356 4759 397 4824 ab
412 4760 530 4825 eudem
546 4761 630 4825 idern
646 4779 753 4826 comes
767 4761 919 4825 Nicolaus
934 4781 953 4824 a
968 4761 1095 4824 domino
1116 4780 1190 4845 rege
1206 4769 1238 4825 et
1251 4762 1370 4826 Thema
1386 4762 1522 4826 vaivcda
1534 4761 1759 4826 Transsiluano

356 4865 492 4949 propriis
514 4865 611 4929 rebus
635 4865 702 4929 suis
729 4869 761 4927 et
792 4863 996 4928 facultatibus
1025 4865 1212 4929 redemisset
1235 4872 1271 4930 ut
1296 4867 1449 4931 dixerunt
1471 4885 1545 4930 cum
1569 4865 1758 4929 utilitatibus
1793 4872 1829 4928 35

357 4974 390 5033 et
411 4969 613 5053 pertinentiis
635 4967 795 5053 universis
825 4967 967 5030 eiusdem
990 4969 1192 5033 dimidietatis
1222 4970 1321 5053 partis
1342 4970 1551 5054 possessionis
1573 4969 1758 5051 antedictae,

357 5071 446 5136 salvo
469 5092 535 5136 uno
558 5071 741 5136 molendino
756 5070 790 5132 in
805 5068 905 5133 fluvio
922 5070 1020 5136 Sebes
1035 5074 1120 5136 circa
1133 5072 1230 5137 mem
1246 5074 1387 5138 eiusdem
1403 5073 1614 5159 possessionis
1636 5092 1654 5136 a
1669 5078 1758 5156 parte

356 5175 544 5241 occidentali
567 5176 683 5240 situata
706 5174 767 5238 sibi
788 5181 973 5240 remanente
994 5195 1053 5260 pro
1075 5176 1159 5241 dicta
1182 5178 1380 5243 mutilatione
1402 5196 1518 5241 manus
1540 5176 1683 5240 eiusdem
1705 5195 1758 5239 co·

356 5279 443 5343 mitis
464 5278 628 5344 Michaelis
643 5277 791 5360 dedisset,
807 5277 996 5361 tradidisset,
1019 5280 1206 5345 contulisset
1228 5287 1260 5346 et
1274 5302 1381 5345 coram
1396 5280 1488 5345 nobis
1511 5279 1606 5363 dedit,
1629 5279 1758 5343 tradidit

356 5386 389 5447 et
410 5382 547 5446 contulit
569 5400 663 5467 saepe
686 5382 770 5445 dicto
793 5381 901 5444 comiti
923 5380 1070 5447 Michaeli
1091 5383 1182 5448 fratri
1204 5402 1263 5448 suo
1294 5384 1419 5448 uterino
1443 5390 1474 5448 et
1499 5402 1557 5467 per
1587 5401 1661 5447 eum
1690 5383 1757 5447 suis
1791 5389 1828 5445 40

353 5484 525 5552 heredibus
546 5486 766 5567 heredumque
788 5503 920 5548 snorum
936 5485 1174 5550 successoribus
1188 5487 1259 5550 iure
1280 5492 1434 5570 perpetuo
1454 5486 1687 5571 possidendam,
1710 5493 1756 5550 te-
