4088 6292
891 556 1047 652 ’166-

428 741 504 813 0116.
523 744 603 814 Ρ666.
621 741 831 813 Kapiularclato
848 741 1016 813 1166161666.
1047 740 1136 812 816661
1151 741 1227 809 fehlt,
1245 757 1306 796 war
1322 741 1354 795 16
1371 740 1478 797 16619666
1501 741 1602 796 Woclts
1619 741 1676 809 aas

372 830 421 884 der
439 829 583 885 1166166116
601 830 789 899 ausqedn‘aclct.

408 950 519 1005 Druck:
543 949 659 1005 Kalena
678 951 753 1005 Hac.
772 950 832 1005 crit.
856 950 906 1017 VI,
931 954 990 1006 980.
1016 949 1146 1004 &medai
1164 948 1255 1004 Series
1271 953 1314 1003 28.
1334 950 1459 1018 Battydu
1477 949 1563 1018 Lepas
1581 949 1669 1003 666166.

373 1036 418 1102 Π,
435 1040 495 1091 488.
514 1036 601 1103 r‘ejer
621 1037 711 1092 061166
733 1037 766 1104 V,
783 1040 809 1104 3,
827 1041 886 1091 408.
909 1036 1022 1090 Teutaclr
1039 1053 1067 1089 u.
1086 1035 1247 1089 Firnlraher
1265 1034 1337 1089 seo.
1360 1035 1442 1090 Urke.
1461 1035 1488 1101 Ι,
1507 1040 1565 1089 145.

426 1156 539 1227 11666916
561 1158 724 1212 Tdrtduclms'
741 1157 787 1212 tdr
805 1162 883 1223 1889,
900 1160 961 1213 673.

425 1349 493 1413 Ν69
517 1349 682 1414 [6111916119
713 1350 764 1414 dei
793 1350 895 1433 gratia
923 1369 982 1414 161
1003 1349 1189 1432 Hungariae
1217 1350 1388 1413 memoriae
1414 1349 1672 1413 commendantes

270 1451 485 1535 significamus
516 1452 633 1535 quibus
663 1454 794 1537 expedit
823 1453 991 1535 universis,
1022 1452 1108 1535 quod
1138 1452 1315 1516 secundum
1345 1452 1535 1517 sententiam
1564 1452 1672 1516 iudicii

270 1557 372 1619 nostri
400 1557 551 1639 magister
578 1555 722 1639 Regulus
755 1562 788 1620 et
817 1556 938 1620 Paulus
972 1557 1112 1620 decanus
1142 1555 1298 1639 plebanus
1328 1554 1368 1618 de
1392 1555 1499 1639 Apold
1528 1558 1673 1620 canonici

270 1659 427 1723 Albenses
456 1660 535 1724 feria
564 1661 658 1723 161116
679 1660 826 1744 proxima
855 1667 927 1744 post
956 1660 1075 1723 festum
1098 1659 1182 1722 beati
1203 1658 1308 1722 Lucae
1331 1659 1544 1742 evangelistae
1565 1681 1673 1724 coram

203 1770 237 1824 10
271 1761 383 1826 eodem
412 1762 551 1846 capitulo
580 1769 747 1846 praesente
777 1764 913 1827 discreto
943 1764 1012 1826 viro
1043 1762 1191 1826 «Iohanne
1220 1762 1399 1845 praeposito
1422 1762 1618 1827 Scebiniensi
1641 1769 1673 1828 et

271 1866 384 1929 comite
406 1865 502 1930 Petro
524 1864 589 1929 filio
612 1866 774 1930 Samsonis
796 1866 978 1929 hominibus
1001 1866 1118 1929 nostris
1141 1871 1253 1928 6611116
1278 1866 1464 1947 magistrum
1486 1866 1598 1950 Kopoz
1620 1887 1673 1930 co-

271 1970 380 2033 mitem
403 1969 442 2033 de
465 1969 596 2053 Vgacha
618 1975 852 2034 sacramentum
867 1975 1028 2052 praestare
1050 1967 1236 2032 debuissent
1257 1986 1417 2051 supereo,
1440 1971 1526 2051 quod
1543 1991 1602 2035 nee
1616 1990 1674 2055 per

271 2072 437 2137 dominum
459 2073 578 2155 Belum
609 2092 668 2137 nec
698 2093 756 2157 per
785 2072 950 2135 domiuum
973 2070 1178 2155 Stephanum,
1208 2089 1267 2134 nec
1298 2090 1356 2154 per
1377 2072 1517 2155 aliquem
1539 2075 1591 2138 191
1617 2094 1674 2158 per

271 2175 396 2257 aliquos
425 2176 566 2240 illustres
596 2195 687 2260 reges
708 2176 894 2259 Hungariae
924 2195 982 2258 pro
1005 2174 1135 2237 decimis
1166 2174 1242 2238 dicti
1264 2174 1425 2239 districtus
1447 2177 1577 2259 Vgaeha
1598 2198 1674 2241 con-

204 2288 238 2340 15
273 2279 432 2343 cambium
447 2279 577 2360 aliquod
593 2280 787 2363 episcopatui
802 2278 1027 2342 Transsiluauo
1043 2277 1108 2340 ullo
1131 2297 1284 2359 umquam
1305 2284 1446 2361 tempore
1468 2281 1510 2343 sit
1524 2280 1674 2344 collatum

272 2382 325 2447 161
344 2382 506 2446 donatum.
529 2382 738 2447 Postmodum
760 2383 857 2446 iidem
878 2382 1042 2445 Johannes
1063 2382 1263 2465 praepositus
1279 2381 1491 2447 Scebiniensis
1514 2389 1546 2449 61
1568 2404 1674 2449 comes

272 2486 388 2549 Petrus
410 2505 467 2569 per
488 2486 596 2550 literas
619 2506 694 2550 suas
716 2485 810 2548 nobis
824 2486 1064 2569 rescripserunt,
1088 2486 1175 2568 quod
1197 2485 1293 2549 iidem
1311 2488 1462 2570 magister
1476 2487 1619 2571 Regulus
1642 2496 1674 2552 et

272 2588 393 2652 Panlus
423 2589 563 2653 decanus
585 2590 625 2653 ad
647 2590 754 2654 locum
776 2591 965 2654 sacramenti
987 2590 1064 2672 ipsis
1085 2589 1308 2673 praesentibus
1330 2589 1526 2671 accedentes,
1553 2590 1587 2653 in
1610 2595 1674 2654 ter-

272 2692 359 2755 mino
375 2698 560 2776 praenotato
580 2700 746 2777 praesente
761 2694 876 2758 comite
891 2693 1023 2758 Nicolao
1045 2693 1111 2757 filio
1126 2694 1275 2757 Andreae
1292 2693 1419 2757 homine
1435 2692 1509 2756 dicti
1533 2694 1673 2777 magistri

204 2804 239 2858 20
273 2795 384 2879 Kopoz
398 2797 504 2880 ipsum
519 2797 735 2861 iuramentum
749 2799 938 2882 recipientes
953 2798 1073 2862 dietum
1086 2804 1320 2862 sacramentum
1334 2798 1565 2881 praestitissent
1579 2798 1674 2861 modo

275 2901 424 2985 superius
438 2907 599 2965 annotato.
622 2901 689 2965 Nos
704 2902 810 2985 igitur,
830 2902 883 2965 cui
896 2902 1031 2966 interest
1044 2920 1311 2984 unumquemque
1326 2910 1358 2965 et
1373 2902 1512 2965 maxime
1527 2902 1675 2966 ecclesias

273 3004 324 3068 dei
345 3004 380 3067 in
399 3023 498 3088 regno
523 3011 631 3068 nostro
655 3006 830 3069 existentes
851 3006 886 3069 in
911 3005 978 3069 suis
1000 3004 1125 3068 iuribus
1140 3023 1330 3069 conservare
1352 3011 1385 3069 61
1406 3006 1540 3090 singulis
1561 3007 1596 3069 in
1618 3025 1677 3070 sua

272 3108 394 3172 institia
423 3108 556 3173 reddere
578 3109 739 3191 iustitiam,
769 3110 853 3193 ipsus
884 3110 1021 3174 decimas
1051 3110 1091 3174 de
1113 3108 1251 3192 Vgaeha,
1282 3127 1363 3190 quas
1392 3108 1496 3174 dictus
1526 3110 1677 3193 magister

272 3210 384 3294 Kopoz
413 3212 508 3275 modo
538 3217 698 3296 praetacto
729 3220 878 3297 suggesta
904 3214 1039 3278 falsitate
1061 3219 1094 3277 et
1115 3230 1285 3296 suppressa
1306 3212 1440 3276 veritate
1461 3232 1481 3275 a
1502 3213 1594 3276 nobis
1616 3212 1676 3277 sibi

204 3321 238 3376 25
274 3315 343 3379 dari
363 3315 548 3398 postularat,
563 3315 759 3380 reddidimus
782 3321 814 3380 et
832 3317 1031 3380 restituimus
1046 3316 1129 3380 dicto
1145 3315 1341 3400 episcopatui
1362 3315 1587 3381 Transsduano
1602 3336 1677 3381 cum

273 3419 361 3482 omni
390 3419 572 3503 integritate
594 3419 771 3483 secundum
795 3421 881 3502 quod
912 3421 991 3484 61169
1013 3421 1153 3484 decimae
1175 3420 1209 3482 in
1239 3419 1357 3482 diocesi
1379 3419 1454 3483 dicti
1476 3421 1677 3503 episcopatus

272 3542 330 3606 pro
353 3522 466 3587 eodem
489 3523 674 3606 episcopatu
697 3522 782 3605 exigi
804 3529 1043 3588 cousuevenmt
1065 3524 1103 3586 ab
1127 3525 1269 3605 antiquo,
1300 3529 1491 3606 perpetuum
1513 3523 1675 3587 silentium

274 3626 358 3689 dicto
392 3626 543 3709 magistro
577 3625 688 3710 Kopoz
722 3625 775 3701 161
807 3626 902 3690 6116111
937 3627 1027 3690 611611
1060 3646 1157 3710 super
1189 3627 1272 3689 facto
1307 3625 1409 3690 dictae
1446 3626 1585 3690 decimae
1618 3628 1677 3689 im-

273 3735 437 3812 ponentes.
475 3729 518 3794 Et
546 3749 587 3793 ne
618 3748 675 3812 per
706 3730 887 3813 quempiam
913 3748 1065 3813 processu
1089 3734 1268 3813 temporum
1290 3728 1395 3793 161661
1416 3730 1451 3793 in
1472 3730 1599 3794 irritum
1628 3750 1677 3793 re-

204 3839 240 3894 30
274 3834 391 3913 vocari,
421 3834 609 3897 auctoritate
638 3834 854 3916 praesentium
886 3833 1038 3896 duximus
1061 3831 1322 3896 confirmandum.
1358 3831 1477 3895 Datum
1505 3832 1539 3894 in
1568 3832 1678 3914 Braso,

274 3936 308 3997 in
330 3935 439 4018 vigilia
468 3936 685 4020 apostolorum
711 3936 860 4019 Symonis
891 3941 924 4000 91
951 3936 1065 4019 dudae,
1099 3957 1183 3999 anno
1212 3937 1332 3999 domini
1362 3935 1528 3999 millesimo
1560 3937 1678 3999 ducen-

275 4039 388 4103 tesimo
414 4040 606 4123 octogesimo
630 4046 751 4104 661616.

933 4421 1023 4508 226.

361 4601 936 4697 17666666612891116128.
981 4605 1117 4694 Petrae,
1144 4606 1298 4694 Bactros
1321 4628 1386 4678 666
1412 4602 1677 4696 &aalma

207 4740 242 4794 sc
279 4722 425 4815 1666661,
453 4725 534 4799 dass
560 4727 624 4798 dcc
649 4726 929 4818 chsauarqer
955 4726 1100 4818 Kapitel
1125 4727 1202 4798 61666·
1230 4725 1348 4798 Tacite
1374 4725 1433 4797 des
1458 4725 1681 4797 Mediusclrer

276 4843 430 4917 Zelatca
448 4846 521 4935 ssu
544 4847 802 4939 6166161161
828 4846 942 4919 Silder
960 4845 1116 4936 jdlulicla
1142 4845 1208 4918 den
1234 4845 1392 4936 dortipea
1416 4844 1593 4934 Horren
1620 4845 1679 4916 ela

273 4970 427 5056 66166166
453 4965 523 5037 aaa.

434 5128 594 5197 abedarist:
612 5128 712 5183 Honor
729 5129 889 5184 Delirteatio
912 5133 964 5183 243
991 5130 1060 5184 6166
1084 5129 1199 5198 ,1666116
1222 5128 1271 5184 der
1295 5129 1395 5199 Qaellc.
1414 5159 1448 5169 -
1466 5129 1532 5200 Fcy
1550 5129 1682 5185 Historia

381 5231 519 5270 maaser.
544 5220 578 5271 99
602 5215 671 5269 6166
688 5215 803 5285 nepam
826 5216 876 5270 der
898 5216 997 5285 Quellc.
1034 5216 1157 5270 Haner’c
1178 5215 1244 5269 Text
1267 5216 1364 5269 616666
1388 5216 1438 5270 wie
1460 5216 1509 5270 der
1533 5216 1623 5285 Fay’a
1645 5216 1683 5270 ist

206 5301 261 5355 40·
381 5300 554 5356 hiuoiclctla'clr
578 5302 627 5356 der
644 5300 755 5355 Numen
780 5301 927 5368 cwciselloa
949 5301 1107 5368 sclaterltcft.
1149 5300 1303 5369 Vcrplciclte
1326 5302 1371 5356 dic
1394 5301 1523 5357 Urlcuude
1545 5303 1683 5357 1166961166

382 5386 512 5455 81661616
528 5403 583 5443 oon
601 5391 670 5442 1288
688 5387 820 5442 116998.
