4086 6300
892 630 1047 725 ffl-

272 822 305 882 et
334 817 450 881 comite
481 818 520 880 de
543 817 664 899 Zonuh,
688 818 806 901 Mylrch
838 820 920 883 bano
945 820 1044 884 totius
1065 818 1253 884 Solanoniae
1284 825 1316 884 et
1337 820 1452 885 comite
1474 821 1675 905 Symigiensi,

272 920 373 985 Paulo
397 921 479 984 bano
503 921 543 984 de
558 920 702 986 Machow
725 924 840 987 comite
855 922 1040 1004 Syrmiensi,
1066 922 1233 987 deWollro
1257 928 1289 987 et
1311 923 1350 986 de
1365 922 1505 1007 Bodrug,
1527 923 1676 988 Johanne

273 1025 423 1108 magistro
446 1025 683 1089 tavernioorum
706 1026 853 1090 dominae
875 1028 1004 1111 reginae
1026 1027 1183 1090 consortis
1206 1032 1334 1091 nostrae
1356 1027 1545 1109 carissimae,
1567 1025 1676 1092 Deseu

272 1130 378 1193 iudice
408 1130 516 1194 curiae
545 1128 689 1193 eiusdem
723 1130 870 1194 dominae
899 1130 1027 1213 reginae
1058 1136 1091 1194 et
1120 1131 1235 1194 comite
1265 1129 1485 1213 supruniensi,
1514 1128 1676 1215 Stephano

221 1240 237 1292 5
272 1234 422 1316 magistro
446 1251 622 1316 agasonum
653 1238 844 1317 nostrorum,
874 1231 1043 1314 Dyonisyo
1073 1235 1223 1318 magistro
1251 1234 1467 1318 dapiferorum
1488 1239 1674 1315 nostrorum

274 1341 307 1400 et
327 1336 477 1420 magistro
500 1336 633 1400 Nicolao
655 1338 771 1402 comite
793 1337 983 1402 Posoniensi
1013 1338 1148 1420 aliisque
1171 1357 1267 1421 quam
1290 1337 1437 1423 plurimis
1459 1337 1550 1422 regni
1573 1337 1676 1409 nostri

273 1440 443 1504 comitatus
466 1439 651 1505 tenentibus
673 1447 706 1505 et
727 1439 872 1505 honores.

930 1783 1027 1869 450.

354 1967 616 2040 Groeewordcin
633 1969 741 2079 1326
768 1967 964 2061 September
981 1970 1044 2038 24.
1072 1967 1191 2058 Kdoip
1207 1967 1303 2039 Korl
1324 1967 1482 2058 beetdtipt
1499 1967 1675 2040 marea

206 2106 240 2160 10
276 2088 362 2180 dorp
387 2089 436 2159 im
463 2088 581 2161 Bonita
606 2112 671 2160 ooo
697 2088 801 2160 Rea.

433 2250 509 2321 Orio.
527 2253 608 2322 Pero.
633 2251 810 2307 Stodtorehio
830 2251 1038 2321 ffloaaenhurp.
1067 2250 1164 2322 Sieqel,
1182 2252 1265 2320 rand,
1290 2252 1397 2307 edaces
1420 2252 1529 2321 Wooha,
1547 2269 1608 2308 war
1626 2254 1683 2322 aas

379 2338 429 2392 der
447 2337 591 2394 Rdckaeite
609 2338 797 2409 auspedntctt.

432 2459 544 2515 naor:
562 2459 656 2515 raro
677 2458 828 2515 elaeae
845 2459 872 2528 r,
889 2463 932 2514 ιο.

431 2636 498 2699 Nos
520 2634 659 2700 Karolus
688 2634 739 2699 dei
769 2636 871 2718 gratia
899 2654 958 2700 rex
983 2635 1169 2719 Hungariae
1199 2634 1415 2720 significamus
1446 2642 1557 2702 tenore
1586 2656 1677 2721 prae-

209 2748 242 2802 15
279 2740 418 2804 sentium
449 2739 566 2822 quibus
594 2739 725 2824 expedit
754 2739 922 2821 universio,
955 2740 1041 2821 quod
1069 2738 1179 2803 fideles
1201 2740 1342 2823 hospites
1363 2741 1465 2804 nostri
1487 2739 1527 2805 de
1549 2740 1678 2806 civitate

277 2849 387 2907 nostra
407 2842 578 2907 Keluswar
608 2862 666 2926 per
695 2843 843 2907 comitem
865 2842 1033 2906 Nicolaum
1062 2841 1164 2905 filium
1186 2841 1339 2907 Hermoni
1371 2842 1508 2907 iudicem
1534 2844 1677 2928 ipsorum

277 2952 404 3010 nostrae
438 2946 594 3009 maiestati
627 2946 805 3030 significare
839 2952 1043 3028 curaverunt,
1078 2946 1164 3027 quod
1198 2945 1347 3028 magister
1377 2943 1558 3029 Stephanus
1592 2946 1678 3013 filius

277 3049 400 3113 Nicolai
424 3049 585 3131 quondam
608 3049 764 3114 rairodae
786 3069 893 3114 eomes
916 3051 955 3114 de
970 3048 1188 3114 Maramorisio
1208 3050 1297 3133 ipsos
1319 3054 1489 3133 praetextu
1511 3052 1677 3116 cuiusdam

276 3159 379 3216 terrae
401 3153 440 3216 ad
462 3153 562 3236 ipsam
594 3154 754 3217 civitatem
785 3159 927 3217 nostram
948 3152 1119 3218 Keluswar
1141 3153 1341 3238 spectantis1)
1364 3154 1433 3217 sive
1455 3155 1678 3238 pertinentis‚')

208 3266 243 3320 20
279 3276 418 3339 quama
447 3261 589 3340 tempore
619 3257 712 3320 cuius
742 3276 808 3320 non
830 3262 973 3321 exstaret
1001 3258 1154 3321 memoria
1175 3256 1305 3341 pacifice
1327 3257 1552 3341 possedissent
1582 3278 1679 3342 super

277 3381 342 3443 qua
371 3362 465 3424 etiam
496 3359 636 3424 efficacia
663 3359 817 3425 haberent
846 3362 1060 3425 instrumenta
1080 3361 1277 3426 Bochtelulre
1307 3368 1438 3425 vocatae
1467 3362 1617 3427 infestare
1647 3368 1680 3427 et

277 3464 445 3529 molestare
473 3482 539 3527 non
569 3467 716 3547 cessaret
747 3463 918 3526 asserendo
953 3463 1086 3527 eandem
1119 3463 1159 3526 ad
1192 3463 1425 3548 possessionem
1462 3484 1553 3529 suam
1585 3466 1679 3531 lleird

277 3573 422 3633 vocatam
444 3568 513 3631 lore
535 3567 756 3650 pertinentem.
795 3566 889 3630 Unde
914 3567 989 3648 quia
1011 3566 1107 3631 iidem
1129 3567 1270 3650 hospites
1292 3567 1394 3631 nostri
1417 3587 1477 3633 nos
1499 3588 1597 3653 super
1618 3571 1679 3634 hoc

277 3676 364 3736 certo
387 3671 506 3735 certius
528 3675 803 3753 assecuraverunt,
834 3670 921 3753 quod
951 3672 1022 3754 ipsa
1043 3676 1129 3734 terra
1149 3670 1346 3752 Bochtelelry
1368 3671 1410 3734 sit
1435 3676 1468 3735 et
1489 3671 1587 3736 luerit
1607 3692 1679 3756 per·

209 3785 243 3839 25
278 3777 385 3840 tinens
407 3775 447 3838 od
463 3774 623 3838 civilatem
645 3780 788 3838 nostram
802 3773 974 3839 Koluswar
996 3780 1029 3838 et
1050 3793 1147 3858 super
1168 3774 1278 3838 eedem
1301 3773 1443 3837 efficacia
1463 3776 1524 3859 ipsi
1539 3776 1679 3860 hospites

278 3879 380 3942 nostri
403 3878 541 3942 habeant
554 3879 775 3961 instrumenta,
797 3879 896 3962 igitur
909 3879 972 3942 iuri
986 3879 1088 3962 ipsius
1110 3878 1247 3941 civitatis
1264 3882 1392 3942 nostrae
1407 3879 1518 3943 deesse
1533 3879 1678 3943 nolentes

278 3983 378 4067 ipsam
409 3988 525 4047 terram
553 3981 750 4063 Boohtelelry
779 3987 923 4045 vocatam
958 3987 1090 4046 eatenus
1122 3986 1281 4063 quatenus
1313 4001 1417 4064 usque
1449 3982 1544 4046 modo
1577 3983 1679 4068 ipsam

279 4085 511 4169 dignoscuntur
539 4086 719 4170 possedisse
749 4084 938 4166 reliquimus
966 4091 999 4149 et
1027 4086 1230 4170 permisimus
1260 4084 1378 4148 eisdem
1415 4083 1544 4169 pacifice
1578 4087 1680 4169 posei-

279 4188 424 4271 dendam‚
454 4190 481 4253 si
510 4193 614 4254 lamen
646 4208 743 4273 super
770 4189 840 4274 ipsa
868 4196 965 4275 prout
986 4189 1130 4253 referunt
1151 4188 1270 4252 habent
1294 4187 1409 4251 efficax
1430 4189 1680 4252 instrumentum

211 4303 246 4357 30
281 4292 350 4356 sine
371 4292 565 4376 praeiudicio
588 4293 796 4356 nihilominus
817 4293 897 4357 iuris
919 4293 1021 4357 alieni.
1044 4292 1205 4356 Volumus
1219 4291 1328 4373 itaque
1350 4298 1391 4355 et.
1405 4290 1497 4355 vobis
1518 4293 1680 4356 universis

280 4396 423 4460 cuiusvis
445 4401 547 4462 status
569 4402 602 4460 et
616 4397 778 4480 dignitatis
793 4396 975 4460 hominibus
998 4395 1117 4478 quibus
1138 4398 1322 4478 praesentes
1338 4394 1553 4458 ostenduntur
1567 4395 1680 4460 damus

279 4498 412 4563 firmiter
433 4500 467 4562 in
489 4502 675 4584 praeceptis,
699 4506 859 4582 quatenus
880 4501 1004 4564 ratione
1028 4500 1130 4563 dictae
1153 4504 1255 4562 terrae
1281 4498 1368 4580 ipsos
1390 4497 1531 4581 hospites
1553 4504 1680 4563 nostros

279 4610 312 4667 et
341 4623 418 4667 suos
447 4610 592 4687 posteros
621 4624 641 4667 a
670 4603 764 4667 modo
795 4603 979 4667 nullatenus
1009 4601 1220 4687 praesumatis
1249 4601 1429 4683 inquietare
1458 4603 1598 4668 indebite
1627 4604 1681 4668 vel

280 4706 383 4771 abusu
406 4706 547 4771 evidenti
568 4707 743 4792 prohibere,
774 4708 870 4772 immo
895 4707 1028 4772 eandem
1051 4707 1128 4790 ipsis
1150 4705 1279 4791 pacifice
1301 4706 1349 4769 uti
1372 4711 1405 4770 et
1425 4707 1587 4790 possidere
1608 4726 1681 4791 per·

212 4820 246 4874 36
281 4811 421 4875 mittatis
443 4809 563 4875 Datum
577 4811 751 4892 Waradini,
774 4812 855 4875 feria
877 4817 990 4894 quarta
1011 4811 1160 4895 proxima
1180 4815 1253 4873 ante
1268 4810 1385 4874 festum
1407 4809 1492 4874 beati
1507 4810 1681 4892 Mychaelis

279 4913 469 4997 archangeli,
493 4931 577 4977 anno
600 4914 720 4977 domini
743 4893 784 4978 ll.
808 4893 892 4979 060.
916 4916 1067 4979 vicesimo
1091 4918 1192 4979 sexto.

434 5053 510 5136 Aof
525 5052 580 5117 der
601 5052 759 5117 Rdckeeitc
779 5074 836 5117 oon
854 5053 1073 5138 pleiehzcitipcr
1095 5052 1211 5118 Hand:
1234 5052 1337 5137 Super
1358 5053 1502 5117 Buchtel.

436 5226 458 5293 ¹)
480 5224 613 5295 Vorlope:
630 5224 768 5292 spectanti.

435 5314 458 5383 Ι)
481 5310 613 5387 Vorlopa:
630 5310 780 5383 pertinenti.
