4106 6294
969 541 1124 638 Α

348 731 449 813 tactis,
464 738 496 795 et
518 731 602 795 sicut
622 736 826 814 protestatur,
850 732 895 795 sic
917 735 987 795 acta
1009 738 1093 795 sunt.
1123 731 1281 796 Videlicet
1304 732 1486 813 quodcum
1508 731 1603 795 iidem
1627 731 1745 795 domini

348 836 388 898 ad
417 835 591 899 videndum
622 835 787 899 dominum
816 835 956 919 legatum
979 840 1142 917 tamquam
1163 835 1220 899 filii
1251 835 1449 899 obedientiae
1479 855 1513 899 se
1542 840 1747 919 apparassent

347 943 380 1002 et
400 958 457 1021 per
480 940 615 1003 nuncios
644 940 777 1003 idoneos
807 941 1008 1004 securitatem
1038 942 1145 1004 exitus
1176 961 1233 1024 per
1261 945 1405 1003 tenutam
1427 939 1562 1003 ladislai
1593 940 1746 1003 vaivodae

346 1043 562 1107 'lbanssiluani
592 1044 631 1107 ab
662 1064 700 1108 eo
723 1044 920 1127 petivissent,
952 1046 1009 1126 qui
1030 1064 1088 1128 per
1109 1045 1214 1128 ipsum
1237 1045 1415 1128 prohibitus
1437 1044 1498 1108 fuit
1520 1044 1567 1108 eis
1589 1063 1636 1125 ec,
1660 1044 1746 1125 quod

347 1147 520 1230 potentiam
543 1147 638 1210 habet
653 1147 844 1211 defendendi
859 1167 970 1212 omnes
984 1148 1225 1212 Transsiluanos
1239 1149 1273 1211 in
1288 1149 1372 1212 bono
1388 1156 1420 1212 et
1435 1150 1529 1213 ctiam
1545 1148 1745 1231 impediendi,
1781 1156 1798 1207 5

348 1251 409 1315 nisi
431 1249 662 1315 abrenunciare
684 1251 804 1315 vellent
826 1253 915 1335 prius
938 1252 1141 1335 appellationi
1163 1272 1249 1334 euae,
1276 1272 1373 1335 quam
1395 1254 1541 1317 fecerunt
1563 1252 1604 1315 ad
1626 1253 1746 1315 curiam

346 1354 531 1436 Romanam,
546 1355 580 1418 in
597 1374 661 1436 qua
675 1354 779 1418 adhuc
794 1356 928 1419 nuncios
944 1375 1020 1419 suos
1035 1356 1161 1437 habent,
1176 1362 1307 1438 propter
1322 1356 1409 1438 quod
1424 1358 1518 1421 etiam
1534 1357 1568 1419 in
1582 1360 1747 1439 posterum

348 1478 405 1542 pro
436 1478 470 1522 se
500 1460 630 1523 tratrem
651 1458 823 1523 Hernicum
853 1459 892 1523 de
921 1459 1032 1523 ordine
1054 1458 1313 1549 Praedicatorum
1342 1458 1376 1522 in
1399 1460 1525 1543 signum
1548 1460 1746 1524 obedientiae

349 1563 560 1626 decreverunt
582 1563 735 1645 emittere,
758 1568 796 1627 ut
817 1564 981 1627 miseruut.
1005 1562 1124 1626 Datum
1147 1562 1271 1626 cibinii.

171 1672 261 1761 litera
274 1687 322 1740 pro
503 1667 615 1744 ltem1)
631 1687 738 1731 coram
754 1668 914 1732 universis
925 1666 1003 1730 viris
1014 1665 1258 1747 venerabilibus
1274 1667 1313 1730 ad
1331 1687 1411 1749 quos
1426 1687 1577 1751 praeseus
1592 1666 1746 1750 scriptum
1783 1672 1816 1726 10

191 1748 299 1804 ⁰¹⁰¹³⁰i³
348 1772 540 1854 pervenerit,
564 1791 622 1855 ego
645 1772 743 1835 irater
757 1770 971 1847 Waltheruse
995 1770 1115 1834 ordinis
1138 1771 1239 1833 sancti
1260 1771 1391 1854 spiritus
1413 1772 1563 1854 magister
1583 1770 1747 1853 hospitalis

347 1874 381 1937 in
398 1873 521 1938 Cibinic
543 1875 765 1959 praesentibus
787 1895 884 1959 super
905 1872 1099 1939 conscientia
1120 1872 1243 1936 animae
1259 1893 1347 1938 meae
1362 1873 1513 1958 profiteor
1534 1880 1567 1938 et
1580 1879 1747 1957 protestor,

347 1979 438 2060 quod
469 1978 575 2042 omnia
605 1979 691 2061 haec,
726 1999 808 2061 quae
837 1978 930 2043 litera
961 1976 1205 2061 provincialium
1235 1978 1275 2042 de
1305 1978 1425 2043 Sibinio
1455 1999 1512 2063 pro
1543 1980 1680 2043 dominis
1708 1980 1747 2043 de

348 2088 469 2166 septem
492 2082 639 2167 capitulis
661 2082 695 2145 in
717 2083 827 2146 eadem
849 2081 942 2145 litera
964 2081 1149 2144 nominatim
1169 2083 1290 2165 positis,
1313 2088 1345 2146 ct
1367 2083 1460 2146 sicuti
1475 2089 1679 2166 protestatur,
1701 2084 1747 2147 sic

349 2193 420 2250 acta
442 2192 526 2250 suut
557 2186 715 2252 Videlicet
738 2186 823 2268 quod
839 2205 913 2249 cum
927 2186 1023 2249 iidem
1038 2185 1157 2248 domini
1173 2186 1214 2249 ad
1229 2186 1403 2251 videndum
1423 2187 1589 2251 dominum
1604 2187 1744 2271 legatum
1781 2193 1813 2246 15

348 2295 511 2372 tamquam
532 2290 589 2353 filii
611 2291 797 2355 obedentiae
820 2310 854 2354 se
876 2296 1090 2373 apparassent,
1113 2295 1146 2353 et
1168 2310 1225 2373 per
1248 2292 1382 2354 nuncios
1397 2291 1528 2355 idoncos
1543 2291 1747 2355 securitatem

349 2394 456 2458 exitus
485 2414 543 2479 per
572 2415 631 2458 sua
659 2399 771 2458 tenuta
793 2414 811 2457 a
831 2394 977 2458 Ladislao
1009 2395 1145 2457 vairoda
1166 2395 1390 2458 Transsiluanc
1416 2396 1590 2478 potentiam
1612 2394 1747 2458 habente

348 2517 446 2582 super
468 2517 578 2562 omnes
600 2498 842 2562 Transsiluanos
870 2499 956 2582 ipsos
979 2499 1190 2561 conservandi
1211 2499 1246 2560 in
1268 2498 1352 2562 bono
1378 2498 1430 2563 vel
1452 2499 1644 2582 impediendi
1666 2499 1746 2581 peti-

348 2602 479 2684 vissent,
510 2602 566 2684 qui
588 2621 646 2687 per
676 2603 780 2685 ipsum
804 2603 982 2686 prohibitus
1005 2602 1066 2666 fuit
1088 2603 1142 2683 eie,
1173 2604 1234 2665 nisi
1257 2603 1346 2685 prius
1368 2603 1598 2666 abrenunciare
1628 2603 1748 2666 vellent

348 2705 551 2789 appellationi
574 2725 659 2788 suae,
683 2727 779 2789 quam
795 2707 940 2771 iecerunt
961 2707 1002 2770 ad
1017 2707 1137 2770 curiam
1153 2706 1338 2789 Romanam,
1360 2708 1394 2769 in
1415 2726 1479 2789 qua
1493 2707 1596 2771 adhuc
1611 2708 1747 2770 nuncios
1783 2711 1817 2764 20

349 2830 424 2874 suos
447 2810 573 2891 habent,
603 2818 733 2894 propter
763 2811 848 2893 quod
872 2811 967 2874 etiam
989 2812 1021 2873 iu
1044 2818 1206 2894 posterum
1231 2830 1287 2894 per
1309 2830 1343 2875 se
1365 2811 1495 2874 fratrem
1516 2810 1687 2875 Herricum
1709 2811 1748 2874 de

290 2905 292 2908 ’
348 2914 459 2977 ordine
477 2913 736 2978 Praedicatorum
758 2915 791 2976 in
814 2915 941 2997 signum
964 2914 1161 2978 obedientiae
1181 2915 1393 2978 decreverunt
1415 2915 1568 2995 emittere,
1595 2920 1633 2977 ut
1655 2914 1749 2977 misc-

347 3023 433 3081 runt
455 3016 574 3081 Datum
597 3016 732 3100 Cybinii.

172 3132 261 3187 litera
274 3148 322 3202 pro
503 3121 585 3185 Item
594 3120 614 3198 ¹)
630 3141 736 3185 coram
751 3123 911 3186 universis
927 3123 1003 3185 viris
1015 3123 1260 3201 venerabilibus,
1276 3123 1316 3185 ad
1333 3142 1414 3204 quos
1428 3140 1579 3204 praesens
1594 3121 1748 3204 scriptum

190 3209 300 3265 clericis.
348 3226 539 3311 pervenerit,
569 3245 628 3309 ego
650 3224 814 3289 Johannes
836 3224 992 3309 plebanus
1021 3226 1054 3288 in
1078 3226 1154 3289 villa
1175 3225 1375 3304 Humberti³l
1406 3224 1627 3309 praesentibus
1650 3244 1747 3308 super
1782 3230 1815 3284 25
1883 3266 1889 3277 .

348 3330 543 3394 couscientia
564 3331 687 3394 animae
710 3348 799 3393 meae
815 3328 965 3412 profiteor
987 3335 1019 3393 et
1034 3335 1199 3413 protestor,
1224 3330 1312 3411 quod
1328 3331 1435 3394 omnia
1449 3330 1534 3411 haec,
1558 3349 1641 3411 quae
1656 3328 1749 3393 litera

347 3434 590 3519 provincialium
615 3434 654 3497 de
677 3432 800 3497 Cibiuio
830 3452 887 3516 pro
918 3433 1055 3497 dominis
1085 3433 1124 3497 de
1155 3440 1276 3517 septem
1298 3434 1446 3517 capitulis
1467 3434 1502 3496 in
1524 3434 1634 3498 eadem
1656 3433 1748 3496 litera

348 3537 529 3619 nominatis,
559 3542 591 3601 et
621 3537 715 3601 sicuti
744 3541 947 3620 protestatur,
977 3537 1022 3599 sic
1044 3541 1115 3599 acta
1137 3546 1220 3600 suut.
1258 3536 1415 3600 Videlicet
1437 3537 1524 3619 quod
1555 3558 1629 3601 cum
1651 3538 1747 3601 iidem

348 3641 468 3705 domini
491 3642 531 3704 ad
561 3640 735 3705 videndum
757 3639 923 3702 dominum
944 3638 1084 3721 legatum
1108 3646 1269 3722 tamquam
1291 3639 1349 3703 filii
1371 3641 1568 3705 obedientiae
1595 3660 1629 3703 se
1652 3660 1747 3724 appa·

349 3750 481 3826 rassent,
504 3750 536 3808 et
561 3764 618 3827 per
645 3745 779 3807 nuncios
801 3742 934 3807 idoncos
961 3744 1163 3807 securitatem
1189 3745 1296 3807 exitus
1319 3763 1376 3827 per
1398 3763 1456 3807 sua
1479 3750 1591 3807 tenuta
1616 3744 1745 3825 petivis-
1781 3750 1816 3803 30

349 3852 429 3930 sent,
452 3848 627 3931 denegatus
650 3846 740 3924 suite
771 3848 817 3911 eie
839 3867 858 3909 a
883 3846 1051 3910 Ladislauo
1082 3846 1218 3909 vaivcda
1243 3847 1467 3911 Transsiluano
1497 3847 1671 3930 potentiam
1693 3847 1747 3909 ha

348 3952 445 4016 beute
456 3950 815 4016 omnesTranssiluanos
827 3949 1017 4012 defendendi
1028 3950 1062 4012 in
1078 3949 1162 4013 bono
1178 3956 1210 4014 et
1225 3951 1426 4034 impediendi,
1446 3952 1508 4014 uisi
1519 3950 1748 4015 abrenunciare

349 4055 470 4120 vellent
505 4056 708 4140 appellationi
743 4075 828 4134 suae,
863 4073 959 4136 quam
993 4054 1140 4118 fecerunt
1171 4055 1210 4118 ad
1245 4055 1366 4119 curiam
1398 4055 1583 4137 Romanam,
1615 4055 1650 4118 in
1684 4075 1749 4137 qua

349 4160 453 4223 adhuc
489 4161 625 4224 nuncios
655 4179 731 4223 suos
767 4160 898 4238 habent,
939 4164 1069 4242 propter
1107 4159 1193 4240 quod
1227 4161 1321 4223 etiam
1353 4161 1387 4224 iu
1421 4166 1584 4244 posterum
1617 4179 1674 4243 pro
1713 4178 1747 4223 se

349 4264 480 4327 tratrem
501 4263 672 4328 Herricum
695 4262 733 4327 de
757 4263 868 4326 ordine
890 4261 1149 4326 Praedicatorum
1177 4264 1388 4328 decreverunt
1418 4265 1562 4328 emittere
1592 4270 1625 4327 et
1654 4264 1747 4327 mise-
1782 4269 1816 4323 35

348 4373 432 4431 runt
455 4365 574 4431 Datum
597 4366 720 4430 Cibinii.

503 4471 607 4535 Tener
628 4477 735 4534 autem
758 4471 913 4534 dictarum
937 4472 1178 4555 replicationum
1201 4472 1273 4536 talis
1295 4479 1352 4536 est.

505 4574 618 4639 Coram
648 4574 740 4637 vobis
769 4575 945 4639 reverendo
973 4576 1042 4639 viro
1073 4575 1201 4639 domino
1228 4575 1374 4659 Philippo
1405 4575 1549 4640 auditore
1581 4582 1613 4639 et
1643 4581 1749 4640 cetera

349 4680 543 4743 constitutus
573 4698 630 4763 ego
657 4678 829 4743 Bertoldue
858 4679 998 4743 decanus
1027 4680 1065 4743 de
1088 4678 1190 4743 Sebus
1220 4684 1407 4762 procurator
1437 4680 1682 4744 universitatum
1715 4687 1747 4744 et

289 4779 295 4793 '
349 4783 557 4868 plebanorum
590 4784 630 4848 de
662 4782 827 4867 provincia
853 4783 1019 4847 Saxonum
1047 4783 1289 4847 Transsiluanae
1322 4783 1456 4847 diocesis
1489 4784 1528 4846 ad
1561 4783 1745 4847 instantiam
1780 4789 1815 4842 40

348 4887 564 4952 Transsiluani
593 4886 724 4970 capituli
753 4886 793 4950 ad
823 4887 942 4950 domini
964 4886 1059 4969 legati
1082 4887 1203 4950 curiam
1225 4887 1403 4967 citatorum,
1432 4887 1613 4970 replicando
1637 4893 1748 4950 contra

349 4992 553 5077 exceptiones
575 4991 752 5076 propositas
781 5011 838 5075 per
866 4992 1053 5074 magistrum
1076 4990 1258 5074 Philippum
1288 4991 1327 5055 de
1350 4990 1486 5074 Cingulo
1509 4995 1748 5075 procuratorem

504 5163 525 5230 ¹)
543 5160 619 5217 mett
637 5161 694 5229 aas
706 5161 766 5215 dem
784 5160 878 5215 Rand.

503 5249 526 5317 ¹)
548 5247 681 5319 Vorlupc:
698 5246 808 5302 Walcha
825 5247 876 5303 mit
892 5247 1186 5318 Ablbraenpaaeiotoeo
1200 5247 1251 5315 far
1268 5262 1306 5302 er.

504 5336 526 5405 ⁸)
548 5334 680 5405 Vorlopa:
703 5323 793 5389 Hubti.

503 5421 526 5491 ⁴)
548 5420 682 5492 Vorap:
699 5419 761 5476 luia.
