4088 6292
987 574 1133 667 „Q

518 759 700 841 Capitulum
716 760 867 824 ecclesiae
883 761 966 824 beati
978 761 1152 842 Mychaelis
1164 763 1342 845 archangeli
1354 764 1597 828 lhanssiluanae
1614 766 1762 829 omnibus

363 860 478 924 Christi
500 861 647 925 fidelibus
670 872 868 946 praesentem
891 867 1039 947 paginam
1060 866 1252 949 inspecturis
1278 866 1414 931 salutem
1436 869 1469 930 in
1493 868 1636 931 omnium
1658 869 1761 932 salva-

361 970 437 1029 tore.
460 963 617 1041 Quoniam
640 986 678 1030 ea
700 987 782 1049 quae
805 969 838 1030 in
862 974 1003 1052 tempore
1019 976 1166 1052 aguntur,
1189 990 1229 1034 ne
1245 991 1318 1034 cum
1338 978 1480 1054 tempore
1495 972 1671 1053 elabantur,
1693 974 1762 1056 ipsa

360 1075 430 1131 acta
452 1069 491 1131 ad
514 1071 669 1133 cautelam
694 1077 726 1135 et
748 1078 784 1134 ut
806 1071 930 1136 firmius
953 1080 1038 1137 stent
1060 1080 1092 1137 et
1114 1074 1297 1157 perdurent,
1312 1077 1486 1159 patrocinio
1506 1076 1669 1140 literarum
1685 1096 1761 1140 oon-

360 1179 536 1236 sueverunt
565 1174 716 1237 roborari.
754 1174 893 1238 Proinde
922 1177 1146 1241 universorum
1177 1180 1308 1243 notitiae
1338 1184 1400 1242 tam
1424 1182 1640 1262 praesentium
1664 1200 1759 1263 quam
1796 1187 1812 1239 5

358 1277 540 1340 luhuorum
557 1278 668 1340 harum
685 1278 765 1341 serie
781 1278 987 1360 declaramus
1004 1282 1089 1363 quod
1105 1281 1221 1345 nobilis
1235 1284 1362 1346 iuvenis
1374 1282 1520 1364 Mychael
1536 1283 1621 1348 filius
1636 1286 1760 1349 comitis

358 1380 495 1444 Thomae
518 1382 557 1444 de
579 1380 760 1464 Hydegvyz
782 1403 840 1465 pro
863 1404 897 1448 se
919 1391 952 1448 et
973 1405 1031 1469 pro
1047 1385 1178 1449 Nicolao
1201 1387 1299 1454 tratre
1322 1406 1381 1450 sno
1403 1387 1523 1450 carnali
1546 1408 1653 1452 coram
1668 1388 1760 1453 nobis

358 1484 567 1566 personaliter
590 1486 785 1549 constitutus
807 1488 973 1551 confessus
995 1494 1051 1567 est,
1074 1508 1108 1553 se
1131 1510 1233 1553 unum
1255 1496 1397 1555 montem
1411 1491 1572 1555 valentem
1589 1513 1647 1576 pro
1665 1512 1759 1576 opere

359 1589 454 1651 castri
476 1608 549 1651 cum
574 1588 711 1671 quadam
734 1588 858 1652 modica
879 1590 1034 1673 particula
1056 1597 1158 1657 terrae
1190 1600 1222 1657 et
1244 1595 1325 1659 silva
1347 1595 1387 1659 ad
1410 1597 1514 1679 ipsum
1537 1603 1678 1660 montem
1700 1598 1759 1659 im-

357 1692 493 1754 mediate
515 1693 695 1775 pertinenti,
719 1694 758 1756 de
781 1693 919 1775 quadam
940 1697 1141 1776 possessione
1164 1719 1223 1762 sua
1244 1698 1339 1763 Bulla
1354 1705 1474 1781 vocata,
1497 1701 1591 1764 metis
1611 1707 1644 1764 et
1658 1700 1758 1784 signis
1796 1706 1829 1759 10

357 1801 536 1877 separatum
560 1801 592 1859 et
614 1796 807 1878 distinctum,
831 1817 873 1861 ex
895 1797 980 1861 bona
1001 1800 1167 1865 voluntate
1189 1803 1296 1867 fratris
1311 1803 1361 1867 sui
1384 1803 1548 1887 praelibati
1571 1823 1608 1866 aa
1622 1804 1757 1867 aliorum

357 1905 566 1982 cognatorum
589 1906 620 1964 et
642 1902 897 1984 propinquorum
920 1922 1050 1965 suorum
1074 1911 1107 1968 et
1127 1907 1335 1988 permissione
1357 1928 1415 1990 pro
1435 1907 1548 1990 viginti
1564 1907 1679 1971 marcis
1700 1906 1758 1969 fini

358 2004 480 2084 argenti
509 2005 636 2087 populis
666 2004 705 2068 de
728 2006 804 2068 villa
825 2004 992 2087 Heohohn,
1022 2027 1079 2090 pro
1104 2008 1221 2089 quibus
1244 2016 1339 2073 etex
1363 2009 1481 2092 quibus
1504 2010 1650 2073 Anheas
1670 2009 1757 2074 filius

356 2104 511 2169 Hermam
533 2107 572 2171 de
595 2109 664 2191 ipsa
687 2108 762 2171 villa
777 2110 954 2192 comperuit
968 2110 1149 2175 vendidisse
1164 2120 1197 2175 et
1211 2113 1312 2196 ipsam
1326 2114 1495 2197 pecuniam
1509 2114 1594 2176 idem
1609 2111 1757 2194 Myehael

356 2208 496 2292 plenarie
511 2212 667 2294 recepisse
683 2213 765 2275 dixit
779 2213 818 2276 ab
834 2213 962 2295 eisdem,
978 2214 1146 2297 obligando
1162 2235 1196 2279 se
1212 2217 1315 2280 dictus
1330 2216 1485 2298 Myohael,
1505 2222 1543 2280 ut
1562 2217 1589 2280 si
1603 2236 1755 2299 processu
1791 2225 1824 2277 15

357 2317 534 2395 temporum
557 2317 710 2398 praedicti
732 2317 841 2401 populi
864 2317 903 2380 de
926 2316 1084 2381 Heoholm
1106 2320 1228 2383 ratione
1251 2320 1326 2384 dicti
1348 2322 1466 2385 montis
1486 2321 1538 2385 vel
1553 2322 1757 2384 attinentium

356 2436 488 2480 suorum
516 2420 750 2502 praedictorum
780 2441 837 2505 per
860 2422 1039 2505 quempiam
1069 2422 1299 2506 impeterentur
1321 2426 1372 2489 vel
1401 2426 1436 2487 in
1466 2426 1517 2489 ius
1548 2425 1758 2502 traherentur,

356 2520 439 2583 idem
467 2541 541 2584 oum
571 2525 712 2606 praelato
742 2526 838 2591 tratre
868 2547 927 2590 suo
958 2533 990 2590 et
1019 2528 1069 2590 sui
1097 2547 1297 2592 successores
1319 2528 1455 2612 populos
1478 2547 1571 2612 saepe
1593 2527 1676 2591 latos
1698 2547 1755 2591 ex-

355 2624 463 2707 pedire
494 2633 680 2691 tenerentur
709 2631 844 2713 propriis
873 2630 1036 2694 laboribus
1064 2637 1095 2694 et
1121 2633 1271 2715 expensis
1293 2638 1326 2696 et
1348 2634 1380 2695 in
1404 2631 1534 2717 pacifica
1555 2631 1756 2715 possessione

356 2728 430 2791 dicti
458 2731 576 2794 montis
606 2732 798 2796 indemniter
826 2726 1022 2797 conservare.
1059 2733 1096 2796 ln
1121 2735 1213 2799 cuius
1242 2736 1288 2800 rei
1313 2737 1506 2817 memoriam,
1537 2736 1755 2800 testimonium
1791 2742 1825 2797 20

356 2837 607 2916 perpetuamque
629 2834 810 2900 firmitatem
836 2842 1019 2919 praesentes
1042 2839 1257 2903 concessimus
1280 2840 1387 2904 literas
1410 2841 1504 2924 sigilli
1526 2841 1628 2904 nostri
1651 2840 1757 2903 muni-

356 2937 441 3000 mine
471 2937 642 3001 roboratas.
680 2938 798 3002 Datum
821 2939 986 3021 Mychaele
1015 2941 1204 3024 praeposite,
1233 2942 1333 3006 electo
1357 2942 1569 3027 Zagrabiensi,
1604 2944 1757 3026 Gregorio

355 3047 493 3120 cantore,
515 3041 616 3105 Paulo
639 3043 779 3125 custode,
810 3044 939 3107 Andrea
960 3045 1079 3108 decano
1103 3044 1253 3109 ecclesiae
1276 3052 1404 3111 nostrae
1426 3048 1647 3127 existentibus
1670 3067 1754 3111 anno

356 3144 475 3207 domini
498 3144 563 3207 M*
579 3146 796 3210 ducentesimo
819 3147 1023 3230 nonagesimo
1047 3154 1147 3211 sexto.

1011 3442 1100 3526 275.
1789 3468 1824 3525 25

431 3606 537 3673 1296
563 3601 613 3675 his
635 3606 735 3675 1391
760 3606 903 3677 Jaauor
921 3609 978 3676 14.
1015 3606 1093 3678 Das
1120 3607 1400 3698 Weiaacaharper
1426 3608 1571 3699 Kopitel
1595 3610 1669 3680 aad
1694 3608 1757 3681 der

354 3724 513 3796 Koaoeat
550 3726 613 3797 der
639 3725 890 3799 Domiailcoacr
926 3728 1000 3798 aad
1029 3729 1092 3800 der
1118 3729 1332 3820 Angustiae
1357 3753 1401 3801 aa
1434 3728 1676 3821 Weisseaharp
1702 3731 1755 3801 be·

351 3845 546 3947 paauperes
571 3847 637 3919 den
678 3847 887 3920 Gemeindca
924 3848 1066 3920 Koroko
1106 3851 1180 3921 aad
1220 3850 1339 3942 Ypuca
1375 3851 1431 3922 die
1469 3851 1658 3924 Urkandea
1694 3852 1757 3923 der

352 3965 488 4056 Kdaipe
513 3964 676 4040 Andreas
694 3968 749 4039 ΙΙ.
777 3994 842 4041 oon
869 3972 976 4039 1296
998 3969 1065 4041 Nr.
1080 3974 1133 4041 17
1158 3973 1233 4043 aad
1257 3975 1362 4043 1225
1390 3972 1456 4043 Nc.
1485 3975 1547 4060 52,
1575 3972 1664 4044 Belo
1684 3972 1752 4043 IV.

351 4110 417 4159 von
442 4090 551 4160 1238
578 4088 644 4161 Nc.
672 4093 735 4178 75,
764 4089 916 4182 Stephon
942 4114 1007 4163 oon
1023 4071 1142 4161 '1266
1169 4091 1236 4164 Nr.
1255 4096 1336 4180 113,
1364 4094 1438 4164 aad
1462 4092 1653 4164 Lodisdrus
1681 4092 1750 4164 IV.
1789 4108 1824 4163 30

352 4232 417 4282 voa
442 4212 550 4281 1289
577 4210 643 4282 Nr.
672 4215 767 4284 228.

511 4374 587 4444 Orip.
606 4377 686 4445 Perp.
711 4376 814 4444 Uapar.
828 4376 1036 4430 Landcsarchiv
1053 4377 1204 4445 Badapeat.
1227 4376 1299 4431 Dm'
1311 4376 1400 4446 Siepai
1416 4393 1510 4431 waren
1528 4394 1567 4431 aa
1578 4378 1752 4446 Pergameni·

455 4460 570 4527 aireifen
588 4463 751 4532 anpebdnpi.
769 4493 804 4502 —
829 4463 889 4516 Der
911 4463 976 4516 Text
994 4464 1042 4517 cler
1065 4463 1195 4517 Urtuade
1219 4463 1340 4517 ediliceret
1357 4464 1407 4516 mit
1424 4468 1538 4530 maeres,
1565 4462 1753 4517 catamitae

456 4548 505 4601 mit
517 4555 618 4616 octavo,
631 4550 691 4603 9991
703 4550 799 4603 letalem
813 4549 892 4604 Wort
904 4550 953 4603 dcr
965 4550 1031 4603 chen
1041 4555 1198 4619 penanatan
1214 4548 1344 4605 Urlcundc
1355 4550 1403 4605 des
1415 4550 1524 4619 Kdaipa
1533 4549 1688 4604 Ladialaas
1696 4550 1751 4604 IV.

454 4651 508 4689 aon
526 4640 602 4703 1289,
620 4652 651 4689 ao
669 4637 736 4690 dosa
753 4637 806 4690 dos
824 4636 972 4690 Stoicidae
991 4635 1254 4703 Schlasaformalora
1272 4636 1400 4691 anthelm.
1425 4637 1520 4705 Koaip
1532 4636 1662 4691 Andreas
1680 4637 1751 4704 ΠΙ.
1787 4637 1821 4690 35

455 4738 494 4774 aa
511 4722 625 4776 walchen
643 4722 687 4776 dic
705 4722 835 4777 Urhandc
851 4723 979 4792 parichtet
997 4725 1041 4790 ist,
1060 4722 1173 4791 reptem
1190 4739 1243 4776 von
1256 4727 1324 4778 1299
1336 4722 1379 4776 bis
1392 4726 1433 4775 14.
1446 4722 1561 4777 Januar
1574 4726 1649 4777 1301.
1674 4723 1752 4798 Noch

455 4825 500 4860 am
519 4813 560 4862 18.
573 4808 658 4876 April
676 4813 744 4863 1296
762 4808 833 4862 wird
846 4809 993 4863 Roloadns
1012 4809 1054 4862 als
1072 4809 1211 4863 Woiwode
1228 4825 1282 4863 von
1294 4808 1497 4878 Sicbenhatrpea
1508 4815 1638 4878 pescant,
1657 4810 1753 4863 dassen

455 4895 624 4964 Nochfoiper
641 4896 690 4949 der
703 4895 746 4949 bia
754 4896 824 4961 jetat
834 4896 886 4963 fair
897 4895 942 4948 die
954 4895 1041 4949 Jahre
1054 4899 1125 4950 1297
1134 4896 1177 4949 hia
1190 4900 1257 4949 1391
1274 4895 1439 4950 urhuadlich
1457 4897 1580 4965 hezcuplc
1597 4895 1752 4950 Ladislaaa

453 4998 520 5034 war.
546 4981 633 5047 Fejcr
653 4979 743 5035 Codex
765 4981 816 5048 VI,
834 4985 860 5048 2,
878 4986 921 5049 24,
940 4986 991 5036 199
1009 4983 1068 5036 aad
1085 4986 1145 5036 322.

505 5102 617 5156 Druck:
645 5102 732 5168 Fejar
752 5102 842 5157 Codes
864 5102 934 5169 VII,
958 5106 984 5169 4,
1007 5107 1067 5157 257.
1098 5103 1212 5158 Teutsah
1229 5121 1256 5157 a.
1270 5102 1432 5157 Firahober
1449 5101 1522 5157 sao.
1545 5104 1627 5159 Urlcb.
1646 5104 1673 5171 I,
1690 5107 1750 5158 222.
1785 5103 1821 5157 40

453 5188 667 5258 Mitiheiluapen
685 5188 712 5243 d.
731 5187 862 5244 lectitata
879 5190 902 5257 s.
921 5194 1016 5243 dsicrr.
1037 5189 1131 5244 Gcach.
1154 5189 1187 5257 V,
1205 5192 1265 5244 563.

505 5346 781 5411 Excellentissimo
798 5348 926 5411 domino
943 5367 1002 5411 suc
1017 5348 1166 5413 Andreae
1188 5348 1238 5412 dei
1261 5348 1363 5431 gratia
1376 5347 1493 5411 illustri
1508 5348 1575 5430 regi
1590 5346 1751 5431 Vngan'ae

349 5450 525 5534 capitulum
560 5450 711 5516 ecclesiae
741 5451 826 5516 beati
849 5451 1023 5535 Mychaelis
1052 5452 1232 5535 archangeli
1254 5451 1480 5516 Transiluanae
1511 5456 1543 5516 et
1572 5455 1752 5515 conventus
