4106 6294
943 604 1097 699 *111-

317 793 384 858 XX
407 812 529 856 marcae
550 792 606 856 fini
629 793 761 876 argenti,
785 812 921 874 quarum
937 792 1098 874 quaelibet
1113 791 1199 855 valet
1212 792 1277 854 IIII
1291 790 1431 856 florenos
1446 791 1525 874 auri,
1547 791 1581 855 in
1599 791 1716 874 quibus

318 897 402 961 dicta
431 896 583 960 medietas
615 902 683 960 erat
708 897 873 960 aestimata
894 896 1110 979 pereundam
1133 896 1326 979 episcopum,
1349 901 1446 979 prout
1467 895 1535 979 ipse
1557 902 1590 959 et
1612 897 1716 961 dictus

318 1000 529 1065 subcollactor
551 1001 704 1064 dixeram
725 1001 810 1063 mihi.
833 1000 911 1063 Post
934 1000 1020 1081 quod
1040 1018 1124 1062 anno
1140 999 1315 1062 nativitatis
1329 999 1448 1062 domini
1465 999 1715 1064 MOCCXVIIII.

318 1104 369 1168 die
392 1105 446 1168 VI.
469 1104 664 1187 Septembris
686 1104 791 1167 dictus
813 1102 1025 1167 snbcollector
1046 1123 1104 1186 pro
1128 1103 1256 1166 dommo
1279 1103 1433 1168 Michaele
1455 1103 1590 1187 plebano
1614 1104 1716 1169 diotae

266 1218 283 1269 5
318 1208 419 1291 plebis
449 1209 545 1272 solvit
574 1209 652 1271 mihi
673 1206 790 1271 Rufino
821 1207 921 1271 dictas
944 1206 1011 1270 XX
1032 1226 1155 1271 marcas
1181 1208 1312 1290 argenti,
1342 1207 1485 1272 valentes
1506 1208 1540 1271 in
1563 1208 1715 1272 universo

317 1310 445 1375 LXXX
466 1311 605 1376 florenos
628 1312 707 1394 aori,
731 1310 872 1393 qualibet
893 1330 1001 1374 marca
1023 1316 1206 1394 computata
1226 1316 1264 1375 ut
1285 1331 1390 1396 supra

471 1416 551 1481 Item
582 1417 709 1480 vacavit
737 1415 787 1479 bis
811 1414 920 1499 plebes
942 1433 1000 1479 seu
1023 1414 1155 1479 ecclesia
1177 1415 1217 1478 de
1239 1414 1316 1478 villa
1337 1415 1425 1479 Petri
1447 1414 1549 1480 diotae
1572 1416 1714 1498 diocesia,
1746 1419 1799 1474 Per
1809 1419 1896 1474 dioce-

317 1521 357 1584 de
388 1519 480 1584 ouius
510 1520 667 1584 fructibus
697 1519 796 1584 semei
827 1519 931 1583 dictus
961 1519 1171 1583 subcollector
1200 1538 1258 1602 pro
1287 1519 1455 1583 medietate
1485 1525 1647 1603 spectante
1675 1520 1715 1583 ad
1767 1514 1869 1552 mum·

318 1624 482 1688 dominum
498 1630 644 1688 nostrum
659 1625 767 1707 exegit
781 1623 880 1687 XIIII
896 1643 1016 1687 marcas
1030 1622 1088 1685 fini
1102 1624 1225 1706 argenti
1240 1623 1280 1686 ad
1296 1623 1416 1687 dictum
1427 1623 1563 1707 pondus,
1579 1643 1715 1705 quarum

250 1734 283 1788 10
319 1728 479 1809 quaelibet
507 1728 594 1792 valet
622 1728 689 1792 ΙΠΙ
711 1727 850 1792 florenos
876 1727 955 1810 auri,
985 1728 1019 1789 in
1042 1727 1160 1807 quibus
1182 1727 1267 1790 dieta
1288 1726 1440 1790 medietas
1462 1733 1531 1791 erat
1552 1727 1717 1792 aestimata

318 1850 376 1915 per
405 1832 524 1896 dotum
554 1832 747 1915 episcopum,
776 1836 814 1895 ut
839 1831 909 1915 ipse
931 1835 963 1895 et
985 1832 1089 1895 dictus
1111 1830 1323 1895 subcolleotor
1345 1830 1497 1895 dixeram
1518 1831 1603 1893 mihi.
1637 1830 1716 1896 Post

318 1936 406 2018 quod
435 1955 529 2019 anno,
560 1955 668 2000 mense
691 1943 723 2000 et
752 1936 803 1999 die
831 1936 977 2019 proxime
1007 1936 1132 2019 scriptis
1161 1935 1245 1999 idem
1274 1933 1486 1999 subcoliector
1507 1954 1565 2019 pro
1586 1935 1715 2000 domino

316 2039 437 2104 Iacobo
459 2039 594 2124 plebano
611 2040 712 2104 diotae
726 2039 828 2123 plebis
843 2039 940 2102 solvit
960 2039 1038 2102 mihi
1052 2039 1170 2103 Rufino
1193 2039 1293 2103 dictas
1314 2038 1415 2103 XIIII
1433 2058 1556 2103 marcas
1571 2039 1716 2105 valentes

318 2144 353 2207 in
374 2144 527 2208 universo
549 2143 624 2208 LVI
645 2143 785 2208 florenos
807 2143 886 2225 auri,
911 2142 1052 2224 qualibet
1074 2148 1257 2226 computata
1278 2149 1315 2206 ut
1336 2162 1442 2227 supra

249 2255 280 2309 15
471 2248 553 2313 Item
583 2248 709 2312 vacarit
735 2246 832 2310 semel
861 2246 970 2330 plebes
997 2265 1055 2310 seu
1078 2247 1210 2311 ecclesia
1232 2247 1271 2312 de
1294 2246 1354 2310 sub
1376 2252 1480 2310 castro
1502 2246 1589 2311 Petri
1612 2246 1715 2312 diotae
1745 2247 1799 2302 Per
1809 2248 1895 2303 dioso-

317 2353 461 2434 dioceeis,
493 2353 533 2417 de
562 2353 655 2417 cuius
677 2349 835 2415 fiuctibus
857 2350 962 2415 dictus
984 2351 1195 2415 subcoliector
1217 2371 1275 2435 pro
1297 2350 1467 2415 medietate
1489 2355 1651 2434 spectante
1673 2351 1714 2415 ad
1766 2342 1869 2382 mm

317 2457 482 2520 dominum
504 2462 650 2521 nostrum
674 2456 782 2539 exegit
796 2455 843 2519 VI
858 2475 980 2520 marcas
994 2455 1052 2519 fini
1066 2455 1188 2539 argenti
1204 2456 1245 2519 ad
1260 2456 1380 2520 dictum
1395 2454 1531 2540 pondus,
1545 2456 1580 2518 in
1596 2454 1715 2538 quibus

318 2560 403 2624 diota
423 2560 577 2625 medietas
599 2564 667 2625 erat
688 2560 861 2643 aestimata,
884 2564 981 2644 prout
1002 2560 1086 2623 idem
1105 2561 1274 2644 episeopus
1289 2575 1322 2624 et
1336 2559 1547 2624 subcollector
1562 2560 1716 2624 dixeram

316 2664 401 2727 mihi.
438 2664 516 2729 Post
547 2664 634 2747 quod
664 2683 758 2746 anno,
787 2682 897 2728 mense
928 2669 960 2728 et
990 2664 1041 2728 die
1071 2684 1169 2748 supra
1197 2663 1290 2727 dictis
1315 2663 1401 2727 idem
1423 2662 1635 2727 subcoliector
1656 2682 1714 2747 pro

247 2771 282 2826 20
317 2765 446 2831 domino
469 2767 600 2832 Nicolao
630 2768 766 2851 plebano
796 2768 899 2832 diemo
927 2767 1029 2851 plebis
1058 2768 1155 2833 solvit
1183 2768 1261 2831 mihi
1286 2768 1448 2852 praedicto
1474 2766 1591 2830 Rufino
1615 2766 1715 2832 dictas

317 2871 363 2934 VI
385 2890 516 2953 marcas,
546 2872 689 2936 valentes
718 2873 754 2935 in
776 2872 927 2936 unirerso
949 2870 1083 2935 XXIIII
1104 2870 1244 2936 florenos
1267 2871 1346 2955 auri,
1370 2870 1511 2954 qualibet
1532 2876 1716 2955 computata
1760 2902 1765 2907 ·

315 2980 478 3059 utsupra

471 3078 553 3143 Item
574 3079 701 3142 vacarit
722 3078 821 3143 semel
842 3079 951 3163 plebes
974 3079 1014 3144 de
1030 3079 1111 3143 Riho
1135 3080 1237 3145 diotae
1260 3079 1403 3163 diocesia,
1425 3080 1465 3144 de
1487 3079 1580 3143 ouius
1602 3079 1713 3145 tructi-
1743 3078 1894 3134 Perdi000·

315 3182 376 3246 bus
398 3182 503 3247 dictus
525 3182 735 3247 subcolleotor
757 3202 815 3267 pro
838 3184 1006 3248 medietate
1026 3189 1188 3268 spectante
1207 3184 1248 3248 ad
1263 3183 1429 3248 dominum
1443 3189 1589 3248 nostrum
1605 3185 1714 3269 exegit
1764 3173 1867 3213 mum·

246 3290 280 3347 25
316 3286 379 3350 VII
408 3306 531 3350 marcas
560 3286 618 3350 fini
647 3287 771 3370 argenti
797 3288 837 3351 ad
859 3288 980 3353 dietum
1002 3289 1138 3372 pondus,
1167 3288 1199 3351 in
1225 3287 1344 3370 quibus
1365 3288 1451 3352 dicta
1471 3288 1624 3353 medietas
1646 3293 1715 3353 erat

316 3390 480 3455 aestimata
500 3409 559 3473 per
580 3391 701 3454 dictum
723 3391 917 3474 episcopam,
943 3396 1041 3476 prout
1062 3392 1130 3476 ipse
1153 3396 1184 3456 et
1206 3391 1310 3456 dictus
1325 3390 1536 3456 subcollector
1552 3392 1713 3457 diaerunt

315 3493 394 3558 Post
415 3495 502 3576 quod
525 3514 609 3558 anno
633 3495 807 3559 nativitatis
830 3495 950 3558 domini
973 3494 1224 3560 MOOCXVIIII.
1248 3496 1298 3560 die
1314 3495 1368 3559 VI.
1391 3494 1586 3580 Septembris
1609 3495 1713 3561 dictus

315 3598 526 3664 subcolleotor
555 3619 613 3683 pro
640 3645 649 3662 .
673 3646 682 3663 .
704 3599 840 3683 plebano
874 3601 976 3664 diotae
1009 3599 1111 3684 plebis
1144 3600 1241 3664 solvit
1269 3599 1347 3663 mihi
1375 3597 1492 3663 Rufino
1522 3599 1622 3664 dictas
1650 3600 1714 3667 VII

314 3722 445 3785 marcas,
478 3703 622 3769 valentes
653 3705 688 3766 in
717 3705 869 3769 universo
901 3704 1049 3769 XXVIII
1078 3703 1218 3769 florenos
1247 3704 1326 3786 auri,
1361 3703 1504 3785 qualibet
1531 3709 1714 3787 computata

246 3810 281 3865 30
316 3813 479 3890 utsupra

469 3911 550 3975 Item
572 3914 699 3977 vacarit
720 3913 818 3977 semel
840 3913 949 3996 plebes
972 3913 1011 3976 de
1026 3913 1136 3977 Nosne
1156 3912 1258 3976 dictae
1274 3911 1417 3994 diocesis,
1440 3912 1479 3977 de
1494 3913 1587 3977 cuius
1601 3913 1712 3978 tructi-
1742 3908 1796 3964 Per
1806 3909 1893 3966 dioes-

316 4014 377 4078 bus
400 4016 504 4079 dictus
527 4016 739 4081 subooileotor
760 4036 817 4101 pro
840 4017 1010 4081 medietate
1030 4022 1192 4099 spectante
1207 4017 1248 4080 ad
1262 4016 1428 4079 dominum
1442 4021 1588 4080 nostrum
1604 4018 1713 4101 exegit
1763 4004 1866 4044 mm

314 4118 348 4182 X
370 4139 492 4183 marcas
514 4118 571 4182 fini
593 4122 725 4204 argenti,
747 4122 781 4183 in
805 4121 923 4203 quibus
946 4119 1030 4183 dicta
1050 4119 1203 4184 medietas
1225 4126 1295 4184 erat
1316 4120 1481 4185 aestimata
1501 4121 1712 4204 pereundam

314 4223 507 4306 episcopum,
530 4231 627 4308 prout
647 4225 715 4307 ipse
738 4231 771 4289 et
793 4224 897 4289 dietus
919 4222 1131 4288 subcollsotor
1153 4224 1306 4287 dixerunt
1324 4222 1409 4286 mihi
1432 4222 1510 4287 Post
1525 4221 1612 4305 quod
1627 4242 1712 4288 anno

245 4330 279 4383 35
314 4326 489 4391 nativitatis
519 4327 638 4391 domini
661 4327 912 4393 MCCOXVIIH.
936 4328 986 4392 die
1009 4328 1064 4391 VI.
1087 4326 1281 4411 Septembris
1309 4326 1394 4391 idem
1421 4325 1633 4391 subcolleotor
1654 4347 1712 4411 pro

315 4429 443 4494 domino
465 4431 597 4495 Nicolao
627 4431 763 4516 plebano
793 4432 895 4496 diotae
923 4430 1025 4515 piebis
1047 4431 1144 4495 solvit
1166 4431 1242 4494 mihi
1264 4429 1380 4495 Rufino
1403 4430 1503 4495 dictas
1526 4428 1559 4494 X
1581 4450 1712 4514 marcas,

317 4533 457 4599 valentes
478 4536 510 4597 in
534 4536 686 4601 universo
709 4534 769 4598 XL
790 4535 929 4600 florenos
951 4536 1030 4616 auri,
1055 4535 1196 4617 qualibet
1217 4540 1400 4619 computata
1421 4539 1458 4599 ut
1480 4555 1584 4619 supra

467 4639 549 4703 Item
571 4641 697 4704 vacavit
719 4640 816 4703 semol
838 4640 947 4723 plebes
969 4658 1027 4703 seu
1050 4639 1181 4703 ecclesia
1202 4639 1241 4703 de
1257 4639 1333 4703 villa
1346 4637 1501 4705 Demetrii
1522 4639 1625 4704 dictae
1644 4639 1712 4704 dio·
1742 4634 1795 4690 Per
1805 4634 1891 4691 dim&

313 4743 403 4824 ceeia,
438 4742 477 4806 de
506 4743 599 4808 onius
628 4743 785 4807 fructibus
817 4744 921 4807 dictus
951 4743 1163 4807 subcollector
1192 4763 1250 4826 pro
1280 4742 1448 4808 medietate
1478 4748 1640 4827 spectante
1670 4742 1711 4806 ad
1763 4729 1865 4767 mum·

244 4850 279 4904 40
314 4844 480 4909 dominum
502 4853 648 4911 nostrum
671 4848 779 4929 exegit
793 4847 841 4910 VI
855 4866 977 4911 marcas
991 4844 1049 4910 fini
1064 4847 1186 4930 argenti
1201 4847 1241 4910 ad
1257 4847 1377 4911 dictum
1392 4847 1528 4931 pondus,
1542 4846 1577 4909 in
1593 4845 1711 4928 quibus

312 4949 397 5013 diota
425 4951 579 5015 medietas
608 4971 665 5035 per
695 4952 815 5015 dictum
843 4952 1027 5034 episcopum
1049 4956 1118 5015 erat
1139 4952 1312 5033 aestimata
1342 4957 1440 5034 prout
1460 4951 1529 5034 ipse
1551 4954 1584 5014 et
1606 4949 1711 5013 dIctus

313 5052 525 5119 subcollector
547 5056 700 5119 deerunt
721 5054 806 5117 mihi.
828 5054 908 5118 Post
929 5054 1016 5135 quod
1034 5074 1118 5117 anno
1134 5055 1310 5119 nativitatis
1325 5054 1446 5118 domini
1459 5051 1710 5118 MCCCXVIIII

312 5155 363 5220 die
385 5156 440 5220 VI.
464 5156 658 5241 Septembris
687 5158 771 5221 idem
801 5157 1013 5222 subcolleotor
1041 5176 1100 5241 pro
1130 5158 1258 5222 dornino
1281 5157 1412 5223 Nicolao
1442 5157 1578 5243 plebano
1608 5158 1711 5222 dictae

310 5259 412 5342 plebis
441 5261 538 5325 solvit
565 5262 643 5324 mihi
664 5261 782 5325 Rufino
812 5262 912 5326 dictas
934 5261 982 5326 VI
1010 5280 1142 5344 marcas,
1172 5262 1315 5327 valentes
1344 5263 1379 5325 in
1401 5261 1554 5327 universo
1577 5259 1711 5327 XXIIII

242 5370 277 5424 45
312 5363 453 5430 florenos
474 5367 553 5450 anri,
576 5365 718 5450 qnalibet
740 5372 923 5450 computata
943 5372 1106 5451 utsupra
