<?xml version="1.0" encoding="UTF-8"?>
<!DOCTYPE html PUBLIC "-//W3C//DTD XHTML 1.0 Transitional//EN"
    "http://www.w3.org/TR/xhtml1/DTD/xhtml1-transitional.dtd">
<html xmlns="http://www.w3.org/1999/xhtml" xml:lang="en" lang="en">
 <head>
  <title>
</title>
<meta http-equiv="Content-Type" content="text/html;charset=utf-8" />
  <meta name='ocr-system' content='tesseract 3.04.00' />
  <meta name='ocr-capabilities' content='ocr_page ocr_carea ocr_par ocr_line ocrx_word'/>
</head>
<body>
  <div class='ocr_page' id='page_1' title='image "./urkundenbuchzur00mlgoog_0493.png"; bbox 0 0 4086 6300; ppageno 0'>
   <div class='ocr_carea' id='block_1_1' title="bbox 988 610 1143 706">
    <p class='ocr_par' dir='ltr' id='par_1_1' title="bbox 988 610 1143 706">
     <span class='ocr_line' id='line_1_1' title="bbox 988 610 1143 706; baseline 0 -32"><span class='ocrx_word' id='word_1_1' title='bbox 988 610 1143 706; x_wconf 52' lang='lat'><strong>„43⁸2-</strong></span> 
     </span>
    </p>
   </div>
   <div class='ocr_carea' id='block_1_2' title="bbox 364 798 1838 4514">
    <p class='ocr_par' dir='ltr' id='par_1_2' title="bbox 365 798 1768 1091">
     <span class='ocr_line' id='line_1_2' title="bbox 365 798 1768 884; baseline -0.001 -19"><span class='ocrx_word' id='word_1_2' title='bbox 365 800 490 865; x_wconf 83' lang='lat' dir='ltr'><strong>facilem</strong></span> <span class='ocrx_word' id='word_1_3' title='bbox 511 800 663 884; x_wconf 87' lang='lat' dir='ltr'><strong>praehere</strong></span> <span class='ocrx_word' id='word_1_4' title='bbox 694 819 886 864; x_wconf 89' lang='lat' dir='ltr'><strong>consensum</strong></span> <span class='ocrx_word' id='word_1_5' title='bbox 916 800 949 862; x_wconf 90' lang='lat' dir='ltr'><strong>in</strong></span> <span class='ocrx_word' id='word_1_6' title='bbox 972 800 1022 864; x_wconf 88' lang='lat' dir='ltr'><strong>his</strong></span> <span class='ocrx_word' id='word_1_7' title='bbox 1043 801 1222 884; x_wconf 83' lang='lat' dir='ltr'><strong>praecipue,</strong></span> <span class='ocrx_word' id='word_1_8' title='bbox 1253 819 1335 882; x_wconf 84' lang='lat' dir='ltr'><strong>quae</strong></span> <span class='ocrx_word' id='word_1_9' title='bbox 1357 800 1509 864; x_wconf 87' lang='lat' dir='ltr'><strong>ridentur</strong></span> <span class='ocrx_word' id='word_1_10' title='bbox 1537 819 1672 864; x_wconf 87' lang='lat' dir='ltr'><strong>suorum</strong></span> <span class='ocrx_word' id='word_1_11' title='bbox 1693 798 1768 864; x_wconf 90' lang='lat' dir='ltr'><strong>sub-</strong></span> 
     </span>
     <span class='ocr_line' id='line_1_3' title="bbox 366 902 1768 968; baseline -0.001 -1"><span class='ocrx_word' id='word_1_12' title='bbox 366 905 505 968; x_wconf 92' lang='lat' dir='ltr'><strong>ditorum</strong></span> <span class='ocrx_word' id='word_1_13' title='bbox 534 904 709 968; x_wconf 91' lang='lat' dir='ltr'><strong>commodis</strong></span> <span class='ocrx_word' id='word_1_14' title='bbox 742 903 863 968; x_wconf 75' lang='lat' dir='ltr'>utiliter</span> <span class='ocrx_word' id='word_1_15' title='bbox 896 904 1078 968; x_wconf 78' lang='lat' dir='ltr'><strong>convenire.</strong></span> <span class='ocrx_word' id='word_1_16' title='bbox 1115 902 1254 967; x_wconf 83' lang='lat' dir='ltr'>Proinde</span> <span class='ocrx_word' id='word_1_17' title='bbox 1288 904 1328 967; x_wconf 87' lang='lat' dir='ltr'><strong>ad</strong></span> <span class='ocrx_word' id='word_1_18' title='bbox 1364 904 1590 968; x_wconf 88' lang='lat' dir='ltr'><strong>universorum</strong></span> <span class='ocrx_word' id='word_1_19' title='bbox 1623 904 1768 968; x_wconf 81' lang='lat' dir='ltr'>notitiam</span> 
     </span>
     <span class='ocr_line' id='line_1_4' title="bbox 366 1007 1767 1091; baseline -0.001 -19"><span class='ocrx_word' id='word_1_20' title='bbox 366 1009 477 1073; x_wconf 90' lang='lat' dir='ltr'><strong>harum</strong></span> <span class='ocrx_word' id='word_1_21' title='bbox 501 1009 583 1073; x_wconf 87' lang='lat' dir='ltr'><strong>serie</strong></span> <span class='ocrx_word' id='word_1_22' title='bbox 606 1008 757 1072; x_wconf 86' lang='lat' dir='ltr'><strong>volumus</strong></span> <span class='ocrx_word' id='word_1_23' title='bbox 778 1008 957 1091; x_wconf 87' lang='lat' dir='ltr'><strong>pervenire,</strong></span> <span class='ocrx_word' id='word_1_24' title='bbox 989 1007 1076 1089; x_wconf 91' lang='lat' dir='ltr'><strong>quod</strong></span> <span class='ocrx_word' id='word_1_25' title='bbox 1109 1026 1168 1071; x_wconf 91' lang='lat' dir='ltr'><strong>nos</strong></span> <span class='ocrx_word' id='word_1_26' title='bbox 1190 1008 1398 1072; x_wconf 76' lang='lat' dir='ltr'><strong>consideratis</strong></span> <span class='ocrx_word' id='word_1_27' title='bbox 1420 1007 1627 1072; x_wconf 85' lang='lat' dir='ltr'><strong>fidelitatibus</strong></span> <span class='ocrx_word' id='word_1_28' title='bbox 1649 1007 1767 1071; x_wconf 85' lang='lat' dir='ltr'><strong>civium</strong></span> 
     </span>
    </p>

    <p class='ocr_par' dir='ltr' id='par_1_3' title="bbox 365 1110 1838 1922">
     <span class='ocr_line' id='line_1_5' title="bbox 366 1110 1768 1196; baseline -0.003 -19"><span class='ocrx_word' id='word_1_29' title='bbox 366 1119 399 1177; x_wconf 88' lang='lat' dir='ltr'><strong>et</strong></span> <span class='ocrx_word' id='word_1_30' title='bbox 428 1113 589 1196; x_wconf 90' lang='lat' dir='ltr'><strong>hospitum</strong></span> <span class='ocrx_word' id='word_1_31' title='bbox 618 1115 803 1175; x_wconf 82' lang='lat' dir='ltr'><strong>nostrorum</strong></span> <span class='ocrx_word' id='word_1_32' title='bbox 832 1111 871 1175; x_wconf 96' lang='lat' dir='ltr'><strong>de</strong></span> <span class='ocrx_word' id='word_1_33' title='bbox 900 1110 1079 1176; x_wconf 88' lang='lat' dir='ltr'><strong>Bezturche</strong></span> <span class='ocrx_word' id='word_1_34' title='bbox 1112 1118 1144 1175; x_wconf 89' lang='lat' dir='ltr'><strong>et</strong></span> <span class='ocrx_word' id='word_1_35' title='bbox 1175 1112 1214 1174; x_wconf 88' lang='lat' dir='ltr'><strong>ad</strong></span> <span class='ocrx_word' id='word_1_36' title='bbox 1248 1112 1382 1176; x_wconf 89' lang='lat' dir='ltr'><strong>eandem</strong></span> <span class='ocrx_word' id='word_1_37' title='bbox 1416 1112 1524 1176; x_wconf 90' lang='lat' dir='ltr'><strong>sedem</strong></span> <span class='ocrx_word' id='word_1_38' title='bbox 1555 1112 1768 1196; x_wconf 73' lang='lat' dir='ltr'><strong>spectantium</strong></span> 
     </span>
     <span class='ocr_line' id='line_1_6' title="bbox 365 1214 1819 1301; baseline -0.003 -22"><span class='ocrx_word' id='word_1_39' title='bbox 365 1215 573 1301; x_wconf 74' lang='lat' dir='ltr'><strong>petitionibus</strong></span> <span class='ocrx_word' id='word_1_40' title='bbox 602 1214 778 1278; x_wconf 89' lang='lat' dir='ltr'><strong>eorundem</strong></span> <span class='ocrx_word' id='word_1_41' title='bbox 806 1214 900 1277; x_wconf 89' lang='lat' dir='ltr'><strong>iustis</strong></span> <span class='ocrx_word' id='word_1_42' title='bbox 929 1220 962 1278; x_wconf 90' lang='lat' dir='ltr'><strong>et</strong></span> <span class='ocrx_word' id='word_1_43' title='bbox 991 1215 1204 1279; x_wconf 87' lang='lat' dir='ltr'><strong>iuriconsonis</strong></span> <span class='ocrx_word' id='word_1_44' title='bbox 1234 1214 1402 1279; x_wconf 72' lang='lat' dir='ltr'><strong>inclinatae</strong></span> <span class='ocrx_word' id='word_1_45' title='bbox 1433 1234 1476 1279; x_wconf 82' lang='lat' dir='ltr'><strong>ex</strong></span> <span class='ocrx_word' id='word_1_46' title='bbox 1506 1214 1704 1298; x_wconf 82' lang='lat' dir='ltr'><strong>beneplacito</strong></span> <span class='ocrx_word' id='word_1_47' title='bbox 1735 1220 1768 1278; x_wconf 89' lang='lat' dir='ltr'><strong>et</strong></span> <span class='ocrx_word' id='word_1_48' title='bbox 1802 1223 1819 1274; x_wconf 86' lang='lat'><strong>5</strong></span> 
     </span>
     <span class='ocr_line' id='line_1_7' title="bbox 365 1316 1767 1402; baseline -0.001 -18"><span class='ocrx_word' id='word_1_49' title='bbox 365 1339 524 1384; x_wconf 89' lang='lat' dir='ltr'><strong>consensu</strong></span> <span class='ocrx_word' id='word_1_50' title='bbox 546 1317 739 1384; x_wconf 87' lang='lat' dir='ltr'><strong>serenissimi</strong></span> <span class='ocrx_word' id='word_1_51' title='bbox 761 1316 913 1401; x_wconf 89' lang='lat' dir='ltr'><strong>principis</strong></span> <span class='ocrx_word' id='word_1_52' title='bbox 935 1318 1056 1381; x_wconf 91' lang='lat' dir='ltr'><strong>domini</strong></span> <span class='ocrx_word' id='word_1_53' title='bbox 1076 1317 1186 1382; x_wconf 88' lang='lat' dir='ltr'><strong>Karoh</strong></span> <span class='ocrx_word' id='word_1_54' title='bbox 1217 1319 1268 1382; x_wconf 93' lang='lat' dir='ltr'><strong>dei</strong></span> <span class='ocrx_word' id='word_1_55' title='bbox 1290 1319 1391 1401; x_wconf 86' lang='lat' dir='ltr'><strong>gratia</strong></span> <span class='ocrx_word' id='word_1_56' title='bbox 1412 1318 1546 1383; x_wconf 88' lang='lat' dir='ltr'><strong>illustris</strong></span> <span class='ocrx_word' id='word_1_57' title='bbox 1568 1319 1652 1402; x_wconf 85' lang='lat' dir='ltr'><strong>regis</strong></span> <span class='ocrx_word' id='word_1_58' title='bbox 1673 1317 1767 1382; x_wconf 89' lang='lat' dir='ltr'><strong>Hun-</strong></span> 
     </span>
     <span class='ocr_line' id='line_1_8' title="bbox 365 1421 1769 1508; baseline -0.003 -19"><span class='ocrx_word' id='word_1_59' title='bbox 365 1425 471 1508; x_wconf 84' lang='lat' dir='ltr'><strong>gariae</strong></span> <span class='ocrx_word' id='word_1_60' title='bbox 500 1423 657 1487; x_wconf 88' lang='lat' dir='ltr'><strong>consortis</strong></span> <span class='ocrx_word' id='word_1_61' title='bbox 686 1421 788 1485; x_wconf 87' lang='lat' dir='ltr'><strong>nostri</strong></span> <span class='ocrx_word' id='word_1_62' title='bbox 818 1421 971 1485; x_wconf 70' lang='lat' dir='ltr'><strong>citissimi</strong></span> <span class='ocrx_word' id='word_1_63' title='bbox 1003 1422 1084 1485; x_wconf 91' lang='lat' dir='ltr'><strong>hanc</strong></span> <span class='ocrx_word' id='word_1_64' title='bbox 1113 1422 1245 1504; x_wconf 85' lang='lat' dir='ltr'><strong>gratiam</strong></span> <span class='ocrx_word' id='word_1_65' title='bbox 1272 1423 1441 1505; x_wconf 79' lang='lat' dir='ltr'><strong>specialem</strong></span> <span class='ocrx_word' id='word_1_66' title='bbox 1468 1423 1586 1487; x_wconf 91' lang='lat' dir='ltr'><strong>eisdem</strong></span> <span class='ocrx_word' id='word_1_67' title='bbox 1616 1422 1769 1486; x_wconf 86' lang='lat' dir='ltr'><strong>duximus</strong></span> 
     </span>
     <span class='ocr_line' id='line_1_9' title="bbox 366 1524 1768 1609; baseline -0.003 -17"><span class='ocrx_word' id='word_1_68' title='bbox 366 1528 552 1609; x_wconf 84' lang='lat' dir='ltr'><strong>faciendam,</strong></span> <span class='ocrx_word' id='word_1_69' title='bbox 582 1531 620 1590; x_wconf 92' lang='lat' dir='ltr'><strong>ut</strong></span> <span class='ocrx_word' id='word_1_70' title='bbox 648 1524 769 1589; x_wconf 91' lang='lat' dir='ltr'><strong>nullius</strong></span> <span class='ocrx_word' id='word_1_71' title='bbox 799 1524 914 1588; x_wconf 91' lang='lat' dir='ltr'><strong>iudicis</strong></span> <span class='ocrx_word' id='word_1_72' title='bbox 939 1525 1029 1607; x_wconf 79' lang='lat' dir='ltr'><strong>regni</strong></span> <span class='ocrx_word' id='word_1_73' title='bbox 1059 1526 1160 1588; x_wconf 89' lang='lat' dir='ltr'><strong>nostri</strong></span> <span class='ocrx_word' id='word_1_74' title='bbox 1182 1531 1307 1608; x_wconf 87' lang='lat' dir='ltr'><strong>praeter</strong></span> <span class='ocrx_word' id='word_1_75' title='bbox 1329 1527 1541 1609; x_wconf 80' lang='lat' dir='ltr'><strong>praesentiam</strong></span> <span class='ocrx_word' id='word_1_76' title='bbox 1567 1530 1709 1589; x_wconf 90' lang='lat' dir='ltr'><strong>nostram</strong></span> <span class='ocrx_word' id='word_1_77' title='bbox 1731 1544 1768 1588; x_wconf 92' lang='lat' dir='ltr'><strong>ac</strong></span> 
     </span>
     <span class='ocr_line' id='line_1_10' title="bbox 365 1630 1766 1714; baseline -0.004 -18"><span class='ocrx_word' id='word_1_78' title='bbox 365 1632 489 1696; x_wconf 91' lang='lat' dir='ltr'><strong>comitis</strong></span> <span class='ocrx_word' id='word_1_79' title='bbox 518 1650 629 1695; x_wconf 92' lang='lat' dir='ltr'><strong>eorum</strong></span> <span class='ocrx_word' id='word_1_80' title='bbox 658 1650 716 1714; x_wconf 90' lang='lat' dir='ltr'><strong>per</strong></span> <span class='ocrx_word' id='word_1_81' title='bbox 745 1649 805 1693; x_wconf 90' lang='lat' dir='ltr'><strong>nos</strong></span> <span class='ocrx_word' id='word_1_82' title='bbox 833 1649 891 1713; x_wconf 89' lang='lat' dir='ltr'><strong>pro</strong></span> <span class='ocrx_word' id='word_1_83' title='bbox 922 1634 1063 1713; x_wconf 86' lang='lat' dir='ltr'><strong>tempore</strong></span> <span class='ocrx_word' id='word_1_84' title='bbox 1094 1649 1182 1693; x_wconf 90' lang='lat' dir='ltr'><strong>nunc</strong></span> <span class='ocrx_word' id='word_1_85' title='bbox 1211 1630 1376 1694; x_wconf 89' lang='lat' dir='ltr'><strong>constituti</strong></span> <span class='ocrx_word' id='word_1_86' title='bbox 1407 1630 1495 1693; x_wconf 91' lang='lat' dir='ltr'><strong>etin</strong></span> <span class='ocrx_word' id='word_1_87' title='bbox 1522 1630 1668 1693; x_wconf 80' lang='lat' dir='ltr'><strong>futurum</strong></span> <span class='ocrx_word' id='word_1_88' title='bbox 1690 1648 1766 1692; x_wconf 93' lang='lat' dir='ltr'><strong>con-</strong></span> 
     </span>
     <span class='ocr_line' id='line_1_11' title="bbox 366 1733 1838 1818; baseline -0.004 -19"><span class='ocrx_word' id='word_1_89' title='bbox 366 1735 519 1800; x_wconf 89' lang='lat' dir='ltr'><strong>stituendi</strong></span> <span class='ocrx_word' id='word_1_90' title='bbox 545 1739 602 1799; x_wconf 90' lang='lat' dir='ltr'><strong>aut</strong></span> <span class='ocrx_word' id='word_1_91' title='bbox 623 1734 737 1797; x_wconf 91' lang='lat' dir='ltr'><strong>iudicis</strong></span> <span class='ocrx_word' id='word_1_92' title='bbox 759 1752 871 1797; x_wconf 91' lang='lat' dir='ltr'><strong>eorum</strong></span> <span class='ocrx_word' id='word_1_93' title='bbox 897 1734 1108 1797; x_wconf 89' lang='lat' dir='ltr'><strong>communiter</strong></span> <span class='ocrx_word' id='word_1_94' title='bbox 1131 1734 1285 1818; x_wconf 87' lang='lat' dir='ltr'><strong>assumpti</strong></span> <span class='ocrx_word' id='word_1_95' title='bbox 1315 1738 1418 1796; x_wconf 88' lang='lat' dir='ltr'><strong>astare</strong></span> <span class='ocrx_word' id='word_1_96' title='bbox 1448 1733 1566 1797; x_wconf 92' lang='lat' dir='ltr'><strong>iudicio</strong></span> <span class='ocrx_word' id='word_1_97' title='bbox 1589 1737 1766 1797; x_wconf 87' lang='lat' dir='ltr'><strong>teneantur.</strong></span> <span class='ocrx_word' id='word_1_98' title='bbox 1804 1739 1838 1793; x_wconf 88' lang='lat'><strong>10</strong></span> 
     </span>
     <span class='ocr_line' id='line_1_12' title="bbox 365 1836 1767 1922; baseline -0.002 -20"><span class='ocrx_word' id='word_1_99' title='bbox 365 1839 447 1904; x_wconf 88' lang='lat' dir='ltr'><strong>Item</strong></span> <span class='ocrx_word' id='word_1_100' title='bbox 470 1840 558 1922; x_wconf 92' lang='lat' dir='ltr'><strong>quod</strong></span> <span class='ocrx_word' id='word_1_101' title='bbox 578 1838 688 1902; x_wconf 90' lang='lat' dir='ltr'><strong>nullus</strong></span> <span class='ocrx_word' id='word_1_102' title='bbox 710 1837 876 1900; x_wconf 91' lang='lat' dir='ltr'><strong>hominum</strong></span> <span class='ocrx_word' id='word_1_103' title='bbox 899 1856 1051 1921; x_wconf 87' lang='lat' dir='ltr'><strong>personas</strong></span> <span class='ocrx_word' id='word_1_104' title='bbox 1074 1844 1203 1901; x_wconf 89' lang='lat' dir='ltr'><strong>autres</strong></span> <span class='ocrx_word' id='word_1_105' title='bbox 1225 1856 1283 1901; x_wconf 89' lang='lat' dir='ltr'><strong>seu</strong></span> <span class='ocrx_word' id='word_1_106' title='bbox 1299 1837 1384 1901; x_wconf 86' lang='lat' dir='ltr'><strong>bona</strong></span> <span class='ocrx_word' id='word_1_107' title='bbox 1406 1838 1581 1900; x_wconf 89' lang='lat' dir='ltr'><strong>eorundem</strong></span> <span class='ocrx_word' id='word_1_108' title='bbox 1606 1836 1767 1920; x_wconf 89' lang='lat' dir='ltr'><strong>hospitum</strong></span> 
     </span>
    </p>

    <p class='ocr_par' dir='ltr' id='par_1_4' title="bbox 364 1939 1837 2439">
     <span class='ocr_line' id='line_1_13' title="bbox 367 1939 1768 2023; baseline -0.004 -17"><span class='ocrx_word' id='word_1_109' title='bbox 367 1948 400 2006; x_wconf 91' lang='lat' dir='ltr'><strong>et</strong></span> <span class='ocrx_word' id='word_1_110' title='bbox 421 1942 540 2006; x_wconf 87' lang='lat' dir='ltr'><strong>civium</strong></span> <span class='ocrx_word' id='word_1_111' title='bbox 563 1948 746 2005; x_wconf 88' lang='lat' dir='ltr'><strong>nostrorum</strong></span> <span class='ocrx_word' id='word_1_112' title='bbox 774 1960 832 2023; x_wconf 91' lang='lat' dir='ltr'><strong>per</strong></span> <span class='ocrx_word' id='word_1_113' title='bbox 862 1940 999 2023; x_wconf 89' lang='lat' dir='ltr'><strong>spatium</strong></span> <span class='ocrx_word' id='word_1_114' title='bbox 1030 1941 1120 2023; x_wconf 86' lang='lat' dir='ltr'><strong>regni</strong></span> <span class='ocrx_word' id='word_1_115' title='bbox 1142 1940 1327 2023; x_wconf 82' lang='lat' dir='ltr'><strong>Hungariae</strong></span> <span class='ocrx_word' id='word_1_116' title='bbox 1355 1941 1423 2004; x_wconf 90' lang='lat' dir='ltr'><strong>sive</strong></span> <span class='ocrx_word' id='word_1_117' title='bbox 1451 1940 1544 2003; x_wconf 87' lang='lat' dir='ltr'><strong>ctiam</strong></span> <span class='ocrx_word' id='word_1_118' title='bbox 1568 1941 1600 2002; x_wconf 92' lang='lat' dir='ltr'><strong>in</strong></span> <span class='ocrx_word' id='word_1_119' title='bbox 1624 1939 1768 2023; x_wconf 89' lang='lat' dir='ltr'><strong>partibus</strong></span> 
     </span>
     <span class='ocr_line' id='line_1_14' title="bbox 364 2042 1767 2129; baseline -0.003 -20"><span class='ocrx_word' id='word_1_120' title='bbox 364 2045 598 2110; x_wconf 83' lang='lat' dir='ltr'><strong>Transsiluanis</strong></span> <span class='ocrx_word' id='word_1_121' title='bbox 619 2046 719 2129; x_wconf 88' lang='lat' dir='ltr'><strong>possit</strong></span> <span class='ocrx_word' id='word_1_122' title='bbox 748 2045 799 2108; x_wconf 86' lang='lat' dir='ltr'><strong>vel</strong></span> <span class='ocrx_word' id='word_1_123' title='bbox 830 2044 935 2107; x_wconf 77' lang='lat' dir='ltr'><strong>valeat</strong></span> <span class='ocrx_word' id='word_1_124' title='bbox 965 2064 1128 2126; x_wconf 90' lang='lat' dir='ltr'><strong>quoquam</strong></span> <span class='ocrx_word' id='word_1_125' title='bbox 1153 2044 1319 2128; x_wconf 88' lang='lat' dir='ltr'><strong>prohibere</strong></span> <span class='ocrx_word' id='word_1_126' title='bbox 1343 2044 1394 2108; x_wconf 85' lang='lat' dir='ltr'><strong>vel</strong></span> <span class='ocrx_word' id='word_1_127' title='bbox 1425 2064 1482 2127; x_wconf 92' lang='lat' dir='ltr'><strong>per</strong></span> <span class='ocrx_word' id='word_1_128' title='bbox 1505 2044 1687 2127; x_wconf 88' lang='lat' dir='ltr'><strong>quempiam</strong></span> <span class='ocrx_word' id='word_1_129' title='bbox 1708 2042 1767 2105; x_wconf 92' lang='lat' dir='ltr'><strong>im-</strong></span> 
     </span>
     <span class='ocr_line' id='line_1_15' title="bbox 365 2146 1768 2234; baseline -0.003 -21"><span class='ocrx_word' id='word_1_130' title='bbox 365 2150 481 2234; x_wconf 88' lang='lat' dir='ltr'><strong>pedire.</strong></span> <span class='ocrx_word' id='word_1_131' title='bbox 519 2150 677 2214; x_wconf 84' lang='lat' dir='ltr'><strong>Volumus</strong></span> <span class='ocrx_word' id='word_1_132' title='bbox 705 2149 804 2232; x_wconf 83' lang='lat' dir='ltr'><strong>igitur</strong></span> <span class='ocrx_word' id='word_1_133' title='bbox 833 2153 865 2212; x_wconf 90' lang='lat' dir='ltr'><strong>et</strong></span> <span class='ocrx_word' id='word_1_134' title='bbox 893 2148 985 2211; x_wconf 84' lang='lat' dir='ltr'><strong>vobis</strong></span> <span class='ocrx_word' id='word_1_135' title='bbox 1015 2146 1162 2211; x_wconf 90' lang='lat' dir='ltr'><strong>fidelibus</strong></span> <span class='ocrx_word' id='word_1_136' title='bbox 1192 2148 1310 2211; x_wconf 90' lang='lat' dir='ltr'><strong>nostris</strong></span> <span class='ocrx_word' id='word_1_137' title='bbox 1341 2148 1500 2212; x_wconf 79' lang='lat' dir='ltr'><strong>universis</strong></span> <span class='ocrx_word' id='word_1_138' title='bbox 1531 2147 1703 2211; x_wconf 88' lang='lat' dir='ltr'><strong>baronibus</strong></span> <span class='ocrx_word' id='word_1_139' title='bbox 1730 2166 1768 2209; x_wconf 87' lang='lat' dir='ltr'><strong>ac</strong></span> 
     </span>
     <span class='ocr_line' id='line_1_16' title="bbox 366 2251 1837 2338; baseline -0.005 -20"><span class='ocrx_word' id='word_1_140' title='bbox 366 2253 544 2338; x_wconf 88' lang='lat' dir='ltr'><strong>specialiter</strong></span> <span class='ocrx_word' id='word_1_141' title='bbox 565 2253 733 2336; x_wconf 82' lang='lat' dir='ltr'><strong>magnifico</strong></span> <span class='ocrx_word' id='word_1_142' title='bbox 757 2253 825 2315; x_wconf 86' lang='lat' dir='ltr'><strong>viro</strong></span> <span class='ocrx_word' id='word_1_143' title='bbox 844 2251 981 2314; x_wconf 85' lang='lat' dir='ltr'><strong>Thomae</strong></span> <span class='ocrx_word' id='word_1_144' title='bbox 1003 2251 1157 2315; x_wconf 82' lang='lat' dir='ltr'><strong>vaivodae</strong></span> <span class='ocrx_word' id='word_1_145' title='bbox 1171 2251 1379 2315; x_wconf 83' lang='lat' dir='ltr'><strong>Transiluano</strong></span> <span class='ocrx_word' id='word_1_146' title='bbox 1402 2251 1510 2315; x_wconf 91' lang='lat' dir='ltr'><strong>comiti</strong></span> <span class='ocrx_word' id='word_1_147' title='bbox 1534 2252 1573 2316; x_wconf 94' lang='lat' dir='ltr'><strong>de</strong></span> <span class='ocrx_word' id='word_1_148' title='bbox 1596 2251 1720 2315; x_wconf 85' lang='lat' dir='ltr'><strong>Zolnulr</strong></span> <span class='ocrx_word' id='word_1_149' title='bbox 1735 2257 1768 2315; x_wconf 90' lang='lat' dir='ltr'><strong>et</strong></span> <span class='ocrx_word' id='word_1_150' title='bbox 1804 2260 1837 2311; x_wconf 80' lang='lat'><strong>15</strong></span> 
     </span>
     <span class='ocr_line' id='line_1_17' title="bbox 367 2353 1766 2439; baseline -0.001 -20"><span class='ocrx_word' id='word_1_151' title='bbox 367 2357 454 2420; x_wconf 87' lang='lat' dir='ltr'><strong>vices</strong></span> <span class='ocrx_word' id='word_1_152' title='bbox 469 2356 538 2421; x_wconf 90' lang='lat' dir='ltr'><strong>eius</strong></span> <span class='ocrx_word' id='word_1_153' title='bbox 553 2356 747 2439; x_wconf 86' lang='lat' dir='ltr'><strong>gerentibus,</strong></span> <span class='ocrx_word' id='word_1_154' title='bbox 770 2354 939 2418; x_wconf 90' lang='lat' dir='ltr'><strong>comitibus</strong></span> <span class='ocrx_word' id='word_1_155' title='bbox 954 2353 1196 2437; x_wconf 66' lang='lat' dir='ltr'><strong>parochialibus</strong></span> <span class='ocrx_word' id='word_1_156' title='bbox 1218 2355 1406 2436; x_wconf 75' lang='lat' dir='ltr'><strong>castellanis,</strong></span> <span class='ocrx_word' id='word_1_157' title='bbox 1424 2355 1590 2439; x_wconf 77' lang='lat' dir='ltr'><strong>iudicibus,</strong></span> <span class='ocrx_word' id='word_1_158' title='bbox 1605 2355 1766 2419; x_wconf 90' lang='lat' dir='ltr'><strong>nobilibus</strong></span> 
     </span>
    </p>

    <p class='ocr_par' dir='ltr' id='par_1_5' title="bbox 365 2458 1838 3791">
     <span class='ocr_line' id='line_1_18' title="bbox 367 2458 1768 2542; baseline -0.001 -19"><span class='ocrx_word' id='word_1_159' title='bbox 367 2465 399 2523; x_wconf 88' lang='lat' dir='ltr'><strong>et</strong></span> <span class='ocrx_word' id='word_1_160' title='bbox 421 2460 490 2523; x_wconf 90' lang='lat' dir='ltr'><strong>aliis</strong></span> <span class='ocrx_word' id='word_1_161' title='bbox 522 2460 718 2542; x_wconf 91' lang='lat' dir='ltr'><strong>quibuslibet</strong></span> <span class='ocrx_word' id='word_1_162' title='bbox 748 2460 979 2540; x_wconf 89' lang='lat' dir='ltr'><strong>cuiuscumque</strong></span> <span class='ocrx_word' id='word_1_163' title='bbox 1011 2458 1173 2541; x_wconf 79' lang='lat' dir='ltr'><strong>diguitatis</strong></span> <span class='ocrx_word' id='word_1_164' title='bbox 1204 2458 1255 2522; x_wconf 85' lang='lat' dir='ltr'><strong>vel</strong></span> <span class='ocrx_word' id='word_1_165' title='bbox 1278 2459 1407 2521; x_wconf 90' lang='lat' dir='ltr'><strong>honoris</strong></span> <span class='ocrx_word' id='word_1_166' title='bbox 1434 2460 1574 2523; x_wconf 83' lang='lat' dir='ltr'><strong>existant</strong></span> <span class='ocrx_word' id='word_1_167' title='bbox 1596 2480 1633 2524; x_wconf 87' lang='lat' dir='ltr'><strong>ac</strong></span> <span class='ocrx_word' id='word_1_168' title='bbox 1655 2478 1768 2524; x_wconf 90' lang='lat' dir='ltr'><strong>eorum</strong></span> 
     </span>
     <span class='ocr_line' id='line_1_19' title="bbox 366 2562 1767 2647; baseline 0.001 -21"><span class='ocrx_word' id='word_1_169' title='bbox 366 2562 555 2627; x_wconf 85' lang='lat' dir='ltr'><strong>officialibus</strong></span> <span class='ocrx_word' id='word_1_170' title='bbox 577 2584 635 2647; x_wconf 94' lang='lat' dir='ltr'><strong>pro</strong></span> <span class='ocrx_word' id='word_1_171' title='bbox 658 2569 800 2646; x_wconf 81' lang='lat' dir='ltr'><strong>ternpore</strong></span> <span class='ocrx_word' id='word_1_172' title='bbox 822 2563 1004 2626; x_wconf 91' lang='lat' dir='ltr'><strong>constitutis</strong></span> <span class='ocrx_word' id='word_1_173' title='bbox 1027 2581 1152 2625; x_wconf 88' lang='lat' dir='ltr'><strong>necnon</strong></span> <span class='ocrx_word' id='word_1_174' title='bbox 1175 2562 1356 2627; x_wconf 85' lang='lat' dir='ltr'><strong>civitatibus</strong></span> <span class='ocrx_word' id='word_1_175' title='bbox 1372 2562 1512 2645; x_wconf 80' lang='lat' dir='ltr'><strong>atridis,</strong></span> <span class='ocrx_word' id='word_1_176' title='bbox 1537 2564 1655 2645; x_wconf 91' lang='lat' dir='ltr'><strong>quibus</strong></span> <span class='ocrx_word' id='word_1_177' title='bbox 1678 2581 1767 2646; x_wconf 86' lang='lat' dir='ltr'><strong>prae·</strong></span> 
     </span>
     <span class='ocr_line' id='line_1_20' title="bbox 365 2664 1768 2750; baseline -0.001 -19"><span class='ocrx_word' id='word_1_178' title='bbox 365 2672 472 2732; x_wconf 86' lang='lat' dir='ltr'><strong>sentes</strong></span> <span class='ocrx_word' id='word_1_179' title='bbox 505 2667 723 2748; x_wconf 87' lang='lat' dir='ltr'><strong>ostendentur,</strong></span> <span class='ocrx_word' id='word_1_180' title='bbox 760 2666 989 2750; x_wconf 88' lang='lat' dir='ltr'><strong>praecipientes</strong></span> <span class='ocrx_word' id='word_1_181' title='bbox 1023 2666 1137 2728; x_wconf 90' lang='lat' dir='ltr'><strong>damus</strong></span> <span class='ocrx_word' id='word_1_182' title='bbox 1169 2664 1303 2730; x_wconf 89' lang='lat' dir='ltr'><strong>firmiter</strong></span> <span class='ocrx_word' id='word_1_183' title='bbox 1336 2667 1368 2729; x_wconf 93' lang='lat' dir='ltr'><strong>in</strong></span> <span class='ocrx_word' id='word_1_184' title='bbox 1405 2667 1570 2749; x_wconf 75' lang='lat' dir='ltr'><strong>mandatis,</strong></span> <span class='ocrx_word' id='word_1_185' title='bbox 1609 2671 1768 2748; x_wconf 85' lang='lat' dir='ltr'><strong>quatenus</strong></span> 
     </span>
     <span class='ocr_line' id='line_1_21' title="bbox 366 2769 1838 2854; baseline -0.003 -19"><span class='ocrx_word' id='word_1_186' title='bbox 366 2772 494 2836; x_wconf 90' lang='lat' dir='ltr'><strong>eosdem</strong></span> <span class='ocrx_word' id='word_1_187' title='bbox 525 2773 612 2835; x_wconf 86' lang='lat' dir='ltr'><strong>cives</strong></span> <span class='ocrx_word' id='word_1_188' title='bbox 641 2777 673 2835; x_wconf 91' lang='lat' dir='ltr'><strong>et</strong></span> <span class='ocrx_word' id='word_1_189' title='bbox 702 2771 842 2854; x_wconf 87' lang='lat' dir='ltr'><strong>hospites</strong></span> <span class='ocrx_word' id='word_1_190' title='bbox 873 2775 998 2832; x_wconf 88' lang='lat' dir='ltr'><strong>nostros</strong></span> <span class='ocrx_word' id='word_1_191' title='bbox 1029 2769 1267 2833; x_wconf 83' lang='lat' dir='ltr'><strong>deBezturche</strong></span> <span class='ocrx_word' id='word_1_192' title='bbox 1290 2770 1383 2833; x_wconf 86' lang='lat' dir='ltr'><strong>etad</strong></span> <span class='ocrx_word' id='word_1_193' title='bbox 1410 2771 1543 2833; x_wconf 89' lang='lat' dir='ltr'><strong>eandem</strong></span> <span class='ocrx_word' id='word_1_194' title='bbox 1566 2771 1673 2835; x_wconf 86' lang='lat' dir='ltr'><strong>sedem</strong></span> <span class='ocrx_word' id='word_1_195' title='bbox 1695 2790 1767 2854; x_wconf 89' lang='lat' dir='ltr'><strong>per·</strong></span> <span class='ocrx_word' id='word_1_196' title='bbox 1802 2775 1838 2830; x_wconf 81' lang='lat'><strong>20</strong></span> 
     </span>
     <span class='ocr_line' id='line_1_22' title="bbox 366 2873 1767 2957; baseline 0 -19"><span class='ocrx_word' id='word_1_197' title='bbox 366 2875 505 2938; x_wconf 81' lang='lat' dir='ltr'><strong>tinentes</strong></span> <span class='ocrx_word' id='word_1_198' title='bbox 533 2874 674 2938; x_wconf 91' lang='lat' dir='ltr'><strong>iudicare</strong></span> <span class='ocrx_word' id='word_1_199' title='bbox 703 2873 755 2937; x_wconf 84' lang='lat' dir='ltr'><strong>vel</strong></span> <span class='ocrx_word' id='word_1_200' title='bbox 787 2878 892 2937; x_wconf 79' lang='lat' dir='ltr'><strong>vestro</strong></span> <span class='ocrx_word' id='word_1_201' title='bbox 922 2879 1025 2937; x_wconf 87' lang='lat' dir='ltr'><strong>astare</strong></span> <span class='ocrx_word' id='word_1_202' title='bbox 1046 2873 1164 2936; x_wconf 90' lang='lat' dir='ltr'><strong>iudicio</strong></span> <span class='ocrx_word' id='word_1_203' title='bbox 1188 2874 1377 2957; x_wconf 90' lang='lat' dir='ltr'><strong>compellere</strong></span> <span class='ocrx_word' id='word_1_204' title='bbox 1410 2874 1593 2937; x_wconf 87' lang='lat' dir='ltr'><strong>nullatenus</strong></span> <span class='ocrx_word' id='word_1_205' title='bbox 1615 2875 1767 2939; x_wconf 79' lang='lat' dir='ltr'><strong>audeatis,</strong></span> 
     </span>
     <span class='ocr_line' id='line_1_23' title="bbox 366 2976 1767 3061; baseline 0.001 -19"><span class='ocrx_word' id='word_1_206' title='bbox 366 2977 515 3042; x_wconf 84' lang='lat' dir='ltr'><strong>Ceterum</strong></span> <span class='ocrx_word' id='word_1_207' title='bbox 546 2997 698 3061; x_wconf 86' lang='lat' dir='ltr'><strong>personas</strong></span> <span class='ocrx_word' id='word_1_208' title='bbox 729 2997 781 3041; x_wconf 91' lang='lat' dir='ltr'><strong>res</strong></span> <span class='ocrx_word' id='word_1_209' title='bbox 811 2982 844 3041; x_wconf 90' lang='lat' dir='ltr'><strong>et</strong></span> <span class='ocrx_word' id='word_1_210' title='bbox 874 2976 958 3040; x_wconf 91' lang='lat' dir='ltr'><strong>bona</strong></span> <span class='ocrx_word' id='word_1_211' title='bbox 987 2976 1162 3040; x_wconf 90' lang='lat' dir='ltr'><strong>eorundem</strong></span> <span class='ocrx_word' id='word_1_212' title='bbox 1195 2977 1329 3041; x_wconf 90' lang='lat' dir='ltr'><strong>ubilibet</strong></span> <span class='ocrx_word' id='word_1_213' title='bbox 1350 2978 1517 3061; x_wconf 89' lang='lat' dir='ltr'><strong>prohibere</strong></span> <span class='ocrx_word' id='word_1_214' title='bbox 1540 2977 1592 3042; x_wconf 79' lang='lat' dir='ltr'><strong>vel</strong></span> <span class='ocrx_word' id='word_1_215' title='bbox 1614 2979 1767 3061; x_wconf 90' lang='lat' dir='ltr'><strong>impedire</strong></span> 
     </span>
     <span class='ocr_line' id='line_1_24' title="bbox 367 3081 1768 3166; baseline 0 -21"><span class='ocrx_word' id='word_1_216' title='bbox 367 3082 456 3146; x_wconf 92' lang='lat' dir='ltr'><strong>nullo</strong></span> <span class='ocrx_word' id='word_1_217' title='bbox 479 3081 573 3145; x_wconf 93' lang='lat' dir='ltr'><strong>modo</strong></span> <span class='ocrx_word' id='word_1_218' title='bbox 596 3083 816 3166; x_wconf 67' lang='lat' dir='ltr'><strong>praesumatis</strong></span> <span class='ocrx_word' id='word_1_219' title='bbox 840 3081 947 3145; x_wconf 90' lang='lat' dir='ltr'><strong>necin</strong></span> <span class='ocrx_word' id='word_1_220' title='bbox 963 3081 1079 3144; x_wconf 81' lang='lat' dir='ltr'><strong>vestris</strong></span> <span class='ocrx_word' id='word_1_221' title='bbox 1094 3081 1213 3144; x_wconf 90' lang='lat' dir='ltr'><strong>tenutis</strong></span> <span class='ocrx_word' id='word_1_222' title='bbox 1236 3100 1294 3145; x_wconf 91' lang='lat' dir='ltr'><strong>seu</strong></span> <span class='ocrx_word' id='word_1_223' title='bbox 1316 3082 1350 3143; x_wconf 92' lang='lat' dir='ltr'><strong>in</strong></span> <span class='ocrx_word' id='word_1_224' title='bbox 1367 3082 1470 3145; x_wconf 90' lang='lat' dir='ltr'><strong>medio</strong></span> <span class='ocrx_word' id='word_1_225' title='bbox 1494 3083 1592 3146; x_wconf 84' lang='lat' dir='ltr'><strong>vestri</strong></span> <span class='ocrx_word' id='word_1_226' title='bbox 1608 3082 1768 3166; x_wconf 87' lang='lat' dir='ltr'><strong>prohiberi</strong></span> 
     </span>
     <span class='ocr_line' id='line_1_25' title="bbox 365 3183 1767 3269; baseline 0.002 -22"><span class='ocrx_word' id='word_1_227' title='bbox 365 3185 417 3249; x_wconf 85' lang='lat' dir='ltr'><strong>vel</strong></span> <span class='ocrx_word' id='word_1_228' title='bbox 439 3184 585 3268; x_wconf 91' lang='lat' dir='ltr'><strong>impediri</strong></span> <span class='ocrx_word' id='word_1_229' title='bbox 607 3203 664 3268; x_wconf 92' lang='lat' dir='ltr'><strong>per</strong></span> <span class='ocrx_word' id='word_1_230' title='bbox 680 3185 846 3268; x_wconf 89' lang='lat' dir='ltr'><strong>quospiam</strong></span> <span class='ocrx_word' id='word_1_231' title='bbox 861 3184 1059 3266; x_wconf 88' lang='lat' dir='ltr'><strong>permittatis.</strong></span> <span class='ocrx_word' id='word_1_232' title='bbox 1083 3183 1144 3247; x_wconf 87' lang='lat' dir='ltr'><strong>Sed</strong></span> <span class='ocrx_word' id='word_1_233' title='bbox 1168 3185 1195 3247; x_wconf 88' lang='lat' dir='ltr'><strong>si</strong></span> <span class='ocrx_word' id='word_1_234' title='bbox 1217 3186 1273 3267; x_wconf 91' lang='lat' dir='ltr'><strong>qui</strong></span> <span class='ocrx_word' id='word_1_235' title='bbox 1289 3185 1410 3266; x_wconf 87' lang='lat' dir='ltr'><strong>aliquid</strong></span> <span class='ocrx_word' id='word_1_236' title='bbox 1432 3186 1565 3249; x_wconf 86' lang='lat' dir='ltr'><strong>actionis</strong></span> <span class='ocrx_word' id='word_1_237' title='bbox 1584 3186 1636 3250; x_wconf 86' lang='lat' dir='ltr'><strong>vel</strong></span> <span class='ocrx_word' id='word_1_238' title='bbox 1653 3205 1767 3269; x_wconf 84' lang='lat' dir='ltr'><strong>quaes-</strong></span> 
     </span>
     <span class='ocr_line' id='line_1_26' title="bbox 365 3288 1837 3374; baseline 0.001 -21"><span class='ocrx_word' id='word_1_239' title='bbox 365 3290 462 3353; x_wconf 92' lang='lat' dir='ltr'><strong>tionis</strong></span> <span class='ocrx_word' id='word_1_240' title='bbox 495 3294 606 3352; x_wconf 90' lang='lat' dir='ltr'><strong>contra</strong></span> <span class='ocrx_word' id='word_1_241' title='bbox 639 3288 767 3353; x_wconf 90' lang='lat' dir='ltr'><strong>eosdem</strong></span> <span class='ocrx_word' id='word_1_242' title='bbox 796 3289 883 3352; x_wconf 84' lang='lat' dir='ltr'><strong>cives</strong></span> <span class='ocrx_word' id='word_1_243' title='bbox 916 3293 948 3352; x_wconf 91' lang='lat' dir='ltr'><strong>et</strong></span> <span class='ocrx_word' id='word_1_244' title='bbox 980 3288 1121 3372; x_wconf 85' lang='lat' dir='ltr'><strong>hospites</strong></span> <span class='ocrx_word' id='word_1_245' title='bbox 1154 3289 1324 3354; x_wconf 88' lang='lat' dir='ltr'><strong>habuerint</strong></span> <span class='ocrx_word' id='word_1_246' title='bbox 1357 3291 1390 3352; x_wconf 90' lang='lat' dir='ltr'><strong>in</strong></span> <span class='ocrx_word' id='word_1_247' title='bbox 1424 3290 1603 3374; x_wconf 87' lang='lat' dir='ltr'><strong>praesentia</strong></span> <span class='ocrx_word' id='word_1_248' title='bbox 1639 3295 1766 3354; x_wconf 87' lang='lat' dir='ltr'><strong>nostrae</strong></span> <span class='ocrx_word' id='word_1_249' title='bbox 1801 3295 1837 3348; x_wconf 81' lang='lat'><strong>25</strong></span> 
     </span>
     <span class='ocr_line' id='line_1_27' title="bbox 365 3392 1765 3476; baseline 0.002 -20"><span class='ocrx_word' id='word_1_250' title='bbox 365 3393 538 3457; x_wconf 89' lang='lat' dir='ltr'><strong>maiestatis</strong></span> <span class='ocrx_word' id='word_1_251' title='bbox 561 3392 613 3456; x_wconf 83' lang='lat' dir='ltr'><strong>vel</strong></span> <span class='ocrx_word' id='word_1_252' title='bbox 635 3412 741 3456; x_wconf 88' lang='lat' dir='ltr'><strong>coram</strong></span> <span class='ocrx_word' id='word_1_253' title='bbox 764 3394 879 3457; x_wconf 90' lang='lat' dir='ltr'><strong>comite</strong></span> <span class='ocrx_word' id='word_1_254' title='bbox 902 3412 1014 3456; x_wconf 90' lang='lat' dir='ltr'><strong>eorum</strong></span> <span class='ocrx_word' id='word_1_255' title='bbox 1036 3412 1093 3476; x_wconf 89' lang='lat' dir='ltr'><strong>per</strong></span> <span class='ocrx_word' id='word_1_256' title='bbox 1122 3413 1182 3457; x_wconf 92' lang='lat' dir='ltr'><strong>nos</strong></span> <span class='ocrx_word' id='word_1_257' title='bbox 1204 3395 1378 3457; x_wconf 89' lang='lat' dir='ltr'><strong>constituto</strong></span> <span class='ocrx_word' id='word_1_258' title='bbox 1401 3401 1458 3458; x_wconf 88' lang='lat' dir='ltr'><strong>aut</strong></span> <span class='ocrx_word' id='word_1_259' title='bbox 1479 3395 1583 3458; x_wconf 90' lang='lat' dir='ltr'><strong>iudice</strong></span> <span class='ocrx_word' id='word_1_260' title='bbox 1605 3395 1640 3458; x_wconf 95' lang='lat' dir='ltr'><strong>in</strong></span> <span class='ocrx_word' id='word_1_261' title='bbox 1662 3395 1765 3459; x_wconf 90' lang='lat' dir='ltr'><strong>medio</strong></span> 
     </span>
     <span class='ocr_line' id='line_1_28' title="bbox 365 3496 1765 3581; baseline 0 -20"><span class='ocrx_word' id='word_1_262' title='bbox 365 3516 476 3561; x_wconf 91' lang='lat' dir='ltr'><strong>eorum</strong></span> <span class='ocrx_word' id='word_1_263' title='bbox 500 3498 712 3561; x_wconf 89' lang='lat' dir='ltr'><strong>communiter</strong></span> <span class='ocrx_word' id='word_1_264' title='bbox 734 3501 896 3580; x_wconf 90' lang='lat' dir='ltr'><strong>assumpto</strong></span> <span class='ocrx_word' id='word_1_265' title='bbox 920 3496 1030 3560; x_wconf 85' lang='lat' dir='ltr'><strong>ordine</strong></span> <span class='ocrx_word' id='word_1_266' title='bbox 1053 3497 1217 3560; x_wconf 89' lang='lat' dir='ltr'><strong>iudiciario</strong></span> <span class='ocrx_word' id='word_1_267' title='bbox 1245 3504 1488 3581; x_wconf 88' lang='lat' dir='ltr'><strong>prosequantur.</strong></span> <span class='ocrx_word' id='word_1_268' title='bbox 1526 3497 1560 3562; x_wconf 82' lang='lat' dir='ltr'><strong>Si</strong></span> <span class='ocrx_word' id='word_1_269' title='bbox 1583 3518 1659 3562; x_wconf 85' lang='lat' dir='ltr'><strong>vero</strong></span> <span class='ocrx_word' id='word_1_270' title='bbox 1681 3499 1765 3562; x_wconf 89' lang='lat' dir='ltr'><strong>idem</strong></span> 
     </span>
     <span class='ocr_line' id='line_1_29' title="bbox 365 3599 1766 3687; baseline 0.003 -24"><span class='ocrx_word' id='word_1_271' title='bbox 365 3620 474 3665; x_wconf 90' lang='lat' dir='ltr'><strong>comes</strong></span> <span class='ocrx_word' id='word_1_272' title='bbox 496 3599 548 3664; x_wconf 88' lang='lat' dir='ltr'><strong>vel</strong></span> <span class='ocrx_word' id='word_1_273' title='bbox 570 3600 670 3665; x_wconf 85' lang='lat' dir='ltr'><strong>iudex</strong></span> <span class='ocrx_word' id='word_1_274' title='bbox 692 3600 866 3664; x_wconf 86' lang='lat' dir='ltr'><strong>eorundem</strong></span> <span class='ocrx_word' id='word_1_275' title='bbox 890 3599 1130 3683; x_wconf 86' lang='lat' dir='ltr'><strong>querelantibus</strong></span> <span class='ocrx_word' id='word_1_276' title='bbox 1153 3601 1192 3665; x_wconf 89' lang='lat' dir='ltr'><strong>de</strong></span> <span class='ocrx_word' id='word_1_277' title='bbox 1215 3602 1333 3665; x_wconf 89' lang='lat' dir='ltr'><strong>eisdem</strong></span> <span class='ocrx_word' id='word_1_278' title='bbox 1357 3602 1511 3665; x_wconf 88' lang='lat' dir='ltr'><strong>iustitiam</strong></span> <span class='ocrx_word' id='word_1_279' title='bbox 1533 3602 1636 3667; x_wconf 84' lang='lat' dir='ltr'><strong>iacere</strong></span> <span class='ocrx_word' id='word_1_280' title='bbox 1659 3602 1766 3687; x_wconf 87' lang='lat' dir='ltr'><strong>negle-</strong></span> 
     </span>
     <span class='ocr_line' id='line_1_30' title="bbox 365 3703 1767 3791; baseline 0.003 -24"><span class='ocrx_word' id='word_1_281' title='bbox 365 3705 482 3785; x_wconf 77' lang='lat' dir='ltr'><strong>xerint,</strong></span> <span class='ocrx_word' id='word_1_282' title='bbox 505 3723 547 3767; x_wconf 85' lang='lat' dir='ltr'><strong>ex</strong></span> <span class='ocrx_word' id='word_1_283' title='bbox 562 3710 639 3767; x_wconf 89' lang='lat' dir='ltr'><strong>tunc</strong></span> <span class='ocrx_word' id='word_1_284' title='bbox 653 3703 738 3767; x_wconf 90' lang='lat' dir='ltr'><strong>idem</strong></span> <span class='ocrx_word' id='word_1_285' title='bbox 753 3723 860 3768; x_wconf 89' lang='lat' dir='ltr'><strong>comes</strong></span> <span class='ocrx_word' id='word_1_286' title='bbox 875 3704 926 3769; x_wconf 86' lang='lat' dir='ltr'><strong>vol</strong></span> <span class='ocrx_word' id='word_1_287' title='bbox 946 3704 1046 3768; x_wconf 84' lang='lat' dir='ltr'><strong>iudex</strong></span> <span class='ocrx_word' id='word_1_288' title='bbox 1062 3705 1094 3767; x_wconf 92' lang='lat' dir='ltr'><strong>in</strong></span> <span class='ocrx_word' id='word_1_289' title='bbox 1110 3705 1215 3769; x_wconf 89' lang='lat' dir='ltr'><strong>medio</strong></span> <span class='ocrx_word' id='word_1_290' title='bbox 1231 3724 1343 3769; x_wconf 87' lang='lat' dir='ltr'><strong>eorum</strong></span> <span class='ocrx_word' id='word_1_291' title='bbox 1357 3706 1570 3771; x_wconf 86' lang='lat' dir='ltr'><strong>communiter</strong></span> <span class='ocrx_word' id='word_1_292' title='bbox 1583 3711 1767 3791; x_wconf 87' lang='lat' dir='ltr'><strong>assumptus</strong></span> 
     </span>
    </p>

    <p class='ocr_par' dir='ltr' id='par_1_6' title="bbox 364 3807 1836 4514">
     <span class='ocr_line' id='line_1_31' title="bbox 365 3807 1836 3892; baseline -0.002 -21"><span class='ocrx_word' id='word_1_293' title='bbox 365 3807 406 3871; x_wconf 84' lang='lat' dir='ltr'><strong>ad</strong></span> <span class='ocrx_word' id='word_1_294' title='bbox 426 3811 569 3870; x_wconf 88' lang='lat' dir='ltr'><strong>nostram</strong></span> <span class='ocrx_word' id='word_1_295' title='bbox 589 3808 800 3891; x_wconf 85' lang='lat' dir='ltr'><strong>praesentiam</strong></span> <span class='ocrx_word' id='word_1_296' title='bbox 823 3812 975 3873; x_wconf 86' lang='lat' dir='ltr'><strong>evocetur</strong></span> <span class='ocrx_word' id='word_1_297' title='bbox 996 3813 1028 3872; x_wconf 93' lang='lat' dir='ltr'><strong>et</strong></span> <span class='ocrx_word' id='word_1_298' title='bbox 1049 3828 1109 3872; x_wconf 88' lang='lat' dir='ltr'><strong>nos</strong></span> <span class='ocrx_word' id='word_1_299' title='bbox 1133 3815 1279 3892; x_wconf 79' lang='lat' dir='ltr'><strong>exparte</strong></span> <span class='ocrx_word' id='word_1_300' title='bbox 1301 3810 1443 3874; x_wconf 88' lang='lat' dir='ltr'><strong>eiusdem</strong></span> <span class='ocrx_word' id='word_1_301' title='bbox 1466 3809 1577 3873; x_wconf 89' lang='lat' dir='ltr'><strong>ordine</strong></span> <span class='ocrx_word' id='word_1_302' title='bbox 1599 3810 1764 3874; x_wconf 87' lang='lat' dir='ltr'><strong>iudiciario</strong></span> <span class='ocrx_word' id='word_1_303' title='bbox 1799 3813 1836 3868; x_wconf 82' lang='lat'><strong>30</strong></span> 
     </span>
     <span class='ocr_line' id='line_1_32' title="bbox 364 3911 1766 3997; baseline 0.002 -23"><span class='ocrx_word' id='word_1_304' title='bbox 364 3911 504 3975; x_wconf 88' lang='lat' dir='ltr'><strong>iustitiae</strong></span> <span class='ocrx_word' id='word_1_305' title='bbox 534 3911 687 3975; x_wconf 87' lang='lat' dir='ltr'><strong>faciemus</strong></span> <span class='ocrx_word' id='word_1_306' title='bbox 716 3912 992 3996; x_wconf 89' lang='lat' dir='ltr'><strong>complementum.</strong></span> <span class='ocrx_word' id='word_1_307' title='bbox 1037 3913 1075 3975; x_wconf 89' lang='lat' dir='ltr'><strong>In</strong></span> <span class='ocrx_word' id='word_1_308' title='bbox 1109 3913 1202 3977; x_wconf 87' lang='lat' dir='ltr'><strong>cuius</strong></span> <span class='ocrx_word' id='word_1_309' title='bbox 1232 3914 1351 3996; x_wconf 81' lang='lat' dir='ltr'><strong>gratiae</strong></span> <span class='ocrx_word' id='word_1_310' title='bbox 1378 3933 1436 3997; x_wconf 88' lang='lat' dir='ltr'><strong>per</strong></span> <span class='ocrx_word' id='word_1_311' title='bbox 1465 3914 1572 3997; x_wconf 89' lang='lat' dir='ltr'><strong>ipsum</strong></span> <span class='ocrx_word' id='word_1_312' title='bbox 1601 3913 1766 3977; x_wconf 91' lang='lat' dir='ltr'><strong>dominum</strong></span> 
     </span>
     <span class='ocr_line' id='line_1_33' title="bbox 364 4016 1766 4101; baseline 0.003 -24"><span class='ocrx_word' id='word_1_313' title='bbox 364 4019 511 4078; x_wconf 89' lang='lat' dir='ltr'><strong>nostrum</strong></span> <span class='ocrx_word' id='word_1_314' title='bbox 541 4033 646 4098; x_wconf 84' lang='lat' dir='ltr'><strong>regem</strong></span> <span class='ocrx_word' id='word_1_315' title='bbox 677 4020 710 4080; x_wconf 89' lang='lat' dir='ltr'><strong>et</strong></span> <span class='ocrx_word' id='word_1_316' title='bbox 739 4035 796 4099; x_wconf 89' lang='lat' dir='ltr'><strong>per</strong></span> <span class='ocrx_word' id='word_1_317' title='bbox 825 4035 885 4079; x_wconf 91' lang='lat' dir='ltr'><strong>nos</strong></span> <span class='ocrx_word' id='word_1_318' title='bbox 917 4016 1019 4080; x_wconf 83' lang='lat' dir='ltr'><strong>factae</strong></span> <span class='ocrx_word' id='word_1_319' title='bbox 1052 4016 1269 4080; x_wconf 88' lang='lat' dir='ltr'><strong>testimonium</strong></span> <span class='ocrx_word' id='word_1_320' title='bbox 1305 4021 1337 4080; x_wconf 88' lang='lat' dir='ltr'><strong>et</strong></span> <span class='ocrx_word' id='word_1_321' title='bbox 1366 4018 1550 4081; x_wconf 87' lang='lat' dir='ltr'><strong>memoriam</strong></span> <span class='ocrx_word' id='word_1_322' title='bbox 1580 4024 1766 4101; x_wconf 87' lang='lat' dir='ltr'><strong>perpetuam</strong></span> 
     </span>
     <span class='ocr_line' id='line_1_34' title="bbox 364 4119 1766 4204; baseline 0.003 -23"><span class='ocrx_word' id='word_1_323' title='bbox 364 4123 548 4202; x_wconf 88' lang='lat' dir='ltr'><strong>praesentes</strong></span> <span class='ocrx_word' id='word_1_324' title='bbox 570 4124 695 4183; x_wconf 90' lang='lat' dir='ltr'><strong>nostras</strong></span> <span class='ocrx_word' id='word_1_325' title='bbox 716 4119 824 4184; x_wconf 84' lang='lat' dir='ltr'><strong>literas</strong></span> <span class='ocrx_word' id='word_1_326' title='bbox 838 4120 1008 4203; x_wconf 86' lang='lat' dir='ltr'><strong>praedictis</strong></span> <span class='ocrx_word' id='word_1_327' title='bbox 1023 4120 1147 4183; x_wconf 77' lang='lat' dir='ltr'><strong>civibus</strong></span> <span class='ocrx_word' id='word_1_328' title='bbox 1170 4126 1202 4184; x_wconf 90' lang='lat' dir='ltr'><strong>et</strong></span> <span class='ocrx_word' id='word_1_329' title='bbox 1224 4121 1402 4204; x_wconf 88' lang='lat' dir='ltr'><strong>hospitibus</strong></span> <span class='ocrx_word' id='word_1_330' title='bbox 1417 4121 1536 4184; x_wconf 88' lang='lat' dir='ltr'><strong>nostris</strong></span> <span class='ocrx_word' id='word_1_331' title='bbox 1551 4121 1766 4185; x_wconf 88' lang='lat' dir='ltr'><strong>concessimus</strong></span> 
     </span>
     <span class='ocr_line' id='line_1_35' title="bbox 365 4222 1766 4308; baseline 0.002 -23"><span class='ocrx_word' id='word_1_332' title='bbox 365 4222 460 4306; x_wconf 81' lang='lat' dir='ltr'><strong>sigilli</strong></span> <span class='ocrx_word' id='word_1_333' title='bbox 489 4223 591 4287; x_wconf 89' lang='lat' dir='ltr'><strong>nostri</strong></span> <span class='ocrx_word' id='word_1_334' title='bbox 620 4223 796 4295; x_wconf 88' lang='lat' dir='ltr'><strong>munimine</strong></span> <span class='ocrx_word' id='word_1_335' title='bbox 825 4224 1034 4306; x_wconf 83' lang='lat' dir='ltr'><strong>consignatas.</strong></span> <span class='ocrx_word' id='word_1_336' title='bbox 1071 4222 1190 4287; x_wconf 91' lang='lat' dir='ltr'><strong>Datum</strong></span> <span class='ocrx_word' id='word_1_337' title='bbox 1220 4243 1277 4307; x_wconf 94' lang='lat' dir='ltr'><strong>per</strong></span> <span class='ocrx_word' id='word_1_338' title='bbox 1306 4243 1421 4288; x_wconf 90' lang='lat' dir='ltr'><strong>manus</strong></span> <span class='ocrx_word' id='word_1_339' title='bbox 1452 4224 1642 4289; x_wconf 86' lang='lat' dir='ltr'><strong>venerabilis</strong></span> <span class='ocrx_word' id='word_1_340' title='bbox 1668 4226 1766 4308; x_wconf 89' lang='lat' dir='ltr'><strong>patris</strong></span> 
     </span>
     <span class='ocr_line' id='line_1_36' title="bbox 366 4325 1836 4411; baseline -0.001 -23"><span class='ocrx_word' id='word_1_341' title='bbox 366 4325 487 4389; x_wconf 90' lang='lat' dir='ltr'><strong>domini</strong></span> <span class='ocrx_word' id='word_1_342' title='bbox 497 4325 622 4390; x_wconf 90' lang='lat' dir='ltr'><strong>Herrici</strong></span> <span class='ocrx_word' id='word_1_343' title='bbox 646 4327 786 4410; x_wconf 87' lang='lat' dir='ltr'><strong>episcopi</strong></span> <span class='ocrx_word' id='word_1_344' title='bbox 797 4327 1065 4411; x_wconf 80' lang='lat' dir='ltr'><strong>Wesprimiensis,</strong></span> <span class='ocrx_word' id='word_1_345' title='bbox 1087 4326 1179 4392; x_wconf 90' lang='lat' dir='ltr'><strong>aulae</strong></span> <span class='ocrx_word' id='word_1_346' title='bbox 1194 4334 1321 4391; x_wconf 85' lang='lat' dir='ltr'><strong>nostrae</strong></span> <span class='ocrx_word' id='word_1_347' title='bbox 1337 4327 1516 4391; x_wconf 86' lang='lat' dir='ltr'><strong>cancellarii</strong></span> <span class='ocrx_word' id='word_1_348' title='bbox 1538 4327 1641 4392; x_wconf 89' lang='lat' dir='ltr'><strong>fidelis</strong></span> <span class='ocrx_word' id='word_1_349' title='bbox 1655 4329 1765 4410; x_wconf 77' lang='lat' dir='ltr'><strong>nostri,</strong></span> <span class='ocrx_word' id='word_1_350' title='bbox 1801 4333 1836 4387; x_wconf 81' lang='lat'><strong>35</strong></span> 
     </span>
     <span class='ocr_line' id='line_1_37' title="bbox 366 4407 1448 4514; baseline 0.001 -22"><span class='ocrx_word' id='word_1_351' title='bbox 366 4448 450 4493; x_wconf 90' lang='lat' dir='ltr'><strong>anno</strong></span> <span class='ocrx_word' id='word_1_352' title='bbox 474 4429 594 4492; x_wconf 90' lang='lat' dir='ltr'><strong>domini</strong></span> <span class='ocrx_word' id='word_1_353' title='bbox 609 4407 650 4493; x_wconf 79' lang='lat' dir='ltr'><strong>rh.</strong></span> <span class='ocrx_word' id='word_1_354' title='bbox 674 4409 760 4495; x_wconf 57' lang='lat' dir='ltr'>OOC.</span> <span class='ocrx_word' id='word_1_355' title='bbox 783 4430 951 4514; x_wconf 84' lang='lat' dir='ltr'><strong>tricesimo,</strong></span> <span class='ocrx_word' id='word_1_356' title='bbox 975 4436 1089 4513; x_wconf 89' lang='lat' dir='ltr'><strong>quarto</strong></span> <span class='ocrx_word' id='word_1_357' title='bbox 1112 4430 1273 4494; x_wconf 84' lang='lat' dir='ltr'><strong>Kalendas</strong></span> <span class='ocrx_word' id='word_1_358' title='bbox 1295 4430 1448 4495; x_wconf 79' lang='lat' dir='ltr'><strong>lanuarii.</strong></span> 
     </span>
    </p>
   </div>
   <div class='ocr_carea' id='block_1_3' title="bbox 1023 4720 1116 4806">
    <p class='ocr_par' dir='ltr' id='par_1_7' title="bbox 1023 4720 1116 4806">
     <span class='ocr_line' id='line_1_38' title="bbox 1023 4720 1116 4806; baseline 0.011 -1"><span class='ocrx_word' id='word_1_359' title='bbox 1023 4720 1116 4806; x_wconf 77' lang='lat'><strong>479.</strong></span> 
     </span>
    </p>
   </div>
   <div class='ocr_carea' id='block_1_4' title="bbox 364 4885 1836 5343">
    <p class='ocr_par' dir='ltr' id='par_1_8' title="bbox 364 4885 1836 5343">
     <span class='ocr_line' id='line_1_39' title="bbox 442 4885 1766 4976; baseline 0.005 -22"><span class='ocrx_word' id='word_1_360' title='bbox 442 4886 550 4956; x_wconf 85' lang='lat'><em>1330</em></span> <span class='ocrx_word' id='word_1_361' title='bbox 584 4885 634 4958; x_wconf 79' lang='lat' dir='ltr'><strong>bis</strong></span> <span class='ocrx_word' id='word_1_362' title='bbox 660 4889 776 4959; x_wconf 81' lang='lat'><strong><em>1336.</em></strong></span> <span class='ocrx_word' id='word_1_363' title='bbox 826 4885 1047 4974; x_wconf 79' lang='lat' dir='ltr'><strong>Walbroous,</strong></span> <span class='ocrx_word' id='word_1_364' title='bbox 1084 4887 1401 4962; x_wconf 75' lang='lat' dir='ltr'><strong>Hermonastddtcr</strong></span> <span class='ocrx_word' id='word_1_365' title='bbox 1427 4888 1561 4976; x_wconf 80' lang='lat' dir='ltr'><strong>Delma,</strong></span> <span class='ocrx_word' id='word_1_366' title='bbox 1597 4889 1672 4960; x_wconf 80' lang='lat' dir='ltr'><strong>und</strong></span> <span class='ocrx_word' id='word_1_367' title='bbox 1702 4890 1766 4961; x_wconf 83' lang='lat' dir='ltr'><strong>dus</strong></span> 
     </span>
     <span class='ocr_line' id='line_1_40' title="bbox 364 5004 1764 5100; baseline 0.004 -24"><span class='ocrx_word' id='word_1_368' title='bbox 364 5004 681 5079; x_wconf 72' lang='lat' dir='ltr'><strong>Hermaarutddtcr</strong></span> <span class='ocrx_word' id='word_1_369' title='bbox 706 5009 851 5100; x_wconf 82' lang='lat' dir='ltr'><strong>Kupitel</strong></span> <span class='ocrx_word' id='word_1_370' title='bbox 876 5009 1039 5081; x_wconf 70' lang='lat' dir='ltr'><strong>armorica</strong></span> <span class='ocrx_word' id='word_1_371' title='bbox 1062 5007 1297 5096; x_wconf 78' lang='lat' dir='ltr'><strong>Olmaodinue,</strong></span> <span class='ocrx_word' id='word_1_372' title='bbox 1325 5009 1540 5098; x_wconf 74' lang='lat' dir='ltr'><strong>Erabisclrof</strong></span> <span class='ocrx_word' id='word_1_373' title='bbox 1558 5033 1623 5083; x_wconf 81' lang='lat' dir='ltr'><strong>ooo</strong></span> <span class='ocrx_word' id='word_1_374' title='bbox 1653 5009 1764 5099; x_wconf 77' lang='lat' dir='ltr'><strong>Gran,</strong></span> 
     </span>
     <span class='ocr_line' id='line_1_41' title="bbox 364 5126 1836 5222; baseline 0.005 -24"><span class='ocrx_word' id='word_1_375' title='bbox 364 5126 420 5198; x_wconf 83' lang='lat' dir='ltr'><strong>dic</strong></span> <span class='ocrx_word' id='word_1_376' title='bbox 447 5126 540 5199; x_wconf 81' lang='lat' dir='ltr'><strong>alten</strong></span> <span class='ocrx_word' id='word_1_377' title='bbox 565 5127 694 5200; x_wconf 80' lang='lat' dir='ltr'><strong>Rechte</strong></span> <span class='ocrx_word' id='word_1_378' title='bbox 720 5129 780 5200; x_wconf 83' lang='lat' dir='ltr'><strong>des</strong></span> <span class='ocrx_word' id='word_1_379' title='bbox 797 5128 1115 5202; x_wconf 70' lang='lat' dir='ltr'><strong>Hernaoanmddter</strong></span> <span class='ocrx_word' id='word_1_380' title='bbox 1132 5129 1275 5201; x_wconf 70' lang='lat' dir='ltr'><strong>Delicias</strong></span> <span class='ocrx_word' id='word_1_381' title='bbox 1300 5154 1343 5201; x_wconf 78' lang='lat' dir='ltr'><strong>aa</strong></span> <span class='ocrx_word' id='word_1_382' title='bbox 1370 5130 1556 5222; x_wconf 69' lang='lat' dir='ltr'><strong>bestdtiqeo</strong></span> <span class='ocrx_word' id='word_1_383' title='bbox 1583 5132 1658 5203; x_wconf 80' lang='lat' dir='ltr'><strong>aad</strong></span> <span class='ocrx_word' id='word_1_384' title='bbox 1682 5131 1763 5202; x_wconf 79' lang='lat' dir='ltr'><strong>dca-</strong></span> <span class='ocrx_word' id='word_1_385' title='bbox 1799 5150 1836 5206; x_wconf 77' lang='lat'><strong>40</strong></span> 
     </span>
     <span class='ocr_line' id='line_1_42' title="bbox 364 5246 1763 5343; baseline 0.003 -24"><span class='ocrx_word' id='word_1_386' title='bbox 364 5246 477 5320; x_wconf 79' lang='lat' dir='ltr'><strong>selben</strong></span> <span class='ocrx_word' id='word_1_387' title='bbox 493 5271 537 5319; x_wconf 71' lang='lat' dir='ltr'><strong>au</strong></span> <span class='ocrx_word' id='word_1_388' title='bbox 555 5250 796 5341; x_wconf 68' lang='lat' dir='ltr'><strong>ermdcbla&#39;qen,</strong></span> <span class='ocrx_word' id='word_1_389' title='bbox 814 5252 853 5323; x_wconf 80' lang='lat' dir='ltr'><strong>in</strong></span> <span class='ocrx_word' id='word_1_390' title='bbox 873 5251 1081 5343; x_wconf 76' lang='lat' dir='ltr'><strong>Vertretuap</strong></span> <span class='ocrx_word' id='word_1_391' title='bbox 1099 5251 1158 5323; x_wconf 85' lang='lat' dir='ltr'><strong>des</strong></span> <span class='ocrx_word' id='word_1_392' title='bbox 1174 5250 1338 5340; x_wconf 77' lang='lat' dir='ltr'><strong>Bisclaofs</strong></span> <span class='ocrx_word' id='word_1_393' title='bbox 1356 5251 1415 5323; x_wconf 83' lang='lat' dir='ltr'><strong>dea</strong></span> <span class='ocrx_word' id='word_1_394' title='bbox 1434 5253 1551 5324; x_wconf 81' lang='lat' dir='ltr'><strong>Amtcs</strong></span> <span class='ocrx_word' id='word_1_395' title='bbox 1568 5276 1612 5323; x_wconf 73' lang='lat' dir='ltr'><strong>aa</strong></span> <span class='ocrx_word' id='word_1_396' title='bbox 1629 5253 1763 5324; x_wconf 63' lang='lat' dir='ltr'><strong>walto.</strong></span> 
     </span>
    </p>
   </div>
   <div class='ocr_carea' id='block_1_5' title="bbox 470 5395 1765 5556">
    <p class='ocr_par' dir='ltr' id='par_1_9' title="bbox 470 5395 1765 5556">
     <span class='ocr_line' id='line_1_43' title="bbox 524 5395 1764 5468; baseline 0.002 -17"><span class='ocrx_word' id='word_1_397' title='bbox 524 5395 601 5465; x_wconf 70' lang='lat' dir='ltr'><strong>Orio.</strong></span> <span class='ocrx_word' id='word_1_398' title='bbox 619 5398 700 5467; x_wconf 75' lang='lat' dir='ltr'><strong>Perp.</strong></span> <span class='ocrx_word' id='word_1_399' title='bbox 719 5396 928 5466; x_wconf 79' lang='lat' dir='ltr'><strong>Kapitelorcbie</strong></span> <span class='ocrx_word' id='word_1_400' title='bbox 946 5398 1114 5468; x_wconf 74' lang='lat' dir='ltr'><strong>Korlaburq.</strong></span> <span class='ocrx_word' id='word_1_401' title='bbox 1133 5398 1222 5468; x_wconf 75' lang='lat' dir='ltr'><strong>Siepel</strong></span> <span class='ocrx_word' id='word_1_402' title='bbox 1238 5414 1299 5452; x_wconf 85' lang='lat' dir='ltr'><strong>war</strong></span> <span class='ocrx_word' id='word_1_403' title='bbox 1316 5400 1373 5467; x_wconf 79' lang='lat' dir='ltr'><strong>auf</strong></span> <span class='ocrx_word' id='word_1_404' title='bbox 1386 5399 1434 5453; x_wconf 81' lang='lat' dir='ltr'><strong>der</strong></span> <span class='ocrx_word' id='word_1_405' title='bbox 1453 5398 1596 5453; x_wconf 76' lang='lat' dir='ltr'><strong>thcltsaite</strong></span> <span class='ocrx_word' id='word_1_406' title='bbox 1613 5416 1676 5454; x_wconf 72' lang='lat' dir='ltr'><strong>aum</strong></span> <span class='ocrx_word' id='word_1_407' title='bbox 1699 5399 1764 5454; x_wconf 78' lang='lat' dir='ltr'><strong>Ver·</strong></span> 
     </span>
     <span class='ocr_line' id='line_1_44' title="bbox 470 5480 1765 5556; baseline 0.004 -20"><span class='ocrx_word' id='word_1_408' title='bbox 470 5480 575 5536; x_wconf 74' lang='lat' dir='ltr'><strong>adrluaa</strong></span> <span class='ocrx_word' id='word_1_409' title='bbox 592 5483 781 5552; x_wconf 72' lang='lat' dir='ltr'><strong>auspedritclrt.</strong></span> <span class='ocrx_word' id='word_1_410' title='bbox 807 5484 864 5539; x_wconf 78' lang='lat' dir='ltr'><strong>Die</strong></span> <span class='ocrx_word' id='word_1_411' title='bbox 881 5484 1027 5555; x_wconf 70' lang='lat' dir='ltr'><strong>Dotirunp</strong></span> <span class='ocrx_word' id='word_1_412' title='bbox 1051 5484 1139 5556; x_wconf 66' lang='grc' dir='ltr'><strong>σφῶε</strong></span> <span class='ocrx_word' id='word_1_413' title='bbox 1156 5484 1214 5539; x_wconf 79' lang='lat' dir='ltr'><strong>oieb</strong></span> <span class='ocrx_word' id='word_1_414' title='bbox 1231 5484 1372 5539; x_wconf 60' lang='lat' dir='ltr'><strong>amomis</strong></span> <span class='ocrx_word' id='word_1_415' title='bbox 1397 5500 1449 5539; x_wconf 83' lang='lat' dir='ltr'><strong>oua</strong></span> <span class='ocrx_word' id='word_1_416' title='bbox 1471 5484 1520 5538; x_wconf 81' lang='lat' dir='ltr'><strong>der</strong></span> <span class='ocrx_word' id='word_1_417' title='bbox 1541 5484 1765 5556; x_wconf 68' lang='lat' dir='ltr'><strong>Repimnpaaeit</strong></span> 
     </span>
    </p>
   </div>
   <div class='ocr_carea' id='block_1_6' title="bbox 0 0 2048 6292">
    <p class='ocr_par' dir='ltr' id='par_1_10' title="bbox 0 0 2048 6292">
     <span class='ocr_line' id='line_1_45' title="bbox 0 0 2048 6292; baseline 0 0"><span class='ocrx_word' id='word_1_418' title='bbox 0 0 2048 6292; x_wconf 95' lang='lat' dir='ltr'><strong> </strong></span> 
     </span>
    </p>
   </div>
  </div>
 </body>
</html>
