4064 6288
874 610 1029 705 ,oa—

255 818 435 883 gravamen.
472 797 579 875 Quare
606 799 677 883 ipsa
705 802 738 862 et
765 817 826 862 rex
854 799 1037 882 praedictus
1066 818 1124 882 per
1152 799 1291 863 eundem
1321 799 1476 862 nundum
1497 798 1655 862 metamor

255 903 409 986 postulari
423 903 570 967 lecerunt
584 922 604 965 a
616 902 717 984 nabis,
740 908 778 966 ut
792 902 971 986 praedictae
993 902 1121 985 regium
1136 921 1233 985 super
1248 902 1308 965 hoc
1322 902 1499 966 faceremus
1513 901 1653 965 iustitiae

256 1006 487 1090 plenitudinem
501 1005 654 1070 exhiberi
675 1006 707 1070 N
707 1025 743 1069 os
763 1007 873 1087 itaque
887 1006 1125 1069 considerantes
1140 1011 1269 1087 attente,
1286 1005 1372 1087 quod
1388 1024 1430 1068 ex
1446 1004 1654 1087 occupatione

256 1115 288 1174 et
302 1110 484 1174 detentione
500 1109 621 1173 iniusta
631 1110 779 1174 villarum
794 1115 827 1174 et
841 1116 998 1173 terrarum
1008 1109 1193 1173 huiusmodi
1207 1128 1273 1171 non
1287 1108 1448 1171 modicum
1463 1114 1538 1171 tuae
1552 1107 1654 1169 lamae

205 1220 221 1273 5
256 1213 377 1296 deperit
399 1219 431 1277 et
452 1213 557 1295 saluti,
586 1214 725 1277 maxime
755 1232 829 1277 cum
858 1213 1017 1277 dictorum
1046 1213 1130 1296 regis
1153 1218 1186 1276 et
1206 1212 1334 1294 reginae
1360 1211 1547 1292 sublimitas,
1569 1211 1653 1274 sicin

256 1317 446 1399 audirimus,
476 1317 519 1380 sit
549 1317 666 1401 exinde
688 1316 815 1380 turbata
836 1317 975 1399 graviter
997 1322 1029 1380 et
1051 1316 1179 1397 offensa,
1209 1315 1461 1399 magnitudinem
1491 1319 1580 1377 tuam
1602 1333 1654 1377 rc·

256 1420 392 1504 gurdam
420 1425 541 1485 attente
571 1420 724 1484 duximus
754 1426 787 1483 et
816 1419 1016 1501 monendam,
1046 1424 1205 1500 quatenus
1232 1419 1366 1503 provide
1394 1417 1656 1481 considerasset

257 1524 424 1607 diligenter
445 1524 622 1605 attendens,
645 1523 732 1604 quod
754 1543 828 1587 cum
850 1523 934 1606 regis
963 1523 1085 1587 aeterni
1107 1522 1286 1605 benignitas
1307 1523 1371 1585 iam
1393 1528 1494 1586 terras
1517 1527 1549 1585 et
1569 1520 1655 1584 bona

255 1626 393 1711 plurima
414 1633 488 1692 tuae
511 1627 682 1691 subiecerit
703 1627 860 1711 potestati,
883 1632 915 1691 ct
938 1627 977 1690 de
999 1627 1100 1710 ipsius
1121 1625 1290 1689 clementia
1308 1642 1381 1708 spes
1402 1623 1494 1688 firma
1514 1628 1653 1708 geratur,

190 1734 224 1789 10
258 1729 345 1812 quod
366 1749 535 1814 personam
564 1749 656 1794 suam
678 1730 781 1793 adhuc
803 1729 1019 1812 multiphciter
1041 1728 1203 1805 exalabit,
1230 1735 1262 1792 te
1284 1728 1324 1790 ad
1345 1733 1490 1791 materna
1509 1727 1582 1790 iura
1602 1727 1655 1791 vel

256 1833 296 1897 ad
319 1852 595 1916 quorumcumque
610 1833 695 1897 bona
707 1832 858 1914 fidelium,
881 1833 937 1915 qui
953 1833 1095 1896 omnium
1119 1832 1159 1897 de
1173 1850 1272 1915 regno
1292 1830 1452 1914 Ungariae
1466 1830 1653 1914 propulsare

257 1938 374 2001 teneris
396 1938 538 2017 iniurias,
560 1956 626 1999 non
649 1936 739 2000 decet
759 1936 869 2000 ildoitc
891 1936 1093 2018 abquatenus
1113 1936 1243 2016 inhiare,
1265 1954 1363 2018 supra
1384 1935 1484 1998 dictas
1505 1940 1608 1999 terras
1622 1938 1656 1997 et

257 2041 349 2104 villas
370 2042 402 2104 ei
422 2060 480 2124 pro
503 2041 693 2124 apostolicae
716 2040 800 2104 sadis
822 2047 854 2104 et
876 2045 986 2103 nostra
1007 2040 1187 2104 reverentia
1211 2043 1358 2123 prompta
1378 2037 1565 2102 liberalitate
1587 2056 1654 2102 res-

256 2145 362 2227 tituas,
392 2144 615 2226 dictorumque
633 2145 718 2227 regis
739 2150 772 2207 et
792 2144 920 2226 reginae
941 2143 1067 2226 placare
1089 2144 1232 2207 animum
1253 2160 1380 2206 necnon
1401 2140 1654 2206 benedictionem

190 2254 223 2307 15
257 2247 398 2334 ipsarum
422 2248 582 2311 assiduam
604 2248 778 2332 promereri
799 2266 857 2330 per
878 2246 1107 2311 exhibitionem
1128 2246 1234 2311 filialis
1255 2244 1454 2310 reverentiae
1475 2264 1542 2308 non
1566 2249 1654 2328 post-

257 2370 365 2434 ponas,
398 2352 445 2414 ita
474 2352 561 2434 quod
590 2351 649 2415 tibi
677 2350 795 2414 exinde
826 2351 945 2432 gratiae
975 2350 1102 2414 divinae
1128 2350 1309 2433 praemium
1341 2354 1374 2413 et
1398 2350 1500 2413 nostri
1533 2348 1652 2412 favoris

256 2473 293 2517 ac
320 2454 425 2518 laudis
454 2455 611 2519 humanae
637 2455 805 2538 proveniat
826 2454 1066 2517 incrementum
1102 2453 1259 2535 Alioquin
1288 2472 1363 2517 cum
1391 2472 1450 2516 nos
1472 2451 1651 2536 praedictae

256 2556 393 2640 reginae,
414 2576 473 2640 pro
496 2576 562 2639 qua
582 2558 617 2621 in
639 2557 706 2621 suis
726 2555 853 2621 iuribus
867 2557 1068 2621 confovenda
1081 2557 1216 2642 praefati
1233 2557 1446 2621 mansuetudo
1468 2555 1552 2639 regis
1568 2554 1653 2639 apud

256 2679 316 2724 nos
337 2659 510 2725 affectuosa
530 2660 606 2725 lecit
625 2661 807 2744 precamina
835 2660 1003 2744 interponi,
1034 2680 1101 2724 non
1122 2660 1282 2744 possimus
1302 2660 1337 2722 in
1359 2679 1418 2723 suo
1441 2658 1511 2722 iure
1533 2657 1653 2742 deoese,

191 2768 227 2825 20
263 2765 319 2846 qui
340 2783 452 2828 sumus
468 2763 616 2828 omnibus
637 2765 672 2827 in
694 2763 816 2827 iustitia
830 2762 997 2844 debitores,
1019 2762 1255 2827 venerabilibus
1269 2762 1420 2827 fratribus
1441 2761 1559 2825 nostris
1581 2805 1591 2823 .
1614 2759 1654 2840 .¹)

259 2868 492 2952 archiepiscopo
508 2866 717 2950 Strigcuiensi
736 2872 769 2931 et
791 2912 799 2930 .
823 2866 862 2945 .²)
885 2868 1032 2950 episcopa
1047 2866 1210 2930 «lauriensi
1232 2866 1345 2930 darnus
1358 2865 1477 2929 nostris
1498 2864 1599 2929 literis
1620 2864 1654 2927 in

258 2972 423 3055 mandatis,
446 2977 483 3035 ut
505 2977 536 3035 te
558 2972 599 3034 ad
620 2971 853 3035 restituendum
883 2970 1042 3054 praelatae
1071 2970 1199 3052 reginae
1229 2968 1321 3032 villae
1350 2976 1383 3032 et
1405 2975 1506 3033 terras
1527 2968 1654 3032 easdem

257 3075 432 3140 monitione
452 3077 627 3159 praemissa
640 3093 698 3158 per
713 3093 880 3138 censuram
902 3072 1155 3154 ecclesiasticam,
1178 3072 1261 3135 sicut
1281 3072 1404 3135 iustum
1418 3070 1523 3152 fuerit,
1546 3069 1653 3154 appel·

257 3178 374 3242 latione
403 3184 526 3242 remota
554 3176 752 3261 compellant
793 3175 911 3240 Datum
933 3176 1019 3259 apud
1041 3175 1154 3240 urbem
1175 3175 1335 3257 Veterem
1364 3172 1470 3237 XVII.
1492 3171 1653 3237 Kalendas

190 3287 224 3342 25
259 3282 408 3365 Augusti,
430 3302 515 3345 auno
537 3282 639 3345 tertio.

914 3536 1001 3624 107.

335 3709 450 3777 1264.
479 3703 632 3799 Stephon
649 3705 767 3777 iactor
791 3725 854 3776 raa
878 3705 1002 3775 aimmt
1027 3705 1091 3775 das
1114 3702 1484 3775 Caeteraicaaerhlastcr
1500 3702 1596 3774 Kera
1616 3702 1655 3773 in
1781 3664 1783 3667 Ι

257 3826 373 3898 saaca
399 3826 586 3899 bacadcra
612 3824 747 3898 Sabata.

412 3989 615 4060 Eiapeecbaltct
640 4005 694 4043 oca
718 3987 813 4057 Konip
837 3987 960 4056 Stepbaa
988 3988 1020 4042 V.
1046 3992 1122 4055 1272,
1148 3988 1198 4042 mit
1220 3987 1309 4041 dieser
1332 3985 1461 4041 Urkundc
1484 4000 1538 4038 coa
1560 3983 1656 4053 Kdaip

188 4076 224 4130 30
361 4075 490 4130 Andreae
499 4075 562 4130 ΠΙ.
575 4080 651 4142 1299,
663 4075 723 4128 aad
731 4074 780 4127 mit
792 4074 880 4128 dieser
891 4091 945 4128 cca
954 4074 1049 4144 Kdaip
1060 4074 1123 4130 aaa
1132 4078 1208 4140 1306,
1223 4073 1299 4143 Oria.
1313 4073 1492 4127 fimana.
1502 4071 1612 4125 Arabia.
1621 4100 1656 4109 -

360 4160 417 4215 Dic
439 4161 569 4216 Urhuade
589 4161 674 4215 Otto'a
696 4160 734 4213 iat
757 4160 828 4213 auch
850 4160 1039 4229 aapesdmltat
1060 4177 1119 4214 cora
1137 4160 1409 4214 Koloaamoaoatarcr
1428 4157 1555 4212 Kouaent
1580 4160 1655 4221 1494,

361 4247 505 4314 Absclm'ft
512 4247 560 4301 dea
572 4251 614 4301 17.
623 4246 828 4301 Jahrbunaertr
839 4247 871 4299 in
883 4248 942 4300 dem
955 4246 1044 4302 Godaa
1053 4247 1223 4301 Pancratice
1234 4246 1266 4298 ia
1277 4246 1326 4299 der
1335 4243 1491 4298 Bibliothch
1502 4244 1550 4297 der
1561 4258 1655 4311 wana.

362 4332 565 4388 Madcakbclrc
582 4333 686 4403 ducah.
704 4332 916 4388 Bekenatairm
935 4332 968 4384 in
986 4331 1217 4386 Hamaaaatadt.

413 4454 524 4508 Druck:
551 4453 639 4521 chtr
658 4452 748 4508 Codex
777 4452 809 4518 V,
832 4458 858 4519 1,
881 4456 942 4508 205.
982 4453 1094 4507 Turtam
1117 4470 1145 4506 a.
1169 4451 1330 4507 Fircbabcr
1354 4449 1426 4505 Sira.
1455 4448 1537 4504 Urlrb.
1562 4447 1588 4514 I,
1611 4449 1655 4501 82.

362 4541 545 4596 Demetriaco
562 4541 805 4595 Damaratam.

413 4715 593 4800 Stephanus
615 4716 666 4779 dei
687 4716 790 4799 gratia
813 4715 921 4779 iunior
944 4734 1005 4780 rex
1026 4714 1195 4798 Vugariae,
1227 4715 1296 4778 dux
1317 4712 1571 4794 Transsilnanus,
1601 4711 1658 4776 do·

257 4820 365 4883 minue
380 4818 595 4883 Camenarum
610 4818 758 4882 omnibus
781 4817 898 4883 Christi
919 4818 1068 4883 fidelibus
1089 4822 1291 4902 praesentem
1305 4817 1453 4900 paginam
1467 4815 1658 4900 inspecturis

258 4922 393 4986 salutem
415 4923 449 4986 in
472 4923 615 4985 omnium
630 4921 796 4985 adnatare.
826 4920 903 4984 Piae
924 4921 1041 4984 mentis
1064 4920 1256 4984 desiderium
1282 4938 1319 4982 aa
1340 4918 1517 4982 laudandae
1540 4917 1658 4982 dehbe·

258 5026 390 5089 rationis
404 5024 626 5089 diffinitionem
648 5024 853 5107 religiosique
868 5024 1023 5108 propositi
1044 5025 1224 5107 puritatem,
1246 5021 1443 5087 celsitudinis
1462 5022 1567 5105 regiae
1582 5040 1659 5085 con·

190 5134 226 5189 40
258 5129 348 5211 gruis
362 5127 526 5192 faronbus
540 5128 689 5211 intelligit
703 5128 901 5210 attollendae,
924 5128 979 5209 qui
995 5127 1035 5190 ad
1049 5127 1110 5191 hoc
1131 5145 1223 5209 reges
1230 5123 1252 5204 ⁸)
1275 5144 1371 5209 super
1385 5129 1497 5209 gentes
1511 5128 1545 5188 et
1559 5142 1659 5207 regna

415 5301 435 5366 ι)
454 5297 611 5366 praepa

415 5384 437 5453 ¹)
457 5383 592 5439 ommim

413 5473 436 5542 ¹)
457 5424 707 5556 Varlapcr'regcrrs.
