4088 6292
887 617 1043 714 ..31-

928 805 1018 892 tal.

348 967 459 1042 Broos
484 972 591 1041 1302
615 970 759 1042 Joaaar
788 973 850 1041 30.
896 969 1100 1060 Germanas,
1127 973 1435 1047 Itliuoritcnkastcs
1468 976 1507 1047 ia
1534 973 1670 1048 Siccen-

270 1090 409 1182 harpen,
447 1090 608 1163 0311313131
634 1092 710 1163 dom
736 1091 965 1182 uaporischea
990 1093 1377 1186 Minoriteaprooiatiol
1401 1094 1563 1187 Haemon
1589 1097 1673 1169 oter

273 1210 646 1303 Stetereiaeammlaap
672 1214 731 1285 dee
757 1213 920 1303 Bisoiaoss
946 1213 1081 1287 Petrus.

218 1373 235 1426 5
430 1374 506 1446 0119.
524 1376 606 1445 Perq.
625 1375 833 1444 Kapitelarchio
857 1376 1025 1447 Karisburp.
1057 1379 1145 1449 Sicpcl
1162 1380 1304 1448 opiteooal,
1328 1380 1525 1435 Darcirmeaser
1543 1380 1673 1451 beiliafip

374 1464 418 1516 06
435 1461 495 1514 aad
511 1465 555 1515 26
575 1460 742 1529 centimeter,
767 1462 874 1517 13313333
897 1462 1007 1531 Waehe,
1030 1482 1091 1520 war
1116 1467 1172 1534 aas
1191 1467 1240 1521 der
1264 1465 1408 1520 1133133113
1431 1468 1619 1537 331193άηῖ311.
1638 1499 1672 1509 -

374 1546 439 1602 Dae
457 1547 729 1615 Intumtionajatr
747 1549 904 1603 130213110
921 1550 979 1604 aicit
997 1552 1155 1621 1393313033
1173 1553 1264 1607 133333
1287 1552 1338 1607 wie
1355 1554 1432 1622 solqt.
1463 1554 1519 1608 Die
1542 1554 1672 1610 Urtunde

374 1635 439 1702 [1111
455 1634 488 1688 ia
505 1634 550 1689 013
562 1636 826 1691 Amtewirteamkea't
843 1638 890 1692 dee
902 1638 1158 1710 aebmbarpisctra
1169 1640 1299 1708 Bioetosa
1311 1640 1412 1694 Petras
1425 1644 1494 1695 1284
1506 1641 1549 1695 bie
1559 1645 1604 1696 26.
1613 1642 1672 1696 No·

375 1721 479 1775 aenea
497 1726 575 1789 1307,
600 1722 731 1776 1311111330
748 1723 859 1778 13313133
883 1741 937 1777 aar
958 1724 1004 1778 ein
1021 1725 1192 1793 poprrtuter
1209 1725 1297 1795 Lapat
1321 1727 1429 1781 313013
1447 1727 1509 1782 Zeit
1529 1728 1578 1783 der
1590 1729 1672 1797 pori·

374 1808 467 1875 ficatio
491 1809 585 1863 beatae
608 1808 726 1879 oiryinia
749 1809 939 1880 [31039313
960 1817 1083 1879 9333331
1106 1811 1185 1878 33710,
1203 1812 1351 1881 Nikolaou,
1376 1813 1497 1880 Biaehof
1517 1831 1571 1870 oon
1592 1814 1672 1870 Ostia

375 1895 434 1949 und
450 1895 569 1950 Velletri.
591 1896 721 1950 Derselbe
732 1896 827 1950 3111311
838 1896 912 1951 seiae
925 1897 1101 1967 Erueanonq
1111 1914 1173 1951 ram
1185 1898 1308 1967 Lepcten
1320 1900 1352 1952 in
1368 1900 1484 1970 Unparn
1496 1918 1541 1954 am
1555 1905 1596 1956 13.
1609 1900 1673 1955 Mai

376 1985 443 2036 1301
467 1984 527 2037 und
544 1983 668 2052 suspirie
685 1983 756 2037 3331
773 1984 811 2037 im
830 1984 917 2039 Jaare
936 1987 1011 2051 1302,
1035 1984 1073 2037 im
1091 1984 1163 2039 June·
1184 1984 1215 2038 ia
1236 1984 1314 2053 Osca,
1340 1991 1381 2040 12.
1402 1986 1518 2041 Ottober
1537 1992 1606 2041 1302
1622 1988 1674 2055 sor

374 2068 609 2139 roomoarqueae
621 2069 753 2124 Paneion
769 2071 801 2123 13
819 2070 907 2125 Wiea.
930 2070 994 2124 siet
1010 2071 1126 2125 ,11331331
1138 2071 1216 2125 Mora.
1230 2072 1325 2142 Hanp.
1339 2073 1364 2140 I,
1381 2077 1441 2127 386.
1461 2073 1534 2127 Hier
1546 2073 1600 2128 Nr.
1612 2078 1673 2129 297.

376 2155 509 2225 Hayraon
526 2156 563 2211 iat
581 2157 624 2211 313
642 2157 762 2211 minister
779 2157 945 2226 provincialis
959 2158 1057 2212 3311313
1069 2158 1201 2212 Minorum
1218 2159 1245 2212 in
1263 2159 1397 2227 provincia
1408 2159 1544 2229 Hungaria
1559 2160 1610 2227 {etr
1621 2160 1674 2214 dae

376 2241 450 2296 Jaar
468 2247 537 2299 1308
554 2244 671 2314 buenni.
688 2243 767 2297 More.
790 2244 929 2299 Vaticana
947 2244 1043 2314 Harey.
1062 2243 1152 2300 Series
1170 2245 1196 2312 I,
1218 2246 1292 2299 Tora.
1311 2245 1356 2311 Il,
1375 2249 1434 2299 114.

428 2346 541 2417 133333·
564 2348 884 2417 3333131333,
902 2354 963 2404 373.

427 2505 616 2571 Reverendo
649 2507 683 2570 in
717 2507 841 2573 Christo
875 2509 955 2592 patu‘
991 2509 1080 2573 fratri
1113 2508 1276 2591 Haymoni
1308 2510 1453 2573 ministro
1491 2508 1674 2593 provinciae

271 2607 431 2691 Vngariae
454 2611 552 2674 frater
575 2610 753 2676 Gennanus
782 2619 891 2677 custos
914 2613 953 2678 de
980 2613 1124 2698 partibus
1145 2613 1363 2677 Transiluanis
1385 2615 1596 2677 reverentiam
1620 2612 1674 2676 de-

272 2711 370 2776 bitam
392 2721 425 2777 31
446 2714 594 2778 devotam
616 2735 688 2779 oum
713 2716 893 2781 obedientia
915 2716 1010 2779 filiali.
1033 2716 1217 2781 Secundum
1240 2723 1343 2781 status
1364 2717 1425 2781 mei
1449 2717 1675 2781 conscientiam

203 2824 239 2880 20
273 2818 470 2882 reverentiae
491 2824 617 2883 restrae
640 2820 753 2899 scribo,
776 2820 863 2901 quod
886 2822 1035 2884 dominus
1057 2821 1174 2885 Petrus
1196 2822 1247 2885 dei
1269 2822 1370 2905 gratia
1392 2823 1559 2905 episcopus
1577 2821 1675 2885 'han-

273 2920 418 2986 siluanus
434 2942 498 2986 non
514 2924 621 3006 aliquo
645 2925 758 3008 spiritu
780 2926 998 2988 contumaciae
1017 2925 1068 2988 vel
1092 2925 1325 2990 inobedientiae
1345 2926 1461 2989 ductus
1485 2925 1525 2989 de
1539 2926 1676 3009 pecunia

273 3025 307 3088 in
336 3026 500 3092 taxatione
523 3048 620 3112 super
642 3029 746 3112 ipsum
776 3034 809 3092 et
830 3029 950 3094 clerum
977 3049 1054 3094 suae
1083 3030 1217 3093 diocesis
1239 3030 1387 3114 imposita
1408 3030 1589 3094 satisfacere
1619 3048 1674 3093 ne·

273 3130 371 3214 gligit,
394 3131 450 3195 sed
466 3132 613 3216 impacati
629 3133 779 3217 temporis
803 3133 940 3216 qualitas
962 3133 1102 3217 impedit,
1125 3153 1166 3196 33
1189 3134 1324 3216 pecunia
1338 3133 1439 3216 possit
1455 3133 1495 3197 ad
1510 3133 1674 3197 dominum

272 3233 414 3318 legatum
427 3237 603 3320 pervenire,
626 3258 683 3321 pro
707 3244 793 3301 certo
817 3243 971 3317 tenentes
996 3237 1081 3320 quod
1103 3236 1167 3301 fide
1189 3239 1416 3322 conspeximus
1439 3237 1582 3301 occulata
1597 3258 1675 3320 qua·

205 3345 239 3400 23
275 3338 421 3423 draginta
435 3360 556 3405 marcas
579 3361 637 3425 pro
660 3361 803 3425 expensa
825 3342 945 3405 domini
964 3342 1059 3425 legati
1082 3340 1116 3405 in
1138 3362 1239 3405 unum
1262 3348 1468 3425 congregatas
1490 3347 1522 3405 ct
1543 3341 1577 3404 13
1592 3340 1677 3404 bona

274 3442 419 3507 custodia
432 3446 623 3528 conservari,
638 3450 676 3509 ut
690 3451 815 3529 captata
830 3446 1066 3529 opportunitate
1084 3446 1144 3530 ipsi
1160 3446 1288 3509 domino
1304 3446 1407 3529 legato
1423 3451 1675 3530 praesententur,

275 3568 333 3613 nec
363 3549 466 3613 adhuc
474 3550 496 3626 ¹)
526 3550 640 3613 modus
669 3550 786 3633 aliquis
808 3555 857 3614 331
882 3549 1042 3614 inventus.
1076 3549 1127 3613 Ex
1150 3555 1240 3634 parte
1271 3550 1356 3613 enim
1387 3549 1508 3612 domini
1536 3549 1676 3632 episcopi

273 3659 402 3717 centum
424 3673 548 3718 marcae
571 3659 647 3717 sunt
669 3658 804 3737 paratae,
836 3673 878 3717 ex
900 3659 989 3737 parte
1011 3654 1147 3718 flatrum
1170 3673 1303 3716 suorum
1325 3653 1365 3717 de
1387 3652 1526 3737 capitulo
1549 3652 1677 3716 residua

274 3764 381 3821 autem
396 3778 470 3841 pars
484 3759 697 3842 praescriptae
711 3758 866 3841 pecuniae
888 3777 907 3820 a
929 3756 1013 3821 clero
1037 3776 1114 3821 suae
1137 3756 1271 3821 diocesis
1286 3760 1334 3820 331
1349 3762 1470 3839 exacta,
1494 3762 1526 3820 et
1540 3755 1676 3819 fideliter

205 3867 240 3922 30
274 3860 405 3942 laborat,
435 3862 521 3925 3131
544 3861 680 3946 amplius
701 3861 827 3945 poterit
857 3862 1000 3944 requiret
1022 3866 1054 3925 et
1075 3861 1206 3944 recipiet
1235 3859 1275 3923 ab
1297 3859 1424 3923 eisdem.
1459 3858 1564 3936 Quare
1585 3877 1676 3923 reve·

273 3966 408 4030 rentiam
432 3971 571 4030 vestram
593 3972 677 4049 pcto,
699 3971 736 4029 nt
758 3965 792 4028 in
815 3965 964 4028 omnibus
984 3964 1102 4047 quibus
1124 3963 1256 4047 potestis
1279 3963 1382 4027 eidem
1404 3963 1489 4047 apud
1512 3962 1676 4026 dominum

274 4069 413 4153 legatum
436 4070 599 4151 assistatis,
623 4070 755 4133 dilector
770 4070 855 4132 enim
878 4073 987 4132 noster
1010 4073 1060 4132 est
1075 4074 1107 4131 31
1129 4068 1228 4131 131133
1243 4067 1364 4130 ordinis
1379 4067 1531 4151 specialis.
1558 4064 1677 4129 Datum

274 4175 308 4237 in
330 4174 484 4257 Warasio,
515 4174 609 4238 tertia
638 4174 716 4237 feria
737 4173 885 4257 proxima
907 4178 980 4235 3313
1002 4172 1120 4235 festum
1150 4170 1380 4254 purificationis
1403 4170 1512 4234 beatae
1534 4169 1675 4251 virginis.

429 4297 504 4381 Aaf
519 4295 575 4359 der
595 4294 753 4359 1133133113
773 4293 922 4357 Adreese:
955 4292 1144 4357 Reverendo
1167 4292 1201 4355 in
1224 4290 1348 4355 Christo
1371 4291 1454 4374 patri
1476 4289 1566 4353 fratri
1586 4288 1676 4372 Hay-

205 4405 240 4459 35
273 4402 362 4466 moni
382 4402 529 4466 ministro
550 4400 734 4485 provinciae
755 4398 924 4483 Vngariae.

931 4693 1022 4781 2112.

351 4864 457 4937 1302
470 4860 630 4937 Feoracr
643 4864 704 4933 18.
723 4860 800 4934 Dus
818 4860 1120 4935 Grosswordeiner
1133 4861 1278 4954 Kapitel
1291 4858 1437 4950 1333391,
1457 4859 1538 4931 dass
1561 4856 1678 4931 Comes

273 4984 434 5058 Boroach
459 4985 516 5056 die
540 4984 625 5056 31113
642 4982 802 5056 Β333333
829 4983 906 5055 dem
931 4981 1211 5074 Weisscabarqer
1233 4981 1379 5074 Kapitel
1400 4980 1581 5073 pescteatt
1607 4979 1677 5051 131.

435 5130 511 5201 0319.
529 5131 611 5200 Perp.
629 5129 840 5199 Kapitelorciaio
852 5130 1020 5199 Kcrlaburp.
1040 5128 1128 5198 Sieqcl
1144 5146 1205 5183 war
1223 5129 1387 5198 3333131331.
1406 5127 1469 5181 Das
1484 5124 1613 5195 Om'qincl
1629 5124 1678 5179 irat

207 5216 241 5271 to
379 5219 499 5286 13131133,
516 5219 565 5273 der
577 5224 671 5273 331313
684 5217 768 5285 iacit,
780 5216 925 5271 3133111013
937 5214 1379 5284 3331332313330033813931,
1391 5214 1456 5268 sind
1468 5212 1677 5283 abpesctnittea.

436 5323 662 5393 uaemaunen:
681 5321 812 5377 aeaut
829 5320 941 5376 Noctua
957 5324 1001 5375 ao.
1027 5320 1114 5387 amo
1134 5319 1224 5374 3333
1247 5318 1336 5387 rm,
1354 5323 1379 5386 1,
1398 5321 1457 5372 roe.

433 5427 546 5498 aaut:
569 5426 779 5481 3333333
796 5426 875 5481 rm
893 5424 981 5495 rone
998 5423 1075 5492 xrr,
1092 5427 1153 5479 aar.
1182 5422 1345 5477 3333333
1363 5421 1409 5475 aar
1427 5424 1504 5490 roeo,
1521 5423 1582 5475 are.

431 5549 453 5621 ¹>
474 5546 718 5621 13333333
