4106 6294
931 579 1085 676 ⁴aar*

411 764 585 833 aufbawabrt
597 766 656 821 aad
664 766 749 819 luunt
758 765 802 820 dia
814 765 977 832 Unmcbrift:
995 766 1015 827 t
1028 765 1058 819 S:
1072 764 1268 820 ominosam
1281 790 1287 800 ·
1304 764 1437 819 bucam
1451 790 1455 800 ·
1472 763 1684 820 CIBIN'OENSR
1701 790 1705 798 ·

412 881 446 891 -
458 850 514 904 De
531 851 660 906 Urkuadc
678 852 715 905 iat
732 852 792 905 bier
807 867 842 904 aa
855 853 913 905 dem
926 852 998 906 Jam·
1012 858 1079 907 1309
1092 851 1247 922 cinqcreiirt,
1268 851 1327 905 weil
1338 851 1387 904 der
1399 849 1601 919 einqeacbaltcte
1610 856 1706 919 papst-

412 937 480 991 io'cbe
497 936 623 1005 Austray
639 952 694 990 voa
710 937 769 990 dem
786 942 829 991 28.
844 938 927 992 Mdra
946 943 1014 994 1309
1032 939 1120 992 datin
1137 938 1182 992 ist.

466 1056 578 1127 chest:
600 1058 762 1112 Tortimimi
780 1059 826 1111 tar
844 1063 920 1127 1889,
939 1064 990 1114 581
1010 1060 1063 1114 Nr.
1076 1064 1118 1114 69.

256 1242 273 1295 5
463 1232 530 1297 Nos
554 1232 751 1297 Giselbertus
773 1233 913 1297 decanus
938 1234 1140 1317 Cybiniensis
1170 1240 1202 1299 et
1231 1236 1330 1298 irater
1352 1234 1537 1298 Waltherus
1560 1235 1710 1318 magister

309 1336 429 1401 ordinis
451 1337 687 1401 Cruciferorum
711 1337 751 1402 de
771 1337 906 1419 Cybinio
930 1360 949 1401 a
971 1339 1170 1402 sanctissimo
1193 1344 1282 1422 patre
1305 1339 1468 1402 Clemente
1491 1357 1573 1422 papa
1596 1338 1708 1420 quinto

307 1441 429 1505 iudices
459 1441 593 1523 delegati
621 1441 697 1504 viris
727 1442 868 1525 providis
900 1448 932 1506 et
962 1443 1106 1506 discretis
1138 1442 1274 1506 dominis
1304 1442 1476 1506 Bertholdo
1509 1441 1645 1526 plebano
1675 1443 1709 1505 in

308 1544 432 1608 Kainai
454 1552 487 1607 et
509 1544 671 1608 Gundiino
702 1545 838 1628 plebano
862 1547 892 1608 in
920 1546 992 1609 Piro
1016 1546 1151 1609 salutem
1174 1551 1206 1609 et
1228 1546 1262 1607 in
1285 1547 1413 1609 domino
1437 1546 1609 1609 caritatem.
1643 1545 1709 1608 No·

308 1648 417 1712 veritis
440 1667 499 1710 nos
521 1650 679 1732 recepisse
703 1649 809 1711 literas
832 1649 1020 1712 sanctissimi
1044 1650 1144 1732 patris
1160 1648 1331 1713 Clementis
1354 1668 1453 1733 papae
1469 1646 1517 1711 pa
1534 1650 1654 1713 tenoris
1677 1654 1709 1713 et

241 1760 273 1813 10
308 1752 522 1815 continentiae
543 1752 627 1814 intra
649 1752 792 1835 scriptae.
826 1751 931 1836 (Faue
953 1752 1002 1815 dab
1032 1750 1179 1816 Urtanda
1201 1754 1252 1816 des
1274 1752 1401 1836 Papates
1427 1751 1560 1817 Clanum
1590 1751 1626 1817 V.
1652 1773 1707 1816 oon

300 1856 393 1928 ‚1309
415 1853 471 1918 Nr.
497 1856 585 1936 315.)
618 1855 699 1919 Cum
721 1863 828 1919 autem
851 1857 1035 1919 mandatum
1058 1861 1122 1919 tam
1146 1858 1336 1920 sanctissimi
1363 1859 1461 1940 patris
1484 1858 1620 1921 transire
1643 1877 1708 1920 nou

307 1960 478 2041 valeamus,
502 1960 690 2022 mandamus
706 1961 798 2024 vobis
813 1960 1000 2023 auctoritate
1020 1957 1112 2022 nobis
1129 1960 1252 2041 tradita,
1275 1967 1435 2043 quatenus
1450 1962 1556 2025 statim
1573 1962 1708 2044 receptis

307 2063 528 2147 praesentibus
550 2072 712 2146 assumpto
728 2064 812 2127 bono
829 2065 1009 2127 testimonio
1026 2063 1149 2126 vadatis
1165 2071 1197 2127 et
1212 2064 1315 2129 citetis
1330 2066 1516 2149 magistrum
1542 2111 1549 2128 .
1574 2112 1582 2128 .
1606 2065 1707 2129 archi-

308 2168 475 2231 diaconum
499 2167 538 2229 de
553 2166 682 2230 Kukelu
705 2167 815 2230 maiori
838 2176 949 2230 contra
971 2173 1111 2230 rectores
1126 2168 1331 2231 ecclesiarum
1355 2169 1498 2233 eiusdem
1514 2169 1706 2232 archidiaco-

240 2281 271 2332 15
308 2278 412 2341 natus,
436 2278 471 2334 ut
490 2249 591 2334 xiix
608 2270 658 2333 die
669 2270 688 2345 ¹)
712 2271 738 2332 si
754 2272 865 2333 feriata
882 2291 944 2334 non
962 2271 1067 2351 fuerit,
1090 2270 1232 2351 alioquin
1250 2272 1391 2336 secunda
1406 2272 1456 2335 die
1472 2272 1607 2336 iuridica
1621 2292 1707 2336 com-

306 2384 416 2458 pareat
437 2395 544 2439 coram
566 2374 659 2437 nobis
680 2375 714 2436 in
731 2374 866 2455 Cybinio
890 2375 1008 2437 eisdem
1031 2394 1088 2456 pro
1109 2373 1226 2455 quibus
1249 2377 1354 2458 ipsum
1377 2375 1529 2459 impetere
1545 2376 1707 2441 voluerint

307 2499 545 2562 responsurum
569 2478 712 2559 alioquin
728 2485 840 2541 contra
863 2480 967 2561 ipsum
989 2486 1025 2541 ut
1040 2478 1118 2540 iuris
1134 2478 1211 2541 ordo
1228 2479 1325 2541 fuerit
1340 2480 1558 2562 procedemus.
1588 2477 1706 2545 Datum

307 2584 442 2666 Cybiuii
458 2585 491 2646 in
505 2583 612 2666 vigilia
623 2582 672 2645 XI
687 2582 808 2645 milium
823 2583 991 2666 virginum.
1059 2614 1195 2680 Domine
1207 2617 1378 2682 Betthopde
1391 2619 1482 2684 litera
1493 2623 1706 2705 reportatae),

963 2912 1053 2997 319.

237 3091 272 3147 ⁴20
384 3075 551 3167 Saeqedio
587 3079 686 3147 1310
712 3075 818 3166 April
847 3079 882 3147 8.
929 3074 1099 3148 Woiwodc
1125 3075 1315 3147 Larianus
1351 3077 1492 3149 erteant
1526 3076 1621 3148 Kart
1655 3076 1707 3148 ab

305 3198 422 3286 Kduip
447 3221 512 3269 ooo
546 3196 692 3288 Uuqora
719 3220 764 3268 aa
791 3198 864 3267 aad
887 3197 998 3287 pelobt
1024 3198 1095 3267 iiim
1126 3195 1243 3269 Tremo.

464 3361 540 3431 θήρ.
561 3363 640 3429 Perq.
666 3362 872 3415 Votituuiscbca
891 3361 1000 3414 Archiv.
1020 3361 1091 3415 Drei
1110 3361 1199 3430 Siepel
1216 3378 1310 3415 worm
1328 3361 1492 3432 auqebdopt.

462 3483 573 3536 Druck:
600 3483 804 3550 Fridaaldsztuj
828 3482 1016 3551 Mincralopic
1043 3487 1101 3536 107.
1132 3482 1247 3535 Katono
1266 3481 1341 3535 Hiar.
1360 3482 1420 3536 crit.
1444 3481 1531 3548 VIII,
1555 3486 1616 3537 203.
1648 3483 1704 3536 Ko-

410 3569 518 3623 oacbicb
532 3569 724 3637 Sopplemeata
737 3569 774 3621 od
785 3569 900 3637 aestima
913 3569 938 3633 I,
956 3574 1015 3621 258.
1036 3568 1121 3634 maja
1137 3568 1226 3623 Codex
1239 3567 1328 3633 VIII,
1342 3573 1365 3635 1,
1378 3572 1437 3623 389.
1457 3568 1559 3622 Arabio
1570 3571 1592 3636 s.
1604 3569 1705 3624 Kuade

237 3658 270 3711 25
409 3661 504 3710 batem
516 3656 610 3710 Gescb.
622 3655 667 3719 II,
684 3659 744 3709 245.
768 3654 882 3708 meina
894 3655 971 3707 Mori.
988 3654 1081 3723 Hauy.
1092 3655 1117 3708 I.
1135 3658 1195 3707 825.
1216 3654 1292 3707 Mon.
1310 3653 1448 3709 Vaticana
1467 3655 1562 3724 Hunc.
1576 3655 1666 3710 Series
1680 3655 1705 3723 I,

413 3744 485 3797 Tum.
505 3744 549 3809 II,
567 3748 627 3797 374.
654 3742 835 3796 Devaaaianu
855 3742 1021 3795 Docaemeate
1040 3746 1099 3795 572.

461 3919 527 3983 Nos
542 3918 706 3983 Ladislaus
729 3918 865 3981 vaivoda
879 3917 1106 3982 Transilvanus
1129 3924 1161 3980 et
1176 3937 1281 3981 comes
1305 3918 1343 3980 de
1359 3918 1472 3982 Zonuk
1487 3920 1703 4003 praesentium

304 4043 362 4106 per
391 4030 534 4087 tenorem
564 4021 779 4103 significamus
810 4022 928 4102 quibus
958 4022 1088 4103 expedit
1112 4021 1280 4091 universis,
1311 4021 1398 4102 quod
1421 4021 1461 4084 ab
1484 4021 1542 4084 hac
1573 4022 1652 4085 hora
1673 4029 1706 4086 et

305 4127 356 4191 die
377 4128 411 4189 in
435 4133 528 4191 antea
550 4126 713 4190 domiuum
738 4124 890 4189 Karolum
916 4125 965 4187 dei
988 4127 1089 4205 gratia
1112 4144 1218 4206 regem
1242 4124 1426 4207 Hungariae
1449 4126 1705 4208 recognoscimus

236 4239 271 4288 30
306 4240 338 4294 et
359 4231 530 4314 recipimus
552 4232 585 4292 in
602 4230 765 4292 dominum
783 4238 928 4292 nostrum
951 4229 1127 4292 uatiualem
1151 4236 1183 4291 et
1198 4228 1382 4311 legitimum,
1406 4236 1438 4291 et
1452 4228 1555 4292 eidem
1570 4229 1704 4294 fideliter

305 4336 496 4397 assumimus
529 4341 689 4415 tamquam
721 4334 849 4396 domino
881 4338 989 4395 nostro
1021 4332 1158 4396 naturali
1181 4332 1332 4395 servituri
1364 4331 1396 4394 in
1420 4351 1555 4415 persona
1577 4334 1705 4418 propria

304 4446 336 4502 et
357 4439 546 4522 propiaquis
568 4438 686 4501 nostris
709 4438 876 4513 universis,
908 4438 964 4519 qui
987 4443 1132 4501 nostrmu
1155 4436 1317 4499 voluerint
1347 4434 1517 4499 consilium
1540 4442 1704 4521 acceptare

305 4548 337 4606 et
358 4543 505 4607 assistere
528 4542 628 4605 eidem
653 4542 685 4603 in
709 4541 857 4604 omuibus
872 4541 1002 4619 auxilio,
1025 4539 1158 4605 consilio
1182 4545 1214 4604 et
1227 4539 1378 4623 potentia,
1402 4558 1499 4620 quam
1516 4540 1703 4607 habebimus

305 4652 337 4710 et
359 4646 519 4710 habemus.
543 4645 585 4708 Et
600 4651 683 4708 tacto
700 4643 844 4707 vivificae
866 4644 1042 4709 dominicae
1065 4645 1170 4708 crucis
1191 4643 1278 4727 ligno
1301 4643 1335 4705 in
1352 4642 1498 4707 manibus
1513 4644 1704 4709 venerabilis

236 4757 269 4809 35
305 4750 403 4834 patris
426 4750 546 4813 domini
561 4750 698 4813 Thomae
713 4750 940 4833 archiepiscopi
956 4748 1182 4831 Strigouiensis
1197 4746 1410 4831 promisimus,
1432 4746 1496 4811 fide
1511 4747 1593 4830 data,
1617 4750 1704 4830 quod

305 4853 575 4936 quandocumque
598 4853 746 4916 dominus
770 4856 878 4914 noster
901 4871 959 4915 rex
982 4853 1021 4914 ad
1043 4858 1150 4934 partes
1173 4851 1243 4913 ilias
1265 4851 1375 4913 venire
1398 4848 1543 4933 voluerit,
1566 4851 1621 4915 ubi
1644 4872 1704 4917 uos

304 4959 431 5037 mimus,
463 4977 535 5021 cum
559 4959 645 5020 omni
669 4958 790 5020 honore
813 4962 844 5019 et
866 4955 1045 5019 reverentia
1076 4955 1159 5018 sicut
1182 4954 1273 5018 decet
1295 4954 1460 5017 dominum
1483 4960 1629 5018 nostrum
1652 4974 1703 5020 re·

304 5062 458 5146 cipiemus
489 5069 522 5124 et
551 5062 584 5123 iu
608 5061 694 5123 ouini
716 5060 886 5124 securitate
909 5059 1011 5123 eidem
1039 5057 1174 5122 fideliter
1197 5058 1382 5122 serviemus.
1427 5057 1585 5122 Coronam
1607 5059 1703 5124 etiam

303 5167 394 5247 regni
416 5166 466 5229 sui
489 5165 529 5229 ad
552 5165 635 5228 diem
659 5164 853 5245 assignatum
877 5162 917 5226 ad
939 5170 1068 5226 octavas
1091 5160 1210 5226 scilicet
1232 5161 1317 5225 beati
1338 5161 1495 5226 Iohannis
1517 5162 1672 5246 baptistae
1681 5163 1702 5243 ⁸)

235 5304 269 5356 40
460 5304 481 5367 ¹)
499 5301 650 5355 November
669 5305 709 5366 18,
729 5298 877 5353 Mittwoct.

458 5391 481 5455 ¹)
499 5386 536 5442 So
558 5387 685 5456 Vorloqe.

459 5476 481 5543 ⁸)
499 5474 562 5530 aaa
580 5479 604 5528 1.
