4064 6288
1004 602 1160 697 -mo—

1041 806 1129 891 175.

459 970 885 1062 Altsolil1274Aupoet
912 973 976 1042 22.
1004 971 1122 1062 Kdnip
1147 970 1338 1042 Ladielom
1364 968 1434 1041 IV.
1463 970 1610 1060 bezeuqt
1638 969 1719 1039 dosa
1745 991 1785 1040 cr

383 1094 459 1165 dem
485 1091 722 1165 Aretidiolcoo
748 1091 850 1179 Dera,
887 1092 1064 1183 Mopassrtcr
1091 1092 1261 1165 Nikolaou
1296 1093 1369 1164 aad
1403 1091 1508 1162 deren
1533 1090 1701 1161 Reddam
1727 1090 1783 1161 dic

384 1221 480 1286 terra
507 1213 698 1305 numqua
723 1213 893 1285 volutet
918 1213 1012 1285 tabe.
1296 1241 1299 1249 ¹

541 1376 617 1446 erip.
635 1376 716 1445 Perp.
739 1376 844 1446 Unpur.
862 1375 1071 1431 Landeoorclrio
1089 1376 1240 1445 Budopcat.
1260 1375 1349 1447 δέσμει
1359 1377 1443 1443 rand,
1460 1377 1568 1430 waiam
1590 1374 1700 1442 Wocts,
1723 1390 1783 1428 war
1835 1376 1852 1428 5

486 1463 544 1529 auf
556 1463 605 1516 der
624 1462 768 1516 Ruckeeitc
786 1462 976 1532 auspedritokt.

538 1583 649 1636 Druck:
671 1583 784 1637 Teutcch
802 1600 829 1636 u.
843 1583 1005 1638 Firotaber
1018 1582 1091 1638 sab.
1108 1584 1191 1639 Urkb.
1210 1584 1237 1652 1,
1256 1589 1315 1639 104.
1339 1583 1448 1639 Wanael
1462 1584 1527 1640 (led.
1540 1584 1648 1653 Arpad.
1666 1582 1723 1649 IV,
1740 1586 1783 1637 35.

538 1758 606 1822 Nos
616 1757 781 1821 ladislaus
793 1758 844 1821 dei
858 1758 960 1840 gratia
974 1777 1034 1822 rex
1045 1758 1205 1842 Vngariae
1220 1757 1436 1843 significamus
1447 1764 1557 1824 tenore
1568 1758 1785 1842 praesentium

387 1861 556 1945 universis,
579 1862 668 1942 quod
682 1881 741 1925 nos
756 1861 993 1925 considerantes
1007 1860 1176 1926 fidelitates
1191 1867 1224 1926 et
1241 1863 1445 1927 servitiorum
1460 1862 1573 1926 merita
1586 1859 1669 1926 Ders
1683 1861 1785 1924 archi-

383 1965 508 2029 diaconi
536 1969 568 2029 et
596 1964 738 2048 magistri
760 1963 883 2027 Nicolai
910 1963 1052 2028 fidelium
1083 1971 1266 2029 nostrorum
1291 1966 1491 2049 fratrumque
1521 1967 1672 2049 ipsorum,
1700 1983 1783 2048 quae
1819 1970 1853 2025 10

382 2069 480 2134 iidem
509 2070 671 2134 carissimo
700 2068 784 2151 patri
804 2073 916 2132 nostro
939 2073 971 2132 et
993 2068 1086 2132 nobis
1107 2069 1312 2151 postmodum
1335 2070 1560 2154 impenderunt
1588 2069 1724 2133 fideliter
1753 2074 1786 2132 et

383 2171 507 2254 devote,
531 2172 691 2255 quandam
707 2178 825 2236 tenum
847 2172 943 2236 castri
956 2171 1107 2236 Albensis
1121 2172 1330 2257 Transiluani‚
1352 2173 1523 2257 Euryghaz
1542 2178 1688 2237 vocatam
1709 2191 1785 2236 oon·

384 2280 568 2340 cernentem
589 2275 675 2339 intra
696 2293 771 2338 suas
793 2279 894 2338 metas
916 2280 949 2338 et
969 2274 1212 2341 limitationibus
1234 2296 1367 2342 suorum
1389 2278 1598 2341 terminorum
1619 2296 1697 2341 rura
1717 2277 1786 2341 sive

383 2379 541 2443 sessiones
563 2378 712 2442 villarum
734 2376 972 2462 Demegtelulre,
1004 2379 1239 2463 Gvyudtelulre,
1271 2381 1434 2446 Osltelulre
1457 2387 1489 2445 et
1511 2379 1705 2463 Syvetelulre
1729 2399 1785 2443 vo·

384 2489 479 2564 catas,
502 2482 557 2545 ubi
580 2483 676 2546 etiam
699 2484 760 2546 sita
782 2488 831 2546 est
845 2482 978 2553 ecclesia
999 2483 1083 2547 beati
1099 2484 1236 2548 Thomae
1258 2485 1402 2569 apostoli,
1424 2484 1594 2549 eximendo
1617 2485 1745 2568 penitus
1766 2504 1785 2545 a
1821 2490 1853 2543 15

382 2586 601 2650 iurisdictione
632 2587 707 2650 dicti
737 2588 832 2650 castri
854 2587 973 2650 eisdem
996 2586 1078 2650 Ders
1108 2587 1328 2653 archidiacono
1351 2595 1384 2654 et
1413 2590 1563 2672 magistro
1586 2588 1718 2653 Nicolao
1748 2608 1785 2651 ac

385 2689 535 2753 tratribus
566 2709 678 2754 eorum
708 2689 863 2773 dedimus,
892 2691 1082 2754 donavimus
1105 2697 1138 2755 et
1162 2694 1357 2758 contulimus
1385 2698 1540 2778 perpetuo
1569 2692 1785 2776 possidendas.

383 2793 423 2856 In
445 2794 538 2857 ouius
561 2800 663 2858 terrae
686 2795 882 2878 corporalem
903 2796 1137 2878 possessionem
1159 2797 1288 2860 eosdem
1312 2815 1370 2879 per
1391 2796 1539 2860 comitem
1561 2796 1724 2860 Andreum
1746 2795 1785 2859 de

385 2895 502 2979 Gyoug
515 2896 676 2960 hominem
691 2904 838 2961 nostrum
857 2897 916 2961 sub
933 2899 1114 2962 testimonio
1134 2899 1266 2982 capituli
1284 2899 1435 2963 Albensis
1448 2898 1673 2979 Transeiluam,
1695 2916 1786 2981 prae·

384 2999 529 3064 sentibus
551 3000 772 3083 iobagionibus
794 3001 898 3084 castri,
922 3002 1036 3065 vicinis
1058 3007 1090 3066 et
1112 3003 1337 3066 commetaneis
1360 3002 1508 3067 omnibus
1530 3003 1686 3084 nulloque
1708 3021 1784 3065 con·
1820 3007 1854 3061 20

384 3103 554 3169 tradictore
569 3104 729 3169 existente
744 3104 878 3168 fecimus
893 3105 1062 3188 introduci,
1084 3110 1181 3189 prout
1201 3105 1236 3168 id
1257 3106 1349 3170 nobis
1369 3125 1427 3190 per
1442 3106 1550 3170 literae
1565 3106 1640 3170 dieti
1655 3105 1784 3188 capituli

385 3208 528 3271 constitit
542 3209 714 3273 evidenter.
736 3207 856 3273 Datum
878 3208 912 3270 in
927 3208 1048 3289 Zolum,
1070 3209 1105 3271 in
1128 3209 1248 3272 octavis
1263 3210 1489 3292 assumptionis
1511 3209 1622 3273 beatae
1644 3207 1786 3292 virginis,

386 3330 471 3375 anno
494 3311 615 3375 domini
636 3290 678 3376 ld.
702 3289 761 3375 (ld.
779 3288 881 3376 LXX.
906 3317 1028 3394 quarto.

1042 3606 1129 3695 176.

467 3770 601 3844 Alaea!
626 3774 734 3843 1274
759 3770 897 3864 Aupast
923 3777 989 3844 27.
1035 3774 1154 3865 Ko'nip
1178 3773 1369 3846 Lodialaue
1395 3772 1466 3846 IV.
1499 3772 1657 3864 baatdtipt
1687 3773 1786 3844 anau
1820 3784 1854 3842 25

384 3891 625 3965 Batauum
650 3893 815 3966 zwuctm
839 3893 924 3966 Bon
945 3892 1146 3966 Alccooder
1170 3896 1245 3967 uad
1271 3894 1450 3983 lllilcoloua,
1479 3892 1572 3966 Solia
1597 3885 1732 3965 Eotc'o.

541 4056 654 4111 Druck.-
677 4056 787 4112 Waml
801 4056 866 4112 (lod.
879 4057 988 4125 Arpaa.
1001 4058 1057 4125 IV,
1074 4062 1110 4112 36
1127 4059 1198 4113 auct
1215 4059 1264 4113 der
1275 4056 1600 4128 Beatatipunpaurkuodc
1617 4056 1665 4110 dea
1677 4056 1787 4127 Korope

489 4142 610 4214 Laadwiq
626 4143 652 4198 I.
670 4159 724 4197 ceu
742 4146 819 4212 1365,
840 4143 917 4214 Θήρ.
935 4144 1038 4199 Archiv
1055 4144 1104 4199 der
1121 4145 1235 4199 Boreae
1258 4143 1424 4213 Waazeayi
1440 4160 1477 4198 au
1494 4142 1701 4213 Klouumdurp.

542 4317 610 4382 Nos
625 4317 792 4382 ladislaus
814 4317 865 4382 dei
880 4319 981 4401 gratia
1002 4337 1061 4383 rex
1076 4317 1261 4402 Hungan'ae
1283 4319 1395 4382 harum
1411 4318 1492 4382 serie
1508 4318 1678 4382 memoriae
1700 4337 1786 4382 oom-

385 4419 574 4485 mendantes
593 4420 791 4485 declaramus
814 4422 983 4504 universis,
1006 4421 1093 4504 quod
1108 4421 1293 4489 Alexander
1313 4421 1418 4486 banus
1440 4440 1546 4486 comes
1569 4423 1608 4486 de
1623 4420 1786 4504 Soybinyo
1821 4426 1857 4481 30

386 4528 419 4587 et
448 4523 488 4588 de
510 4522 644 4589 Dobolra
666 4525 800 4590 dilectus
830 4531 862 4589 et
882 4523 986 4589 fidelis
1007 4529 1118 4589 noster
1139 4524 1178 4588 ab
1207 4544 1273 4588 una
1293 4530 1392 4608 parte,
1420 4524 1572 4590 Nicolaus
1593 4525 1679 4590 filius
1701 4525 1787 4589 Eeho

386 4628 426 4692 ab
442 4629 542 4693 altera
556 4648 663 4693 coram
678 4628 772 4693 nobis
785 4627 997 4713 personaliter
1012 4628 1233 4712 comparendo,
1253 4628 1293 4692 de
1307 4629 1436 4713 propria
1450 4634 1483 4693 et
1496 4629 1658 4693 communi
1671 4628 1788 4692 volun·

386 4738 451 4797 tate
473 4738 505 4796 et
521 4752 563 4797 ex
585 4739 696 4797 nostra
717 4733 925 4816 permissione
947 4733 1032 4797 inter
1053 4751 1087 4796 se
1109 4731 1293 4797 huiusmodi
1318 4732 1539 4796 concambium
1562 4732 1715 4797 dixerunt
1736 4751 1787 4795 or·

387 4835 522 4917 dinasse,
554 4836 641 4919 quod
663 4841 781 4900 terram
803 4835 1023 4918 Pertaltelylry
1045 4841 1200 4916 vocatam,
1230 4854 1326 4918 quarn
1356 4841 1552 4899 memoratus
1574 4833 1725 4899 Nicolaus
1747 4833 1787 4897 de

387 4938 577 5003 hereditaria
605 4960 664 5003 sua
694 4945 779 5004 terra
808 4946 840 5004 et
868 4940 1003 5003 fratrum
1030 4959 1163 5003 suorum
1189 4940 1331 5022 praefato
1363 4938 1547 5003 Alexandro
1576 4938 1659 5001 bano
1690 4957 1787 5021 super
1821 4945 1856 5000 35

387 5042 552 5106 cuiusdam
584 5063 709 5107 summa
729 5044 884 5127 pecuniae
906 5043 1102 5126 vendiderat
1133 5061 1229 5125 quam
1251 5044 1347 5107 etiam
1371 5043 1456 5107 idern
1477 5042 1663 5107 Alexander
1683 5041 1788 5105 banus

387 5146 517 5230 alonge
533 5150 675 5230 tempore
689 5145 819 5230 pacifice
841 5167 915 5212 oum
938 5147 1086 5212 omnibus
1104 5148 1172 5211 suis
1193 5146 1383 5211 utilitatibus
1397 5147 1590 5230 possederat,
1612 5164 1789 5229 superque

386 5251 493 5334 ipsum
521 5250 690 5314 Nicolaum
719 5252 833 5316 tratres
864 5252 914 5316 sui
935 5252 1137 5316 infestabant
1170 5251 1217 5315 Ut
1239 5252 1342 5315 omnis
1373 5250 1533 5314 infestatio
1563 5255 1596 5314 et
1624 5249 1789 5314 seditionis

387 5353 520 5417 materia
541 5373 561 5417 a
582 5354 734 5420 iratribus
757 5356 891 5420 uterinis
913 5357 1060 5420 radiciter
1083 5356 1234 5438 sopiatur,
1259 5354 1344 5418 idem
1365 5354 1551 5418 Alexander
1572 5354 1676 5418 banus
1697 5373 1788 5438 prae·

388 5457 504 5521 dictam
519 5462 637 5522 terram
660 5458 798 5522 reddidit
820 5463 852 5523 et
866 5460 1006 5524 restituit
1026 5479 1084 5543 pro
1107 5464 1280 5543 perpetuae
1294 5457 1382 5541 pacis
1402 5458 1523 5522 unione
1537 5458 1641 5523 eidem
1655 5458 1787 5523 Nicolao
1821 5464 1857 5519 40
