4084 6302
981 614 1136 709 „3221-

358 799 426 863 sive
441 800 506 864 sint
520 800 671 882 advenae,
694 801 762 865 sive
783 801 869 865 intra
889 803 949 868 hoc
971 822 1105 886 regnum
1128 803 1303 881 constituti,
1326 822 1436 866 eorum
1456 822 1569 866 causas
1584 802 1754 867 verborum

356 904 541 986 copiositate
555 905 755 987 prolixaudo,
779 906 810 968 in
827 910 950 969 tantum
967 904 1143 977 dilatarent,
1167 908 1253 988 quod
1272 908 1332 990 ipsi
1350 908 1383 970 iu
1406 926 1534 970 causam
1556 907 1681 970 attracti
1696 926 1755 970 nec

354 1027 461 1071 coram
492 1010 572 1073 facie
595 1010 702 1072 iudicii
726 1029 831 1091 neque
854 1016 995 1093 tempore
1022 1011 1228 1093 depositionis
1251 1030 1382 1074 suorum
1405 1012 1657 1073 iuramentorum
1687 1011 1756 1093 ipsa

355 1114 453 1177 verba
474 1120 604 1197 propter
633 1114 683 1176 sui
705 1113 970 1196 multiplicitatem
1000 1115 1183 1197 recolligere
1209 1120 1347 1198 possent,
1378 1122 1474 1178 etex
1497 1134 1544 1193 ec,
1575 1135 1633 1178 cnr
1657 1120 1754 1178 totam

355 1223 387 1279 et
408 1216 535 1300 plenam
565 1218 679 1281 seriem
710 1218 885 1281 eorundem
908 1217 1078 1281 verborum
1110 1219 1344 1302 propositorum
1375 1218 1558 1300 recolligere
1581 1224 1754 1299 nequeunt,
1789 1225 1806 1276 5

354 1320 448 1384 iidem
465 1321 590 1385 iudiciis
605 1328 862 1405 aggravarentur.
885 1322 1056 1405 Proposuit
1071 1325 1166 1387 etiam
1181 1323 1265 1386 dicta
1280 1323 1472 1386 universitas
1487 1322 1651 1404 nobilium,
1668 1322 1755 1404 quod

355 1424 382 1487 si
397 1425 484 1488 iures
500 1431 532 1489 et
547 1424 687 1489 latrones
702 1426 801 1507 aliqui
817 1445 858 1490 ex
876 1427 921 1489 eis
933 1428 1139 1510 captivarent,
1155 1428 1229 1491 licet
1242 1427 1276 1489 in
1291 1427 1370 1489 hora
1384 1426 1605 1510 captivationis
1621 1430 1753 1490 mortem

355 1527 407 1591 vel
429 1547 583 1611 pascuae
606 1529 866 1613 periclitationem
894 1531 1064 1614 patiantur,
1095 1532 1350 1615 quamprimum
1381 1530 1421 1593 ad
1450 1529 1602 1593 iudicium
1625 1529 1755 1593 eosdem

355 1631 556 1715 adduxerint,
579 1633 657 1696 nihil
680 1635 719 1698 de
742 1634 839 1698 rebus
853 1636 995 1718 ipsorum
1011 1636 1073 1718 ipsi
1092 1636 1272 1699 detinentes
1295 1634 1411 1698 habere
1425 1639 1564 1716 possent,
1587 1652 1646 1697 nec
1662 1632 1755 1715 quid-

356 1755 451 1817 quam
474 1737 521 1800 eis
543 1743 737 1820 erogaretur,
767 1743 879 1821 petens
908 1757 968 1801 nos
998 1739 1082 1802 dicta
1108 1739 1301 1802 universitas
1331 1736 1494 1817 nobilium,
1524 1742 1562 1800 ut
1583 1738 1755 1820 praemissa
1791 1741 1824 1795 10

356 1840 463 1903 omnia
484 1840 544 1904 sub
568 1841 689 1905 meliori
713 1843 878 1905 commodo
909 1843 1115 1926 disponentes
1138 1843 1415 1906 committeremus.
1449 1840 1544 1905 Unde
1567 1860 1626 1905 nos
1649 1841 1755 1923 queri-

356 1943 546 2008 monialibus
567 1946 837 2029 propositionibus
860 1945 1002 2009 eiusdem
1026 1946 1243 2010 universitatis
1265 1945 1421 2009 nobilium
1443 1945 1505 2007 iam
1527 1944 1689 2028 expositis,
1717 1963 1754 2008 eo

355 2048 442 2129 quod
458 2047 606 2111 dominus
622 2055 731 2113 noster
745 2069 804 2113 rex
820 2050 852 2113 in
877 2055 942 2113 toto
959 2070 1018 2113 suo
1041 2069 1139 2133 regno
1160 2051 1219 2114 hoc
1234 2048 1435 2118 commiserit
1458 2054 1495 2112 ut
1511 2048 1645 2130 quilibet
1660 2049 1753 2111 homo

356 2151 389 2214 in
412 2171 540 2215 causam
556 2158 710 2216 attractus
725 2172 832 2215 coram
849 2155 964 2235 quovis
986 2155 1090 2218 iudice
1113 2156 1162 2218 sui
1179 2155 1268 2237 regni
1287 2158 1398 2217 contra
1413 2159 1552 2216 actorem
1575 2152 1679 2216 solum
1694 2153 1753 2216 hoc

355 2255 387 2317 in
411 2275 470 2319 sua
484 2258 698 2340 responsione,
721 2264 758 2321 ut
774 2258 931 2340 quidquid
949 2260 1009 2322 iste
1032 2259 1136 2322 bonus
1158 2259 1251 2321 homo
1267 2259 1300 2320 in
1315 2257 1475 2340 praesenti
1489 2256 1598 2340 planta
1620 2256 1753 2320 astando
1791 2261 1822 2313 lo

355 2359 428 2441 egit,
451 2360 671 2443 innocenssit,
694 2361 886 2444 respondere
908 2368 941 2425 et
963 2367 1105 2444 tempore
1127 2364 1176 2425 sui
1200 2362 1369 2425 iuramenti
1392 2362 1460 2439 hoc,
1473 2367 1529 2423 ‘ut
1549 2361 1582 2422 in
1606 2359 1754 2424 omnibus

354 2464 534 2528 octonibus
549 2465 650 2548 ipsius
664 2466 787 2547 agenda
801 2466 956 2529 innocens
971 2466 1020 2548 sit,
1035 2485 1176 2530 asserere
1192 2466 1312 2547 debeat,
1336 2465 1552 2528 commisimus
1566 2469 1753 2547 annuentes,

356 2567 443 2647 quod
467 2568 600 2649 quilibet
622 2570 715 2632 homo
738 2570 772 2631 iu
792 2589 919 2634 causam
935 2589 992 2653 per
1010 2589 1246 2651 quemcumque
1269 2575 1421 2633 attractus
1443 2588 1502 2633 seu
1524 2575 1635 2632 contra
1658 2587 1754 2649 quem

355 2689 462 2734 coram
491 2671 584 2736 nobis
607 2674 659 2737 vel
682 2674 889 2738 vicevaivoda
918 2680 1027 2737 nostro
1051 2674 1101 2737 vel
1130 2674 1299 2738 comitibus
1322 2673 1438 2736 nostris
1461 2672 1693 2755 parochialibus
1722 2678 1754 2736 et

355 2774 551 2858 officialibus,
581 2777 759 2860 specialiter
787 2797 894 2841 coram
924 2778 1038 2841 comite
1068 2784 1177 2840 nostro
1207 2776 1381 2860 parochiali
1408 2777 1576 2840 comitatus
1604 2776 1752 2841 Albensis
1787 2778 1822 2833 20

356 2898 443 2942 nunc
470 2885 502 2944 et
523 2900 580 2964 pro
604 2886 746 2964 tempore
776 2882 957 2946 constitutis
979 2882 1092 2965 agitur,
1123 2880 1197 2944 licet
1219 2885 1290 2943 acta
1310 2879 1448 2962 plurima
1469 2880 1662 2955 contineant,
1688 2900 1754 2944 non

357 2988 461 3048 tarum
484 2984 557 3067 plus
579 2986 613 3048 in
636 3006 695 3048 sua
716 2986 924 3069 responsione
947 2986 1083 3068 allegare
1106 2990 1253 3049 teneatur
1275 2990 1307 3047 et
1327 2983 1454 3062 referre,
1477 2984 1538 3045 nisi
1561 2984 1664 3047 solum
1687 2985 1754 3063 hoc,

356 3087 439 3151 sicut
461 3089 608 3171 superius
631 3088 750 3152 dictum
774 3097 831 3168 est,
855 3097 891 3154 ut
911 3090 1067 3172 quidquid
1091 3090 1150 3152 iste
1173 3087 1278 3151 bonus
1301 3087 1394 3149 homo
1416 3086 1450 3149 in
1474 3090 1631 3170 praesenti
1646 3088 1755 3172 planta

356 3191 487 3254 astando
518 3200 630 3256 contra
660 3213 710 3257 me
733 3195 906 3276 proposuit
936 3194 1091 3256 innocens
1121 3212 1192 3255 sum
1223 3197 1255 3255 et
1276 3191 1435 3254 immunis.
1473 3191 1516 3254 ut
1544 3193 1576 3254 in
1600 3193 1679 3255 hora
1700 3192 1754 3257 de·

355 3295 521 3377 positionis
543 3298 594 3362 sui
616 3298 786 3379 iuramenti
809 3296 953 3360 similiter
982 3296 1021 3359 de
1044 3296 1169 3359 mtione
1191 3296 1314 3377 agentis
1335 3295 1415 3358 nihil
1437 3296 1538 3379 magis
1560 3296 1699 3380 explicet
1720 3304 1753 3360 et
1788 3295 1822 3350 25

355 3403 507 3479 verteret,
530 3402 592 3464 nisi
613 3401 648 3465 in
672 3402 796 3465 actione
818 3420 993 3485 persuum
1017 3401 1235 3465 adversarium
1258 3404 1370 3464 contra
1392 3419 1426 3464 se
1449 3406 1528 3482 acta,
1550 3400 1753 3484 innocentem

354 3506 387 3564 et
408 3502 582 3567 immunem
606 3505 674 3568 fore
696 3524 730 3568 se
753 3505 837 3568 dicat
858 3511 890 3568 et
906 3504 1043 3568 fateatur
1065 3505 1193 3568 nomine
1217 3505 1338 3587 agentis
1361 3504 1395 3566 in
1417 3504 1497 3567 iacie
1519 3503 1628 3567 iudicii
1651 3510 1683 3568 et
1704 3523 1754 3569 re·

355 3607 536 3687 sponsionis
558 3609 644 3689 hora,
667 3627 793 3671 necnon
814 3613 957 3691 ternpore
979 3608 1029 3671 sui
1049 3609 1298 3690 praestamentis,
1322 3607 1427 3689 quivis
1450 3626 1578 3670 causam
1600 3608 1753 3689 nominet,

354 3707 398 3770 ita
421 3713 536 3788 amen,
559 3710 646 3791 quod
668 3713 695 3774 si
710 3713 813 3795 prima
834 3712 904 3775 vice
919 3717 1083 3795 praestans
1102 3731 1197 3773 suum
1220 3710 1394 3775 offenderet
1415 3712 1639 3793 iuramentum,
1662 3730 1753 3774 suam

347 3827 484 3887 ¹manum
500 3832 598 3896 super
611 3814 709 3879 altare
721 3816 858 3880 tenendo
876 3814 923 3878 bis
938 3821 1080 3898 repetere
1094 3816 1202 3896 possit.
1219 3815 1443 3879 commisimus
1458 3816 1752 3891 etiam'statuentes,
1787 3816 1823 3869 30

355 3919 392 3976 ut
415 3915 549 3996 quilibet
570 3916 663 3982 homo
694 3920 733 3982 de
756 3919 852 3982 rebus
883 3920 962 3982 luris
985 3926 1017 3982 et
1047 3918 1187 3999 latronis,
1218 3938 1313 4000 quem
1334 3918 1387 3982 vel
1413 3938 1494 4000 quos
1515 3919 1676 3981 iurantem
1698 3924 1754 4003 aut

355 4019 595 4085 latrocinantem
617 4023 848 4105 reprehendere
863 4024 979 4107 poterit
1000 4029 1033 4086 et
1052 4023 1220 4108 captivare,
1243 4023 1368 4086 tertiam
1384 4028 1506 4106 partem
1522 4041 1628 4084 coram
1652 4020 1753 4102 nobis,

355 4125 563 4188 vicevaivoda
584 4131 694 4189 nostro
717 4147 754 4190 ac
776 4127 946 4191 comitibus
968 4128 1086 4190 nostris
1112 4125 1345 4210 parochialibus
1367 4125 1460 4208 plene
1482 4125 1623 4207 recipere
1645 4125 1752 4208 possit

354 4228 538 4293 innuimus
559 4229 766 4293 nihilominus
788 4232 891 4310 etiam,
918 4236 955 4295 ut
977 4230 1118 4294 universi
1140 4230 1264 4293 nobiles
1286 4228 1469 4311 iobagiones
1492 4234 1524 4291 et
1546 4227 1683 4291 famulos
1704 4228 1752 4311 ip·

355 4352 461 4396 sorum
486 4333 781 4416 impossessiouatos
802 4335 836 4397 iu
857 4355 968 4399 eorum
990 4333 1243 4418 possessionibus
1264 4338 1496 4395 commorantes
1518 4331 1645 4414 ipsimet
1668 4330 1750 4394 iudi·
1786 4334 1821 4388 35

354 4436 446 4499 candi
476 4436 613 4501 habeant
641 4436 833 4519 facultatem,
864 4440 1007 4523 exceptis
1033 4440 1201 4502 dumtaxat
1231 4436 1333 4500 tribus
1363 4437 1467 4499 causis
1497 4454 1555 4499 seu
1585 4454 1753 4498 causarum

354 4540 504 4622 articulis
526 4540 646 4604 scilicet
668 4542 837 4625 furticinio,
860 4543 1025 4607 latrocinio
1041 4549 1073 4606 et
1095 4542 1177 4604 lacto
1200 4540 1398 4625 petendario.
1421 4539 1463 4603 Et
1485 4539 1513 4603 si
1534 4540 1569 4601 in
1591 4537 1754 4602 reddenda

354 4645 476 4708 iustitia
496 4645 591 4708 iidem
615 4644 738 4709 nobiles
760 4647 841 4709 tardi
857 4646 1047 4727 exstiterint,
1069 4665 1134 4708 non
1153 4644 1336 4726 iobagiones
1351 4643 1403 4707 vel
1425 4643 1536 4706 famuli
1555 4662 1674 4725 eorum,
1697 4642 1753 4706 sed

354 4748 412 4831 ipsi
436 4748 495 4813 soli
517 4749 551 4811 in
573 4755 724 4830 nostram,
747 4749 971 4814 vicevaivodae
994 4750 1044 4814 vel
1064 4748 1187 4813 comitis
1210 4748 1310 4811 nostri
1332 4745 1520 4831 parochialis
1541 4746 1752 4830 praesentiam

355 4854 508 4917 rationem
532 4852 687 4916 reddituri
703 4859 886 4935 evocentur,
913 4854 991 4917 iuris
1006 4873 1158 4937 processu
1174 4853 1339 4916 mediante.
1363 4850 1434 4915 Hoc
1456 4851 1552 4914 etiam
1574 4869 1640 4913 non
1662 4869 1752 4933 prae-
1787 4853 1822 4905 40

354 4956 567 5037 termittimus,
598 4956 685 5038 quod
707 4956 735 5019 si
756 4958 888 5021 comites
910 4959 1011 5021 nostri
1035 4956 1229 5040 parochiales
1252 4956 1347 5019 alicui
1373 4953 1633 5038 comprovinciali
1655 4952 1753 5016 nobili

354 5060 512 5125 debitores
534 5066 591 5124 aut
605 5059 778 5143 culpabiles
801 5061 990 5141 exstiterint,
1012 5060 1135 5123 ratione
1154 5059 1252 5124 debiti
1275 5059 1326 5123 vel
1349 5058 1533 5122 offensionis
1554 5057 1697 5141 ipsorum
1713 5057 1753 5120 ad

354 5169 495 5227 nostram
518 5164 646 5229 evocari
659 5164 783 5247 possint
804 5164 1016 5249 praesentiam
1030 5162 1227 5227 iudiciariam
1250 5182 1284 5227 se
1304 5161 1480 5226 emendare.
1504 5161 1673 5225 Praeterea
1693 5179 1753 5224 nec

353 5272 484 5331 exactor
504 5267 696 5331 iudiciorum
717 5274 910 5350 nostrorum,
939 5268 1164 5332 vicevaivodae
1186 5266 1287 5331 nostri
1316 5271 1373 5329 aut
1394 5265 1547 5329 comitum
1570 5270 1752 5331 uosborum

354 5371 580 5455 parochialium
596 5373 665 5436 sine
680 5372 785 5436 iudice
800 5371 954 5435 nobilium
970 5370 1022 5434 vel
1037 5371 1107 5435 eius
1118 5370 1245 5434 homine
1260 5369 1293 5432 in
1309 5369 1398 5433 nullo
1414 5367 1566 5432 comitatu
1581 5367 1752 5451 procedere
1787 5373 1822 5428 45

353 5477 462 5559 possit,
478 5476 517 5541 de
532 5476 657 5540 iudiciis
672 5495 749 5539 vero
762 5476 883 5540 exactis
897 5475 1018 5539 iudices
1030 5475 1184 5540 nobilium
1200 5475 1294 5538 iuxta
1308 5471 1754 5556 antiquamconsuetudinem
