4106 6294
921 614 1077 711 joo-

299 804 477 868 munimine
505 803 678 868 roboratas.
724 802 842 867 Datum
875 804 1016 868 secunda
1037 803 1117 868 feria
1133 802 1285 905 proxima
1305 807 1379 887 post
1403 805 1532 866 octovas
1554 820 1698 885 assump-

300 908 396 972 tionis
418 907 527 972 beatas
549 908 683 990 virginis
705 907 833 989 Mariae,
863 927 947 971 anno
980 907 1098 970 domini
1120 905 1154 969 M
1169 906 1386 971 ducentesimo
1402 904 1597 969 duodecimo.
1621 904 1699 968 Gre-

300 1012 389 1095 gorio
404 1011 593 1094 praeposito,
616 1010 735 1074 Th0ma
749 1016 887 1093 cantore,
903 1011 1103 1092 Wynoencio
1118 1010 1260 1091 custode,
1282 1009 1304 1074 J
1305 1009 1429 1072 ohanne
1445 1007 1563 1089 Syculo
1579 1008 1699 1071 decano

301 1114 451 1178 ecclesiae
473 1120 602 1179 nostrae
624 1115 845 1179 existentibus.

248 1262 265 1314 5
455 1252 530 1334 Auf
553 1252 609 1316 der
630 1251 787 1316 Rttclrsaitc
815 1273 873 1315 coa
902 1253 984 1315 einer
1005 1249 1104 1315 Hand
1131 1250 1184 1314 da
1212 1250 1263 1314 15.
1286 1247 1531 1313 Jatrtuadera:
1558 1248 1617 1313 Dir
1638 1248 1701 1312 brif

300 1356 412 1439 gehdrt
434 1374 491 1418 czv
515 1355 656 1420 Ormand
678 1356 775 1433 vnd1)
799 1355 966 1420 Kwkenes.

954 1646 1046 1732 332.

377 1815 476 1883 1313
501 1812 645 1883 <Ianuar
664 1816 698 1883 4.
726 1812 832 1884 Prior
852 1811 1048 1884 varano
1074 1812 1148 1882 aad
1173 1812 1236 1882 der
1252 1812 1412 1883 Koaoaat
1435 1812 1498 1883 dar
1514 1810 1699 1902 Predipcr·

299 1935 437 2005 mdacte
471 1956 515 2004 aa
549 1932 790 2023 Warbseatarp
825 1933 1044 2025 tcptcabipan
1080 1933 1136 2003 dic
1170 1930 1335 2003 Urtaadc
1370 1932 1429 2004 des
1466 1932 1600 2022 Kdaips
1626 1929 1699 2001 Lo-

233 2069 267 2125 10
301 2055 432 2125 dmlcus
450 2052 478 2123 I
482 2051 520 2124 V.
544 2076 608 2125 coa
625 2057 674 2124 12
681 2058 734 2125 75
753 2054 819 2125 Nr.
835 2057 918 2125 178
944 2053 1129 2143 tetreffcnd
1145 2053 1201 2124 dic
1222 2051 1428 2144 Verlcibaaq
1444 2076 1509 2124 oon
1526 2052 1699 2124 chusaa-

302 2174 461 2267 harpen
488 2175 544 2246 dic
574 2167 850 2267 weissenburgo
876 2175 1016 2247 Kirctc.

459 2337 1016 2408 Ow.Pm9.KomulardioKmbtarp.
1035 2337 1241 2408 Sicpetworoa
1250 2336 1699 2407 Perpamcntatraiseaanpetdnpt.

458 2459 571 2528 Repeti:
588 2457 719 2514 &medai
737 2459 828 2515 Serus
844 2464 888 2514 20.
910 2459 1074 2514 Tanaim·
1091 2459 1137 2513 tdr
1155 2463 1231 2527 1889,
1250 2463 1310 2513 teo.

456 2634 524 2699 Nos
554 2636 651 2699 irater
672 2635 857 2699 Theodorus
878 2636 965 2719 prior
987 2635 1102 2698 domus
1124 2639 1252 2698 sanctae
1273 2633 1393 2698 Mariae
1416 2633 1537 2698 ordinis
1566 2634 1700 2698 bobum

233 2749 266 2801 15
301 2739 560 2804 Praedicatorum
590 2739 629 2802 de
652 2738 735 2803 Alba
766 2744 917 2820 totusque
943 2744 1122 2802 conventus
1144 2737 1205 2801 loci
1228 2738 1371 2801 eiusdem
1399 2739 1615 2821 praesentium
1644 2757 1702 2822 per

301 2848 445 2907 tenorem
475 2841 691 2925 significamus
722 2841 839 2924 quibus
862 2842 992 2926 expedit
1021 2841 1190 2922 universio,
1221 2840 1308 2922 quod
1331 2841 1522 2905 venerabilis
1550 2848 1640 2925 pater
1669 2846 1702 2905 et

302 2949 450 3013 dominus
479 2949 577 3013 irater
603 2948 797 3011 Benedictus
825 2948 876 3011 dei
906 2948 1008 3031 gratia
1037 2947 1206 3031 episcopus
1234 2945 1520 3009 Transilvaniensis
1548 2964 1606 3028 per
1635 2964 1701 3008 ma

302 3052 435 3135 gistrum
450 3052 591 3131 Petrum,
614 3052 773 3116 notarium
797 3072 892 3115 suum
907 3052 1084 3135 specialem,
1107 3051 1262 3114 nuncium
1285 3069 1323 3112 ac
1345 3054 1583 3134 procuratorem
1605 3069 1701 3113 suum

301 3156 341 3219 ad
371 3156 431 3218 hoc
460 3155 638 3238 specialiter
670 3156 866 3238 deputatum,
896 3175 1003 3218 coram
1026 3153 1119 3218 nobis
1141 3152 1284 3218 exhiberi
1309 3153 1384 3216 fecit
1414 3152 1575 3241 quoddam
1603 3153 1701 3237 privi-

233 3265 267 3319 20
301 3260 420 3343 legium
441 3258 577 3322 Ladislai
607 3258 710 3322 clarae
741 3259 911 3322 memoriae
942 3259 1103 3340 quondam
1124 3257 1309 3340 Hungariae
1331 3258 1415 3340 regis
1444 3258 1576 3322 illustris
1605 3277 1702 3342 super

301 3362 378 3426 villa
393 3362 529 3426 Clusvar
544 3363 735 3443 coniectum,
757 3369 869 3445 petens
886 3381 954 3444 nos,
977 3368 1014 3426 ut
1035 3362 1075 3425 ad
1095 3361 1252 3426 cautelam
1275 3366 1307 3425 et
1321 3362 1473 3426 maiorem
1489 3362 1701 3443 securitatem,

302 3472 334 3530 et
362 3472 400 3528 ut
421 3465 477 3529 ubi
500 3465 602 3547 liquet
632 3472 664 3529 et
686 3466 777 3529 decet
798 3466 918 3549 portari
941 3485 977 3529 ac
1007 3466 1140 3549 produci
1162 3465 1292 3545 valeret,
1321 3466 1360 3529 do
1383 3466 1481 3530 verbo
1504 3467 1545 3530 ad
1566 3465 1700 3530 verbum

302 3569 485 3633 transscribi
516 3569 692 3633 faceremus
715 3574 747 3633 et
769 3569 871 3652 sigillo
895 3574 1004 3633 nostro
1031 3569 1229 3632 communiri.
1264 3569 1364 3632 Cuius
1387 3569 1516 3650 quidem
1544 3568 1702 3653 privilegii

301 3678 393 3736 tenor
423 3673 494 3736 talis
523 3678 579 3736 est.
612 3671 717 3756 (noar
747 3672 795 3736 dic
830 3670 977 3736 Urlrundc
1005 3672 1057 3736 dea
1086 3671 1204 3754 Kdniqs
1233 3670 1401 3736 Ladona
1432 3671 1455 3735 Ι
1459 3671 1495 3737 V.
1525 3693 1582 3736 oon
1611 3672 1701 3735 1275

233 3782 267 3836 25
302 3773 360 3840 Nr.
383 3776 476 3857 178.)
508 3775 576 3840 Nos
605 3776 703 3859 igitur
732 3796 805 3839 oum
835 3777 987 3840 fratribus
1018 3777 1119 3840 nostri
1149 3782 1328 3840 conventus
1358 3776 1567 3841 consedentes
1595 3777 1702 3860 ipsum

301 3879 502 3963 privilegium
519 3879 658 3943 vidimus
674 3886 705 3943 et
720 3881 904 3943 invenimus
919 3900 985 3943 non
1000 3879 1220 3959 concedatum,
1243 3899 1307 3942 non
1326 3879 1489 3962 abolitura,
1512 3899 1578 3942 non
1594 3899 1700 3943 rasum

301 4002 360 4046 nec
383 3983 418 4044 in
440 3983 548 4064 aliqua
570 3983 620 4045 sui
641 3989 731 4066 parte
754 3983 910 4062 vitiatum,
942 3984 997 4047 sed
1020 3984 1181 4066 integrum
1203 3988 1236 4046 et
1256 3983 1450 4046 incolumem
1472 3984 1506 4046 in
1528 3983 1645 4064 charta
1667 3983 1702 4046 in

302 4107 374 4151 cera
403 4093 435 4150 et
464 4087 497 4149 in
528 4087 692 4169 scriptura
730 4087 821 4151 Unde
843 4087 936 4151 iustis
964 4086 1172 4170 petitionibus
1202 4086 1355 4170 praedicti
1383 4085 1574 4150 venerabilis
1603 4086 1703 4169 patris

301 4191 536 4254 consentientes
559 4209 618 4253 nec
641 4190 784 4254 volentes
807 4191 964 4273 denegare
988 4209 1162 4262 assensum,
1188 4191 1293 4273 ipsum
1316 4189 1518 4273 privilegium
1541 4189 1581 4253 de
1603 4188 1701 4253 verbo

234 4299 270 4353 30
304 4294 344 4357 ad
360 4294 493 4357 verbum
510 4295 694 4357 transscribi
709 4295 843 4358 fecimus
865 4299 898 4357 et
920 4294 1022 4377 sigillo
1047 4312 1111 4374 quo
1128 4312 1186 4355 nos
1209 4298 1241 4356 et
1263 4298 1442 4357 conventus
1457 4299 1566 4357 noster
1581 4292 1703 4355 utimur

302 4398 499 4462 communiri.
534 4396 651 4460 Datum
676 4399 754 4461 teria
776 4399 889 4480 quinta
913 4398 1061 4481 proxima
1078 4402 1151 4480 post
1172 4397 1443 4460 circumcisionem
1467 4395 1595 4477 domini,
1618 4414 1702 4458 anno

302 4501 445 4567 eiusdem
466 4501 523 4563 Ma
546 4499 645 4565 000⁰.
669 4501 849 4565 tredecimo.

960 4792 1053 4876 333.

380 4962 480 5030 1313
514 4959 597 5029 Mai
631 4961 695 5029 29.
740 4958 818 5029 Das
852 4957 1133 5049 Weisscabwrpcr
1167 4957 1312 5049 Kopitel
1346 4953 1492 5047 decarpt,
1528 4956 1610 5027 dces
1641 4954 1704 5027 dcr
1800 4956 1804 4961 ’

233 5094 268 5149 35
302 5080 592 5171 mebaaddrpisebc
618 5077 788 5151 Woiwodc
804 5077 995 5150 Ladislaus
1022 5078 1077 5151 dic
1095 5076 1324 5169 Besitraapco
1355 5077 1614 5169 Gcrqascddorf
1631 5076 1706 5147 aad

303 5199 528 5293 Riapctttrct
562 5202 611 5271 ira
639 5199 774 5272 Toaact
801 5201 872 5288 far
904 5198 1063 5272 Scirdaaa
1098 5222 1145 5272 aa
1171 5199 1302 5271 Daniel
1335 5199 1409 5272 aad
1435 5198 1605 5271 Nitotoao
1638 5221 1703 5270 von

302 5322 445 5413 Ketttap
472 5320 666 5412 atqdrctcn
692 5321 762 5394 bct.

460 5487 481 5552 ¹)
504 5484 638 5554 Vorlcper
655 5485 698 5539 vd.
733 5486 769 5539 vd
787 5484 919 5540 Kwkenes
935 5483 974 5539 ist
990 5483 1199 5555 mcbyetrapcn.

413 5599 604 5648 Urknndanbuch.
