4106 6294
905 611 1061 707 gro-

285 801 554 884 quemadmodum
583 801 669 884 ipsas
698 802 804 864 anima
833 821 899 864 non
929 801 1092 885 impetitus
1115 799 1219 864 tenuit
1241 804 1277 863 ut
1299 799 1394 863 etiam
1416 799 1614 882 praedictum
1635 805 1685 862 est

285 905 472 969 hereditarie
495 910 527 969 et
546 905 618 969 iure
639 910 794 988 perpetuo
818 904 981 969 reddimus
1003 904 1217 988 possidendas.
1243 903 1287 967 Ut
1308 924 1383 987 ergo
1407 903 1483 966 baec
1505 907 1574 964 rata
1588 909 1621 966 et
1634 903 1683 965 in-

286 1009 445 1073 violabilia
459 1014 674 1093 permaneant
689 1013 722 1071 et
736 1027 777 1072 ne
789 1008 904 1089 aliquis
919 1007 1054 1071 ulterius
1066 1007 1182 1071 audeat
1190 1007 1211 1083 ¹)
1227 1008 1457 1092 impetitionem
1471 1006 1610 1088 aliquam
1626 1026 1683 1090 pro

285 1113 404 1178 eisdem
427 1112 655 1176 hereditatibus
677 1116 790 1175 contra
811 1111 989 1194 praefatum
1009 1111 1156 1175 comitem
1171 1110 1348 1193 Danyelem
1363 1111 1467 1175 iacere
1482 1117 1538 1173 aut
1553 1111 1684 1175 dimem-

233 1226 250 1277 5
285 1216 461 1280 brationem
491 1216 631 1297 aliquam
659 1215 695 1277 in
722 1215 800 1299 ipsis
830 1217 1003 1297 requirere,
1034 1216 1141 1279 literas
1171 1215 1410 1298 privilegiorum
1433 1234 1565 1279 suorum
1589 1234 1686 1298 super

286 1320 404 1384 eisdem
434 1319 661 1383 hereditatibus
690 1318 751 1382 sibi
772 1319 932 1401 prioribus
954 1320 1046 1382 amris
1069 1318 1200 1381 traditas
1222 1338 1415 1382 renovamus
1438 1325 1470 1382 et
1491 1318 1563 1381 ideo
1586 1338 1684 1402 super

286 1423 335 1486 bis
358 1422 418 1486 sibi
440 1428 623 1506 praesentes
645 1422 840 1486 contulimus
861 1423 895 1484 in
919 1423 1136 1485 testimonium
1160 1423 1261 1486 nostri
1283 1423 1377 1506 sigilli
1396 1423 1572 1487 munimine
1591 1423 1684 1486 robo-

287 1532 379 1589 ratas.
419 1525 562 1693 palli}
572 1525 714 1607 Oybinii,
746 1508 802 1594 111⁸]
834 1525 914 1588 feria
946 1525 980 1587 in
1014 1527 1190 1609 septimana
1222 1526 1414 1597 Parasceve,
1447 1546 1531 1589 anno
1566 1527 1685 1590 domini

287 1630 343 1693 Mt
373 1629 457 1694 CCC.
563 1680 569 1693 .

941 1855 1036 1939 346.

363 2024 464 2093 1316
490 2020 627 2112 depost
661 2025 719 2092 19.
760 2021 877 2111 Kdnip
902 2021 998 2092 Karl
1030 2021 1173 2094 mrleiht
1207 2022 1269 2093 der
1305 2020 1407 2092 Stoa
1443 2019 1688 2111 Kbrarsmbmp

285 2143 522 2215 carchedone
547 2142 684 2215 Rechts.

444 2306 648 2375 Einpcscbaltet
671 2322 725 2360 oon
742 2304 1019 2374 KdnipKar11331
1043 2306 1102 2360 aad
1125 2305 1174 2359 mir
1198 2306 1287 2360 dieser
1310 2305 1439 2360 Urkandc
1462 2322 1515 2360 voh
1538 2305 1688 2359 demselbea

393 2395 469 2458 1336,
490 2391 566 2461 Orip.
585 2391 761 2446 Stadtarcbio
779 2391 985 2461 Ktausehbarp.
1010 2422 1044 2430 —
1062 2392 1118 2446 Die
1140 2392 1270 2447 Urhunde
1293 2408 1345 2445 von
1364 2395 1433 2446 1336
1453 2392 1490 2444 ist
1509 2392 1579 2445 auch
1598 2391 1686 2461 sinpe-

220 2480 253 2533 15
392 2477 504 2531 schaltet
529 2495 582 2532 oon
609 2479 676 2552 dem*
692 2478 965 2532 Kolorsmonostorer
988 2478 1115 2533 Konoent
1140 2482 1209 2533 1336
1233 2479 1291 2531 uad
1324 2494 1377 2532 oon
1401 2477 1497 2547 Kdnip
1520 2477 1640 2546 Ludwip
1661 2477 1687 2531 I.

393 2564 461 2616 1353
479 2561 538 2615 und
558 2565 635 2617 1365.
657 2561 750 2632 Oripp.
770 2561 947 2618 Stadturcbio
964 2564 1171 2634 Ktauecnburp.

444 2682 556 2738 Draca-
585 2683 794 2739 Vcrairascrchio
811 2683 856 2751 H,
878 2688 938 2739 328.
971 2684 1080 2740 Wemal
1104 2684 1169 2741 (lod.
1187 2686 1295 2754 Arpcd.
1319 2684 1406 2752 VIII,
1429 2689 1490 2740 266.
1520 2685 1614 2740 Jahrb
1635 2684 1687 2739 Ok-

391 2770 502 2825 aanor
520 2770 547 2838 I,
565 2775 608 2826 31.
632 2770 817 2824 Deasusianu
834 2771 1002 2826 Decrianum
1019 2776 1080 2827 641.

444 2929 584 2995 Karalus
606 2929 658 2993 dei
679 2930 782 3012 gratia
795 2929 988 3013 Hungariae‚
1010 2930 1199 3014 Dalmaciae,
1220 2930 1377 3011 Groaciae,
1400 2929 1526 3013 Romae,
1549 2929 1689 3013 Seruiae,

220 3040 256 3094 20
291 3032 449 3117 Galliciae,
472 3034 687 3114 Lodomeriae,
711 3033 880 3097 (lomaniae
902 3033 1137 3118 Bulgariaeque
1160 3054 1218 3098 rex
1241 3035 1389 3098 omnibus
1405 3033 1520 3098 Christi
1541 3032 1690 3097 fidelibus

291 3155 442 3220 praesens
464 3138 618 3222 scriptum
633 3138 824 3221 inspecturis
839 3137 975 3203 salutem
997 3141 1031 3201 in
1053 3158 1130 3203 vero
1147 3139 1286 3202 salutari.
1309 3137 1466 3214 Quoniam
1482 3157 1539 3201 rex
1554 3157 1690 3221 magnus

291 3260 388 3325 super
411 3261 486 3305 suas
508 3249 620 3326 gentes
643 3242 670 3305 is
686 3241 780 3324 digne
802 3241 862 3305 ieri
875 3247 989 3325 potest
1013 3243 1069 3324 qui
1084 3242 1289 3306 multitudine
1304 3240 1496 3325 populorum
1512 3241 1690 3324 gratuletur

290 3343 455 3427 gloriando
487 3351 524 3410 ut
554 3345 588 3408 in
618 3346 704 3429 pacis
735 3344 971 3428 pulchritudine
1001 3352 1034 3410 et
1057 3347 1173 3428 quietis
1195 3343 1425 3426 tranquillitate
1448 3344 1556 3408 sedeat
1578 3346 1690 3408 civitas

289 3445 384 3530 plena
412 3447 530 3531 populo
564 3454 597 3512 et
626 3449 693 3513 rita
725 3447 876 3532 opulenta
908 3448 1100 3532 perfruatur.
1144 3448 1228 3512 Hinc
1259 3454 1308 3512 est
1338 3447 1424 3530 quod
1455 3448 1609 3513 discretus
1640 3450 1691 3511 vir

221 3558 255 3612 25
290 3549 486 3615 Benedictus
515 3551 670 3636 plebanus
700 3552 740 3616 de
769 3552 943 3616 Kuluswar
972 3559 1004 3616 et
1033 3552 1206 3616 canonicus
1236 3551 1387 3615 Albensis
1417 3556 1449 3615 et
1477 3571 1584 3616 comes
1609 3552 1690 3616 Tarii

290 3656 388 3719 iudex
412 3656 450 3719 de
473 3657 583 3719 eadem
599 3654 773 3719 Kuluswar
788 3676 846 3720 suo
862 3662 894 3719 et
910 3657 1134 3720 universorum
1149 3656 1309 3739 hospitum
1325 3660 1508 3718 nostrorum
1525 3656 1563 3718 de
1580 3657 1690 3721 eadem

291 3758 420 3822 nomine
450 3759 491 3822 ad
521 3766 661 3822 nostram
692 3760 900 3844 praesentiam
935 3761 1120 3823 accedentes
1150 3759 1312 3823 humiliter
1345 3758 1437 3822 nobis
1471 3759 1692 3843 supplicarunt

290 3869 505 3947 proponentes
527 3864 561 3925 in
583 3863 669 3927 hunc
693 3864 831 3945 modum,
863 3863 949 3946 quod
972 3884 1045 3927 cum
1068 3862 1247 3947 Stephanus
1269 3862 1402 3926 illustris
1424 3882 1484 3926 rex
1506 3862 1690 3946 Hungariae

292 3967 453 4048 quondam
476 3973 589 4030 atavus
611 3973 643 4030 et
666 3969 848 4051 progenitor
870 3973 979 4032 noster
1002 3967 1103 4030 bonae
1125 3967 1296 4030 memoriae
1323 3965 1435 4030 volens
1458 3966 1533 4029 olim
1556 3967 1691 4031 fundare

223 4077 258 4131 30
294 4076 325 4134 et
347 4089 539 4153 congregare
562 4070 754 4153 praedictam
776 4071 935 4135 civitatem
958 4071 1126 4136 Kulusuar
1149 4070 1249 4134 multa
1270 4071 1489 4154 praerogativa
1509 4070 1691 4134 libertatum

290 4173 377 4258 ipsos
409 4174 589 4237 decorasset
617 4179 650 4237 et
678 4175 838 4258 praeditos
867 4175 994 4239 iecisset
1022 4175 1226 4259 postmodum
1260 4180 1411 4258 vergente
1445 4174 1593 4237 deorsum
1617 4195 1693 4238 con-

293 4277 413 4341 ditione
436 4283 538 4340 status
561 4277 674 4341 mundi
695 4296 753 4360 per
774 4278 921 4362 impacati
944 4279 1096 4363 temporis
1118 4279 1300 4341 discrimina
1318 4278 1414 4341 iidem
1430 4278 1569 4360 hospites
1592 4278 1692 4341 nostri

292 4401 312 4444 a
333 4382 386 4444 via
407 4381 590 4444 libertatum
621 4400 752 4444 suarum
782 4381 962 4445 deteriorati
994 4383 1190 4463 cecidissent,
1212 4387 1357 4465 petentes
1386 4401 1405 4444 a
1427 4381 1518 4444 nobis
1548 4401 1622 4444 cum
1643 4382 1693 4444 in-

293 4486 416 4566 stantia,
442 4490 476 4548 ut
499 4484 538 4547 ad
561 4485 727 4568 pristinam
749 4490 782 4548 et
803 4486 968 4567 antiquam
991 4485 1168 4549 libertatem
1195 4486 1338 4570 ipsorum
1360 4486 1447 4569 ipsos
1470 4485 1638 4549 restituere
1661 4491 1693 4548 et

223 4595 257 4648 35
292 4589 458 4651 restitutos
480 4589 514 4650 in
537 4588 646 4652 eadem
670 4608 859 4653 conservare
886 4590 1097 4673 dignaremur.
1134 4589 1229 4653 Unde
1253 4590 1328 4670 quia
1352 4589 1468 4652 auditis
1490 4588 1694 4672 supplicatio-

292 4691 388 4755 nibus
410 4697 443 4756 et
463 4692 671 4776 petitionibus
704 4693 847 4776 ipsorum
870 4696 1008 4759 occurrit
1031 4694 1123 4758 nobis
1145 4694 1346 4758 considerare
1372 4692 1452 4757 illud
1474 4694 1694 4757 authenticum

292 4796 367 4859 huic
388 4797 550 4880 proposito
566 4796 633 4860 iore
656 4815 833 4879 congruum
849 4801 945 4878 atque
961 4817 1148 4879 consonum,
1170 4816 1230 4861 rex
1245 4796 1395 4881 pacificus
1417 4797 1470 4880 pia
1491 4797 1694 4861 miseratione

293 4900 450 4984 disposuit
472 4900 533 4963 sibi
555 4900 699 4965 subditos
721 4900 790 4965 iore
805 4900 956 4984 pacificos
978 4906 1011 4964 et
1033 4902 1159 4983 quietos
1181 4906 1213 4965 et
1228 4920 1305 4965 suae
1321 4900 1535 4964 multitudinis
1549 4900 1694 4966 libertate

292 5004 456 5068 iridturos.
500 5004 568 5068 Nos
598 5005 707 5086 itaque
739 5005 841 5068 instar
869 5004 966 5068 buius
995 5024 1105 5087 gerere
1135 5005 1279 5069 volentes
1305 5005 1506 5069 attendentes
1527 5004 1695 5070 fidelitates

223 5114 260 5168 40
292 5108 526 5192 praedictorum
558 5107 718 5191 hospitum
748 5114 781 5171 et
802 5107 967 5171 Saxonum
998 5115 1180 5172 nostrorum
1203 5127 1283 5190 quas
1305 5108 1398 5172 nobis
1421 5109 1523 5172 multa
1543 5108 1694 5174 fidelitate

294 5232 427 5276 suorum
455 5211 601 5275 laborum
630 5231 695 5275 non
726 5211 829 5275 solum
860 5230 911 5274 res
942 5216 974 5274 et
1004 5211 1088 5275 bona
1117 5212 1259 5296 ipsorum
1289 5213 1386 5276 immo
1417 5213 1512 5276 etiam
1541 5232 1695 5296 personas

293 5315 438 5399 ipsorum
452 5315 592 5379 fortuitis
607 5315 733 5379 casibus
748 5314 844 5377 immo
857 5315 951 5377 certis
966 5315 1116 5398 periculis
1131 5317 1322 5399 exponendo
1337 5335 1414 5380 vero
1431 5316 1526 5380 etiam
1541 5316 1696 5400 plurimas

293 5426 412 5484 mortes
434 5425 467 5483 et
489 5419 602 5483 caedes
617 5418 782 5482 bominum
798 5419 1005 5502 perpatiendo
1028 5439 1171 5484 summae
1187 5419 1348 5485 fidelitatis
1369 5420 1488 5484 indicio
1510 5420 1695 5505 impendere

449 5558 470 5624 ¹)
492 5556 625 5626 Vortcpc:
642 5554 721 5609 aheni
738 5553 849 5609 ulterius
866 5555 942 5609 ausit
