4086 6300
904 624 1059 719 Lae-

440 809 621 894 Capitulum
652 811 803 876 ecclesiae
824 812 1067 877 Transsiluanae
1098 812 1246 876 omnibus
1268 812 1386 876 Christi
1414 811 1562 877 fidelibus
1590 831 1681 897 prae-

285 919 408 977 sentem
438 915 585 998 paginam
615 915 807 999 inspecturis
836 915 971 980 salutem
1001 916 1034 979 in
1057 916 1200 980 omnium
1223 916 1388 981 salvatore.
1425 916 1467 979 Ut
1488 922 1577 1000 gesta
1599 935 1681 998 quae

285 1016 319 1078 in
350 1023 493 1101 tempore
523 1017 607 1083 fiunt
635 1018 720 1083 inter
741 1024 847 1102 partes
869 1020 1022 1084 varietate
1045 1025 1224 1103 temporum
1247 1039 1312 1083 non
1334 1019 1484 1084 labantur
1505 1039 1563 1084 seu
1584 1020 1681 1083 vacil-

284 1119 361 1202 lent
393 1122 463 1205 ipsa
491 1128 581 1206 gesta
609 1123 649 1186 ad
678 1123 834 1187 cautelam
864 1124 1038 1207 patrocinio
1068 1123 1232 1188 literarum
1262 1131 1500 1188 consueverunt
1530 1123 1680 1187 roborari.

233 1233 250 1285 o
286 1222 425 1288 Proinde
448 1225 488 1288 ad
510 1226 734 1290 universorum
758 1227 902 1290 notitiam
926 1233 991 1291 tam
1012 1228 1226 1311 praesentium
1252 1247 1348 1309 quam
1371 1228 1553 1291 futurorum
1568 1228 1680 1291 harum

284 1326 365 1391 serie
387 1327 539 1392 volumus
562 1330 740 1413 pervenire,
764 1330 850 1412 quod
872 1331 1054 1395 constitutis
1077 1331 1286 1415 personaliter
1307 1350 1414 1394 coram
1436 1331 1529 1395 nobis
1551 1330 1682 1394 Andrea

283 1428 349 1492 filio
371 1429 473 1512 Elyae
496 1432 535 1495 de
551 1432 693 1515 Bakay1)
715 1433 754 1497 ab
777 1454 843 1497 una
864 1441 953 1518 parte
976 1441 1008 1499 et
1030 1435 1161 1498 Nicolao
1184 1455 1221 1498 ac
1236 1433 1400 1516 Myohaele
1422 1433 1496 1498 filiis
1519 1434 1681 1516 quondam

286 1535 411 1599 comitis
440 1534 582 1601 Danielis
613 1537 669 1600 filii
695 1537 790 1602 Cheel
821 1539 860 1602 de
890 1538 1020 1602 Kelnulr
1049 1558 1090 1602 ex
1120 1539 1220 1602 altera
1248 1539 1410 1622 praetatus
1431 1537 1578 1600 Andreas
1606 1555 1682 1599 con·

285 1637 390 1702 fessus
416 1644 465 1703 est
487 1640 615 1704 oraculo
639 1642 732 1706 vivae
755 1643 852 1723 vocis,
882 1642 968 1724 quod
992 1647 1108 1706 terram
1131 1661 1188 1706 seu
1210 1643 1443 1725 possessionem
1467 1660 1554 1703 nunc
1576 1640 1680 1721 Wyn-

218 1750 252 1803 10
286 1742 506 1824 garthkeerh²l
536 1751 681 1809 vocatam
711 1746 746 1807 in
768 1745 868 1809 Zekes
898 1746 1098 1827 existentem,
1130 1765 1225 1828 quam
1247 1744 1346 1826 Elyas
1374 1750 1466 1827 pater
1491 1763 1569 1806 suus
1591 1762 1681 1826 prae·

286 1846 469 1911 nominatus
491 1853 523 1911 et
544 1868 679 1932 magnus
701 1848 799 1931 Elyas
822 1870 902 1913 avus
925 1850 994 1913 eius
1016 1855 1048 1912 et
1063 1849 1133 1932 Wz‚
1156 1849 1269 1912 Zereth
1292 1853 1325 1911 et
1346 1847 1429 1911 Both
1451 1847 1507 1910 filii
1530 1848 1581 1912 sui
1605 1848 1680 1911 olim

284 1949 346 2033 ipsi
368 1951 476 2015 comiti
498 1951 623 2016 Danieli
647 1953 686 2017 de
701 1952 830 2017 Kelnulr
852 1954 933 2037 patri
955 1954 1098 2037 ipserum
1112 1952 1236 2018 Nicolai
1258 1958 1290 2016 et
1312 1952 1487 2034 Mychaelis
1508 1971 1566 2036 pro
1587 1952 1681 2034 quin·

287 2054 440 2137 quaginta
460 2057 574 2119 marcis
596 2055 654 2119 fini
676 2058 797 2140 argenti
821 2056 1040 2121 vendidissent
1062 2061 1094 2121 et
1116 2056 1320 2121 tradidissent
1340 2061 1494 2141 perpetuo
1516 2056 1680 2140 possiden-

286 2157 368 2240 dam,
398 2158 466 2242 ipse
488 2159 635 2224 Andreas
664 2166 761 2244 prout
786 2166 835 2225 est
857 2162 1022 2226 confessus
1046 2161 1148 2225 dictae
1169 2159 1345 2224 venditioni
1375 2160 1476 2244 ipsius
1498 2166 1600 2224 terrae
1623 2179 1680 2224 seu

218 2269 251 2321 15
287 2263 496 2345 possessionis
518 2263 826 2348 Wyngarthkeerh2)
857 2285 914 2348 per
934 2264 1050 2347 Elyam
1077 2270 1198 2348 patrem
1221 2284 1316 2328 suum
1339 2269 1372 2328 et
1393 2283 1544 2347 magnum
1566 2263 1680 2345 Elyam

286 2384 384 2429 avum
406 2366 476 2429 eius
499 2371 531 2429 et
545 2366 615 2449 Wz,
638 2367 752 2431 Zereth
775 2374 807 2432 et
821 2368 904 2432 Both
922 2367 1006 2432 filios
1021 2369 1165 2432 eiusdem
1180 2368 1358 2450 aotiqrritus
1374 2367 1475 2431 iactae
1489 2386 1681 2432 eonsensum

285 2468 452 2553 praeberet
475 2475 507 2533 et
529 2489 696 2534 assensum
719 2477 751 2535 et
773 2472 873 2556 ipsam
897 2478 1013 2535 terram
1037 2490 1095 2535 seu
1117 2472 1351 2555 possessionem
1373 2470 1681 2553 Wyngarthkeerhli

286 2591 359 2635 eum
394 2573 543 2637 omnibus
575 2574 766 2639 utilitatibus
799 2577 865 2640 suis
899 2596 936 2639 eo
967 2576 1071 2659 modo,
1101 2580 1197 2659 prout
1226 2575 1296 2658 ipsa
1325 2581 1410 2639 terra
1439 2593 1496 2638 seu
1523 2575 1680 2658 possessio

285 2675 592 2760 wyngarthkeerh³)
616 2698 673 2762 per
702 2698 796 2763 saepe
823 2679 905 2743 fatos
926 2679 1042 2761 Elyam
1071 2684 1192 2763 patrem
1215 2698 1309 2741 suum
1334 2685 1366 2743 et
1387 2678 1503 2760 Elyam
1531 2698 1682 2761 magnum

216 2784 251 2840 20
286 2800 381 2844 avum
411 2781 480 2845 eius
502 2789 535 2847 et
555 2782 638 2846 filios
661 2784 802 2847 eiusdem
826 2803 923 2867 supra
944 2783 1046 2846 dictos
1068 2782 1199 2846 vendita
1220 2787 1252 2846 et
1274 2781 1389 2845 tradita
1410 2783 1593 2864 exstitisset
1620 2783 1682 2866 ipsi

285 2885 392 2948 comiti
414 2883 539 2950 Danieli
563 2887 710 2969 dedisset
741 2888 923 2952 tradidisset
944 2893 976 2951 et
997 2886 1179 2969 reliquisset
1201 2892 1233 2949 et
1255 2905 1361 2949 coram
1384 2885 1476 2949 nobis
1499 2885 1594 2968 dedit
1618 2891 1681 2951 tra·

284 2988 364 3052 didit
386 2994 418 3053 et
438 2990 569 3072 reliquit
590 2991 708 3055 eisdem
730 2990 862 3056 Nicolao
886 2999 918 3055 et
935 2990 1093 3073 Mychaeli
1114 2988 1187 3053 filiis
1209 2990 1309 3073 ipsius
1339 2990 1464 3054 comitis
1484 2989 1626 3054 Danielis
1647 2991 1681 3052 in

284 3090 368 3157 filios
389 3092 528 3156 filiorum
551 3100 583 3157 et
606 3095 738 3159 heredes
761 3095 914 3159 heredum
937 3094 1112 3159 eorundem
1132 3094 1202 3157 iure
1217 3097 1370 3177 perpetuo
1386 3099 1419 3157 et
1434 3093 1682 3157 irrevocabiliter

285 3197 518 3281 possidendam,
548 3198 718 3262 tenendam
749 3197 878 3283 pacifice
904 3203 937 3263 et
959 3197 1143 3261 habendam.
1165 3196 1205 3260 In
1227 3197 1320 3261 cuius
1341 3196 1388 3260 rei
1410 3197 1627 3260 testimonium
1650 3203 1682 3261 et

216 3304 250 3359 25
286 3300 385 3364 robur
413 3307 603 3386 perpetuum
629 3302 669 3365 ad
691 3303 875 3367 instantiam
898 3308 930 3367 ot
951 3302 1137 3386 petitionem
1159 3301 1298 3384 partium
1320 3299 1553 3383 praedictarum
1574 3299 1682 3364 literas

284 3408 412 3468 nostras
438 3410 623 3490 praesentes
654 3406 869 3471 concessimus
897 3405 991 3489 sigilli
1019 3405 1121 3469 nostri
1150 3405 1327 3469 munimine
1357 3403 1529 3468 roboratas.
1563 3402 1682 3467 Datum

286 3507 365 3572 feria
379 3509 493 3591 quinta
507 3508 654 3592 proxima
668 3516 740 3593 pest
754 3510 872 3574 festum
888 3509 972 3573 beati
987 3508 1099 3572 Jacobi
1116 3507 1259 3591 opostoli‚
1275 3528 1359 3571 anno
1376 3507 1496 3571 domini
1517 3485 1559 3571 li.
1579 3485 1681 3572 (illd.

285 3612 440 3695 vigesimo
463 3632 558 3676 nono.
581 3613 712 3677 Nicolao
735 3613 923 3696 praeposito,
947 3611 1045 3676 Santo
1068 3618 1208 3693 cantore,
1230 3611 1349 3674 Thema
1370 3611 1503 3675 custode
1526 3618 1558 3675 et
1580 3610 1681 3675 Paulo

287 3717 507 3781 archidiacono
531 3717 571 3780 de
592 3716 739 3780 Karazna
761 3717 881 3781 decano
905 3715 1055 3779 ecclesiae
1078 3720 1206 3778 nostrae
1228 3713 1449 3787 existentibus.

936 4077 1030 4166 lte.

362 4266 467 4336 1329
492 4262 630 4356 Aspar
655 4266 720 4336 23.
764 4261 843 4336 Das
876 4263 1157 4353 Weisseabarper
1190 4260 1335 4353 Kopitel
1368 4259 1560 4353 dcplcubipt
1590 4260 1683 4333 seiae

293 4384 458 4458 Urltaadc
482 4388 678 4458 voa1304
705 4384 772 4456 Nr.
804 4388 879 4457 301
914 4385 1098 4475 bctrrffead
1123 4384 1189 4455 dea
1223 4382 1400 4473 Verebar
1424 4382 1589 4454 maten
1613 4380 1682 4454 Re·

285 4504 411 4578 noldus
446 4504 545 4577 filius
580 4504 754 4578 Johannis
790 4505 831 4578 de
856 4504 977 4577 Drlrud
1010 4506 1085 4577 aad
1115 4503 1304 4600 Gregorius
1339 4524 1451 4576 comes
1477 4502 1577 4575 filius
1604 4504 1683 4599 Apa

285 4627 360 4698 aad
389 4626 570 4699 Generosa.

216 4766 251 4820 35
367 4745 495 4820 Datum
529 4747 567 4819 in
599 4746 724 4844 vigilia
760 4746 852 4820 beati
877 4744 1110 4819 Bartholomei
1145 4743 1299 4841 apostoli,
1333 4765 1426 4816 anno
1461 4741 1592 4814 domini
1617 4742 1682 4816 ΜΟ.
1759 4802 1766 4809 .

287 4839 376 4941 COD.
402 4839 487 4941 XX
512 4890 611 4941 nono.

440 5031 645 5103 Respectans
660 5048 714 5087 oon
731 5032 792 5087 dem
814 5030 1038 5100 ermenoarae
1055 5028 1170 5098 Kopitel
1188 5032 1265 5097 1360,
1293 5028 1369 5099 Deip.
1387 5026 1490 5083 Arete
1507 5028 1556 5082 der
1575 5025 1684 5094 &afra

392 5119 482 5175 Teleta'
498 5138 534 5176 aa
551 5119 806 5189 Maroaodadrbcly.

442 5295 463 5361 Ι)
481 5298 565 5352 1379:
582 5292 681 5363 sorny.

215 5381 252 5437 40
441 5379 808 5450 oraresvyngaaman.

204 5452 208 5459 '
441 5468 464 5537 ¹)
485 5468 619 5538 verua:
635 5465 859 5535 vyngarurarh.
884 5468 968 5523 rave.-
985 5463 1209 5534 ammian
