4048 6284
956 600 1111 695 „242-

491 786 655 851 Honorius
678 789 846 871 episcopus
869 839 998 852 .....
1021 788 1136 852 dilecte
1164 786 1229 850 filio
1253 834 1261 850 .
1286 834 1294 850 .
1318 786 1424 850 abbati
1453 789 1637 852 monasterii
1660 788 1734 852 clu-

337 890 450 953 siensis
473 890 512 953 de
534 890 759 955 Uitrasilvanis
781 892 924 975 partibus
946 894 1082 956 salutem
1105 942 1134 955 ..
1158 942 1164 954 .
1188 941 1219 954 ..
1242 891 1330 955 Licet
1351 891 1443 954 sedes
1465 892 1637 974 apostolica
1659 913 1734 955 cen-

337 994 478 1057 sneverit
507 994 640 1058 devotos
669 994 752 1058 filios
782 996 896 1060 affectu
926 997 1078 1081 prosequi
1108 994 1244 1078 speciali,
1275 996 1314 1057 de
1345 995 1499 1077 singulari
1529 1002 1634 1060 tamen
1665 998 1735 1060 eius

337 1097 438 1179 gratia
460 1104 492 1160 et
513 1096 708 1180 benignitate
734 1101 884 1182 procedit,
915 1120 988 1164 cum
1018 1098 1170 1182 speciales
1199 1118 1351 1181 personas
1380 1099 1514 1162 adornat
1544 1099 1734 1182 dignitatum

310 1258 311 1261 ,
336 1200 490 1282 insigniis,
514 1219 596 1282 quae
618 1201 658 1264 ad
676 1204 826 1266 maiorem
842 1205 955 1267 demus
978 1204 1029 1267 dei
1044 1204 1189 1267 decorem
1213 1203 1362 1266 accedere
1378 1203 1617 1286 dignoscuntur.
1641 1204 1735 1268 Unde
1770 1211 1786 1262 5

338 1304 393 1385 qui
416 1304 491 1367 talia
511 1311 676 1369 merentur
697 1307 846 1389 recipere,
869 1325 994 1389 semper
1015 1307 1111 1369 huius
1133 1307 1252 1390 gratiae
1280 1326 1436 1371 memores
1459 1327 1529 1370 esse
1552 1308 1677 1387 debent,
1700 1313 1736 1371 ut

337 1407 438 1471 cultui
460 1408 598 1491 honoris,
630 1429 725 1492 quern
755 1410 917 1492 exhibent,
948 1411 1050 1474 bonae
1080 1411 1214 1474 actionis
1243 1411 1456 1493 respondeant
1487 1419 1681 1489 ornamenta,
1705 1419 1737 1476 et

336 1511 408 1594 plus
430 1531 563 1575 sucrum
585 1513 780 1591 meritorum,
804 1534 901 1597 quam
923 1515 1133 1597 insigniorum
1157 1522 1272 1577 ornatu
1294 1515 1480 1578 commissae
1503 1514 1562 1577 sibi
1585 1514 1736 1578 ecelesiae

337 1621 557 1679 venustentur.
588 1616 672 1681 Hinc
696 1624 745 1681 est
768 1618 854 1700 qued
877 1638 936 1681 nos
958 1618 1060 1683 multa
1082 1637 1212 1701 precum
1227 1619 1379 1681 instantia
1393 1619 1546 1681 carissimi
1561 1619 1596 1680 in
1611 1618 1735 1682 Christo

335 1718 393 1783 filii
421 1720 522 1783 nostri
551 1720 684 1785 illustris
714 1723 797 1805 regis
826 1722 1011 1804 Hungariae
1040 1742 1077 1785 ac
1112 1728 1185 1785 tuae
1219 1722 1399 1785 devotionis
1429 1722 1549 1785 intuitu
1582 1722 1734 1803 inclinati,
1772 1727 1805 1779 10

336 1842 491 1905 personae
521 1831 604 1905 tuac,
635 1826 747 1889 mitrae
778 1846 814 1888 ac
844 1826 955 1889 annuli
984 1846 1080 1890 usum
1110 1826 1150 1890 de
1173 1826 1300 1909 speciali
1323 1825 1424 1907 gratia
1446 1824 1600 1888 duximus
1622 1844 1735 1887 eonce-

338 1927 477 1992 dendum
489 1928 680 2009 affectantes,
697 1938 733 1992 ut
747 1949 821 1992 eum
836 1929 966 1993 honoris
981 1936 1152 2012 augmento
1165 1949 1250 2009 cura,
1266 1928 1488 1991 sollicitudinis
1504 1936 1577 1992 tuae
1593 1947 1735 1991 crescere

338 2030 460 2112 debeat,
483 2042 515 2095 et
537 2034 621 2096 sicut
642 2033 748 2097 cultus
771 2041 820 2097 est
841 2033 1024 2117 elegantior,
1040 2035 1085 2098 sic
1107 2042 1140 2098 et
1154 2033 1294 2097 melioris
1309 2033 1393 2095 ritae
1414 2033 1495 2095 actio
1512 2032 1735 2113 subsequatur.

336 2134 425 2199 Nulli
448 2155 523 2219 ergo
547 2184 675 2199 .....
698 2144 826 2202 nostrae
848 2139 1062 2203 concessionis
1085 2187 1184 2201 .....
1208 2136 1242 2202 Si
1265 2137 1337 2219 quis
1360 2140 1468 2199 autem
1491 2185 1592 2199 .....
1615 2133 1736 2199 Datum

337 2237 445 2319 Reate,
467 2238 538 2303 Vll.
561 2239 722 2306 Kalendas
745 2240 899 2324 Octobris,
922 2261 1006 2306 anno
1030 2241 1161 2306 decimo.
1773 2246 1805 2299 15

1008 2519 1070 2601 51.

416 2679 512 2751 Rieti
546 2683 651 2752 1225
690 2680 835 2753 Ottober
865 2684 932 2752 27.
974 2682 1082 2773 Papst
1108 2681 1285 2753 Honorias
1321 2681 1398 2752 III.
1436 2680 1595 2752 armabat
1620 2679 1738 2771 Kdnip

340 2799 498 2873 Andreas
517 2801 583 2889 II,
612 2803 678 2874 den
704 2803 886 2874 munchen
909 2802 1024 2875 Ordcn
1051 2805 1088 2874 in
1116 2804 1180 2873 dus
1200 2802 1424 2875 Burrenland
1448 2802 1736 2889 zurdctzurnfen.

494 2965 619 3035 Regitur
646 2966 854 3021 Vatitaaaclas
869 2967 979 3021 Arabio.
1006 2997 1041 3007 -
1058 2967 1144 3022 Dicae
1168 2967 1298 3022 Urtandc
1322 2967 1358 3019 iat
1382 2966 1453 3020 narb
1476 2965 1664 3034 eingescbaltet
1685 2981 1738 3018 non

441 3052 563 3120 Biadtot’
575 3053 689 3122 Philipp
708 3054 865 3108 Firmanus
883 3057 960 3120 1278,
981 3053 1057 3123 Orip.
1076 3053 1266 3108 Staatsarcbin
1284 3053 1466 3123 Kdnipaberp.
1773 3050 1808 3104 20

494 3174 606 3229 Dmtclt:
624 3175 712 3242 Fejdr
726 3174 816 3230 Codex
834 3175 897 3242 III,
914 3179 940 3241 2,
958 3178 1001 3229 58.
1026 3174 1148 3230 Scitulim
1159 3175 1262 3230 Archiv
1274 3175 1300 3240 I,
1318 3178 1378 3228 248.
1407 3173 1519 3228 Teucera
1537 3190 1564 3226 a.
1577 3171 1738 3226 Firnbaber

442 3259 515 3315 Stel.
538 3260 620 3316 Urlrb.
639 3262 665 3328 1,
682 3265 725 3316 37.
753 3261 870 3316 laam
887 3261 965 3316 Mon.
985 3262 1080 3332 Hune.
1099 3262 1126 3327 Ι,
1144 3265 1186 3317 64.
1210 3260 1394 3316 &maana
1411 3260 1579 3314 Documento
1596 3262 1639 3313 95.

495 3382 607 3453 napae
627 3382 749 3438 seam
770 3383 892 3438 rasurae
910 3386 969 3438 rra.
994 3383 1121 3437 rorare
1139 3382 1255 3453 meaa
1274 3382 1328 3436 nr.
1344 3386 1418 3437 7494.

493 3541 658 3606 Honorius
680 3543 848 3626 episeopus
870 3593 877 3605 .
901 3593 907 3605 .
1008 3542 1170 3605 carissimo
1194 3543 1227 3604 in
1251 3541 1375 3605 Christo
1397 3539 1462 3603 filio
1487 3587 1494 3602 .
1518 3541 1558 3618 .¹)
1580 3541 1647 3620 regi
1670 3539 1739 3603 Un-

338 3645 444 3727 gariae
467 3645 603 3709 salutem
626 3696 726 3709 .....
748 3646 815 3710 Iam
839 3647 1020 3709 meminisse
1042 3647 1099 3709 rix
1123 3665 1294 3728 possumus
1316 3646 1441 3707 numeri
1464 3644 1637 3723 literarum,
1658 3662 1739 3725 quas
1774 3648 1808 3700 25

338 3768 396 3831 pro
420 3748 542 3813 dilectis
564 3749 637 3814 filiis
659 3750 811 3815 iratribus
833 3751 947 3813 domus
970 3756 1097 3813 sannae
1120 3749 1239 3813 Mariae
1260 3748 1535 3823 Teotonienrum')
1558 3752 1632 3809 tuae
1654 3763 1739 3809 sere·

339 3851 430 3915 nitati
460 3853 630 3916 recolimus
660 3854 844 3935 destinasse,
875 3854 1087 3934 obsecrantes
1117 3859 1154 3916 ut
1182 3853 1228 3917 eis
1257 3851 1387 3936 pacifice
1417 3851 1592 3914 dimitteres
1623 3855 1739 3913 terram

339 3955 454 4035 Boze⁸)
484 3977 521 4020 ac
551 3957 637 4021 ultra
664 3964 789 4022 montes
818 3958 951 4039 nivium,
982 3977 1078 4040 quarn
1109 3958 1155 4020 eis
1177 3956 1264 4039 regia
1286 3955 1474 4019 liberalitate
1500 3954 1634 4033 donasti,
1657 3953 1740 4015 sieut

339 4059 505 4144 privilegia
538 4069 594 4126 tua
627 4062 719 4125 nobis
749 4062 892 4125 exhibita
920 4068 954 4125 et
982 4081 1001 4124 a
1030 4060 1122 4124 nobis
1149 4060 1190 4123 ad
1221 4064 1306 4123 tuam
1337 4058 1521 4123 instantiam
1554 4055 1741 4120 confirmata

339 4164 505 4229 manifeste
528 4165 697 4230 declarant
720 4166 762 4229 Et
783 4185 856 4230 ecce
880 4166 1024 4229 dolentes
1045 4165 1236 4243 audivimus,
1260 4162 1346 4245 qnod
1370 4168 1404 4224 tu
1428 4180 1494 4223 non
1517 4158 1620 4222 solum
1643 4157 1739 4221 desti·
1775 4165 1809 4219 30

340 4268 406 4331 tisti
437 4288 492 4333 eos
515 4289 611 4353 super
634 4277 719 4333 terra
739 4270 908 4334 molestare
931 4269 1100 4353 praedicta,
1131 4287 1227 4350 quam
1257 4286 1323 4329 non
1353 4266 1421 4328 sine
1455 4263 1555 4326 multo
1578 4281 1685 4325 rerum
1709 4269 1741 4324 et

339 4391 548 4455 personarum
570 4373 736 4457 dispendio
765 4373 954 4457 eripuerunt
974 4392 1032 4457 pro
1055 4392 1169 4455 magna
1191 4378 1281 4455 parte
1304 4370 1343 4432 dc
1365 4367 1512 4431 manibus
1534 4384 1740 4449 paganorum,

339 4495 453 4540 verum
475 4477 571 4540 etiarn
592 4478 679 4561 ipsos
702 4478 741 4541 de
764 4496 862 4560 regno
886 4483 942 4541 tuo
965 4496 1030 4540 non
1053 4477 1122 4539 sine
1145 4475 1233 4558 gravi
1257 4471 1448 4558 apostolicae
1471 4471 1555 4533 sedis
1576 4468 1694 4531 iniuria
1709 4476 1741 4532 et

340 4579 460 4644 offensa
482 4581 599 4663 divina,
630 4588 770 4663 tuaeque
800 4581 902 4645 faniae
933 4601 970 4644 ac
1001 4579 1113 4644 salutis
1137 4576 1279 4661 periculo
1303 4576 1431 4639 eiecisti.
1470 4574 1562 4638 Certe
1592 4573 1679 4656 piget
1709 4578 1742 4636 et

266 4688 269 4692 ’
339 4684 447 4766 pudet,
478 4684 572 4747 toties
596 4683 652 4747 tibi
682 4703 813 4767 precum
844 4690 1026 4748 nostrarum
1056 4683 1218 4767 porrigere
1241 4680 1456 4745 blandimenta
1488 4679 1646 4758 totiesque
1677 4676 1741 4739 tuis
1776 4684 1809 4736 35

340 4787 472 4850 auribus
500 4787 661 4852 incrdcare
693 4788 818 4871 piorum
849 4788 996 4871 praemia,
1027 4792 1059 4849 et
1090 4785 1244 4868 supplicia
1276 4784 1455 4868 impiorum,
1489 4802 1563 4845 curn
1594 4800 1652 4844 neo
1685 4798 1741 4862 spe

340 4891 553 4973 praemiorum
583 4891 709 4956 illectus
738 4911 798 4956 nec
829 4890 1057 4975 suppliciorum
1088 4895 1175 4953 metu
1210 4889 1381 4952 deterritus
1410 4887 1528 4949 nostris
1562 4883 1742 4949 salubribus

341 4996 470 5059 monitis
492 5002 525 5059 et
547 4995 696 5080 precibus
718 4997 910 5078 acquiescas,
943 4993 1139 5077 quinimmo
1162 4992 1374 5074 persequaris,
1405 4990 1495 5072 quasi
1526 4989 1599 5053 odio
1629 4990 1742 5052 inexo-

339 5098 465 5182 rabili,⁴)
489 5100 602 5163 iratres
623 5100 719 5184 ipsos,
736 5118 816 5163 ⁴non
847 5105 912 5161 tam
941 5103 1067 5160 nostras
1089 5095 1281 5159 monitiones
1304 5100 1335 5158 et
1357 5113 1476 5179 preces,
1508 5112 1604 5175 quarn
1626 5092 1743 5156 tamam

497 5257 517 5321 ¹)
535 5253 665 5308 Andreas
683 5252 728 5306 II.
1775 5242 1811 5299 40

495 5344 518 5410 ¹)
536 5344 619 5395 1278:
636 5339 864 5394 Theutouioornm.
1088 5330 1091 5336 ’
1271 5339 1277 5349 ’
1548 5342 1550 5347 “

495 5430 518 5495 ⁸)
536 5430 621 5482 rara:
639 5425 732 5481 Bone.

496 5516 518 5583 ⁴)
537 5517 621 5570 1273.-
637 5509 815 5568 iuexeorabili
