<?xml version="1.0" encoding="UTF-8"?>
<!DOCTYPE html PUBLIC "-//W3C//DTD XHTML 1.0 Transitional//EN"
    "http://www.w3.org/TR/xhtml1/DTD/xhtml1-transitional.dtd">
<html xmlns="http://www.w3.org/1999/xhtml" xml:lang="en" lang="en">
 <head>
  <title>
</title>
<meta http-equiv="Content-Type" content="text/html;charset=utf-8" />
  <meta name='ocr-system' content='tesseract 3.04.00' />
  <meta name='ocr-capabilities' content='ocr_page ocr_carea ocr_par ocr_line ocrx_word'/>
</head>
<body>
  <div class='ocr_page' id='page_1' title='image "./urkundenbuchzur00mlgoog_0315.png"; bbox 0 0 4106 6294; ppageno 0'>
   <div class='ocr_carea' id='block_1_1' title="bbox 991 617 1146 713">
    <p class='ocr_par' dir='ltr' id='par_1_1' title="bbox 991 617 1146 713">
     <span class='ocr_line' id='line_1_1' title="bbox 991 617 1146 713; baseline -0.013 -32"><span class='ocrx_word' id='word_1_1' title='bbox 991 617 1146 713; x_wconf 61' lang='lat'>-2-60—</span> 
     </span>
    </p>
   </div>
   <div class='ocr_carea' id='block_1_2' title="bbox 366 806 1843 5353">
    <p class='ocr_par' dir='ltr' id='par_1_2' title="bbox 368 806 1771 892">
     <span class='ocr_line' id='line_1_2' title="bbox 368 806 1771 892; baseline -0.002 -18"><span class='ocrx_word' id='word_1_2' title='bbox 368 815 438 875; x_wconf 91' lang='lat' dir='ltr'>octo</span> <span class='ocrx_word' id='word_1_3' title='bbox 454 809 522 874; x_wconf 91' lang='lat' dir='ltr'>dies</span> <span class='ocrx_word' id='word_1_4' title='bbox 537 808 591 873; x_wconf 84' lang='lat' dir='ltr'>vel</span> <span class='ocrx_word' id='word_1_5' title='bbox 607 808 690 872; x_wconf 90' lang='lat' dir='ltr'>circa</span> <span class='ocrx_word' id='word_1_6' title='bbox 704 807 794 873; x_wconf 81' lang='lat' dir='ltr'>venit</span> <span class='ocrx_word' id='word_1_7' title='bbox 808 807 848 872; x_wconf 86' lang='lat' dir='ltr'>ad</span> <span class='ocrx_word' id='word_1_8' title='bbox 863 808 969 892; x_wconf 90' lang='lat' dir='ltr'>ipsum</span> <span class='ocrx_word' id='word_1_9' title='bbox 985 807 1149 871; x_wconf 92' lang='lat' dir='ltr'>dominum</span> <span class='ocrx_word' id='word_1_10' title='bbox 1165 808 1349 892; x_wconf 90' lang='lat' dir='ltr'>episcopum</span> <span class='ocrx_word' id='word_1_11' title='bbox 1366 809 1504 891; x_wconf 75' lang='lat' dir='ltr'>quidam,</span> <span class='ocrx_word' id='word_1_12' title='bbox 1529 810 1586 891; x_wconf 87' lang='lat' dir='ltr'>qui</span> <span class='ocrx_word' id='word_1_13' title='bbox 1608 806 1771 873; x_wconf 76' lang='lat' dir='ltr'><strong>asserebat</strong></span> 
     </span>
    </p>

    <p class='ocr_par' dir='ltr' id='par_1_3' title="bbox 366 911 1821 1517">
     <span class='ocr_line' id='line_1_3' title="bbox 367 911 1770 996; baseline -0.003 -17"><span class='ocrx_word' id='word_1_14' title='bbox 367 933 402 979; x_wconf 92' lang='lat' dir='ltr'>se</span> <span class='ocrx_word' id='word_1_15' title='bbox 424 914 579 978; x_wconf 91' lang='lat' dir='ltr'>nuncium</span> <span class='ocrx_word' id='word_1_16' title='bbox 602 913 677 977; x_wconf 90' lang='lat' dir='ltr'>dicti</span> <span class='ocrx_word' id='word_1_17' title='bbox 701 912 821 976; x_wconf 87' lang='lat' dir='ltr'>domini</span> <span class='ocrx_word' id='word_1_18' title='bbox 843 913 998 976; x_wconf 79' lang='lat' dir='ltr'>vaivodae</span> <span class='ocrx_word' id='word_1_19' title='bbox 1020 918 1053 976; x_wconf 91' lang='lat' dir='ltr'>et</span> <span class='ocrx_word' id='word_1_20' title='bbox 1081 911 1163 975; x_wconf 76' lang='lat' dir='ltr'>velle</span> <span class='ocrx_word' id='word_1_21' title='bbox 1186 911 1380 995; x_wconf 81' lang='lat' dir='ltr'>proclamare</span> <span class='ocrx_word' id='word_1_22' title='bbox 1403 913 1530 996; x_wconf 88' lang='lat' dir='ltr'>publice</span> <span class='ocrx_word' id='word_1_23' title='bbox 1552 914 1586 976; x_wconf 93' lang='lat' dir='ltr'>in</span> <span class='ocrx_word' id='word_1_24' title='bbox 1608 913 1770 976; x_wconf 83' lang='lat' dir='ltr'>Varadino</span> 
     </span>
     <span class='ocr_line' id='line_1_4' title="bbox 366 1016 1771 1101; baseline -0.001 -20"><span class='ocrx_word' id='word_1_25' title='bbox 366 1037 424 1101; x_wconf 93' lang='lat' dir='ltr'>pro</span> <span class='ocrx_word' id='word_1_26' title='bbox 447 1023 537 1101; x_wconf 87' lang='lat' dir='ltr'>parte</span> <span class='ocrx_word' id='word_1_27' title='bbox 560 1017 635 1081; x_wconf 88' lang='lat' dir='ltr'>dicti</span> <span class='ocrx_word' id='word_1_28' title='bbox 658 1016 777 1080; x_wconf 91' lang='lat' dir='ltr'>domini</span> <span class='ocrx_word' id='word_1_29' title='bbox 801 1016 964 1097; x_wconf 77' lang='lat' dir='ltr'>vairodae,</span> <span class='ocrx_word' id='word_1_30' title='bbox 995 1016 1082 1098; x_wconf 89' lang='lat' dir='ltr'>qnod</span> <span class='ocrx_word' id='word_1_31' title='bbox 1109 1035 1219 1079; x_wconf 90' lang='lat' dir='ltr'>omnes</span> <span class='ocrx_word' id='word_1_32' title='bbox 1248 1023 1379 1100; x_wconf 79' lang='lat' dir='ltr'>possent</span> <span class='ocrx_word' id='word_1_33' title='bbox 1405 1017 1503 1080; x_wconf 90' lang='lat' dir='ltr'>libere</span> <span class='ocrx_word' id='word_1_34' title='bbox 1525 1023 1558 1081; x_wconf 93' lang='lat' dir='ltr'>et</span> <span class='ocrx_word' id='word_1_35' title='bbox 1579 1022 1648 1080; x_wconf 91' lang='lat' dir='ltr'>tute</span> <span class='ocrx_word' id='word_1_36' title='bbox 1669 1017 1716 1080; x_wconf 92' lang='lat' dir='ltr'>ire</span> <span class='ocrx_word' id='word_1_37' title='bbox 1739 1022 1771 1079; x_wconf 90' lang='lat' dir='ltr'>et</span> 
     </span>
     <span class='ocr_line' id='line_1_5' title="bbox 367 1120 1770 1205; baseline -0.002 -21"><span class='ocrx_word' id='word_1_38' title='bbox 367 1122 501 1186; x_wconf 89' lang='lat' dir='ltr'>mercari</span> <span class='ocrx_word' id='word_1_39' title='bbox 530 1141 588 1205; x_wconf 93' lang='lat' dir='ltr'>per</span> <span class='ocrx_word' id='word_1_40' title='bbox 615 1126 732 1185; x_wconf 86' lang='lat' dir='ltr'>terram</span> <span class='ocrx_word' id='word_1_41' title='bbox 762 1126 795 1184; x_wconf 90' lang='lat' dir='ltr'>et</span> <span class='ocrx_word' id='word_1_42' title='bbox 817 1120 996 1184; x_wconf 85' lang='lat' dir='ltr'>districtum</span> <span class='ocrx_word' id='word_1_43' title='bbox 1019 1139 1123 1202; x_wconf 79' lang='lat' dir='ltr'>suum⁷</span> <span class='ocrx_word' id='word_1_44' title='bbox 1152 1127 1265 1203; x_wconf 88' lang='lat' dir='ltr'>petens</span> <span class='ocrx_word' id='word_1_45' title='bbox 1294 1120 1333 1182; x_wconf 88' lang='lat' dir='ltr'>ab</span> <span class='ocrx_word' id='word_1_46' title='bbox 1364 1122 1433 1204; x_wconf 94' lang='lat' dir='ltr'>ipso</span> <span class='ocrx_word' id='word_1_47' title='bbox 1464 1121 1592 1184; x_wconf 92' lang='lat' dir='ltr'>domino</span> <span class='ocrx_word' id='word_1_48' title='bbox 1622 1120 1770 1203; x_wconf 90' lang='lat' dir='ltr'>episcopo</span> 
     </span>
     <span class='ocr_line' id='line_1_6' title="bbox 366 1223 1821 1309; baseline -0.003 -22"><span class='ocrx_word' id='word_1_49' title='bbox 366 1224 527 1289; x_wconf 89' lang='lat' dir='ltr'>licentiam</span> <span class='ocrx_word' id='word_1_50' title='bbox 548 1224 828 1309; x_wconf 76' lang='lat' dir='ltr'>proclamationem</span> <span class='ocrx_word' id='word_1_51' title='bbox 843 1223 1027 1287; x_wconf 91' lang='lat' dir='ltr'>huiusmodi</span> <span class='ocrx_word' id='word_1_52' title='bbox 1050 1223 1194 1305; x_wconf 77' lang='lat' dir='ltr'>faciendi,</span> <span class='ocrx_word' id='word_1_53' title='bbox 1218 1243 1313 1305; x_wconf 87' lang='lat' dir='ltr'>quarn</span> <span class='ocrx_word' id='word_1_54' title='bbox 1336 1223 1496 1287; x_wconf 77' lang='lat' dir='ltr'>licentiam</span> <span class='ocrx_word' id='word_1_55' title='bbox 1512 1225 1680 1307; x_wconf 88' lang='lat' dir='ltr'>episcopus</span> <span class='ocrx_word' id='word_1_56' title='bbox 1702 1224 1769 1306; x_wconf 91' lang='lat' dir='ltr'>ipse</span> <span class='ocrx_word' id='word_1_57' title='bbox 1805 1231 1821 1281; x_wconf 84' lang='lat'>5</span> 
     </span>
     <span class='ocr_line' id='line_1_7' title="bbox 367 1326 1771 1410; baseline -0.001 -20"><span class='ocrx_word' id='word_1_58' title='bbox 367 1330 531 1393; x_wconf 87' lang='lat' dir='ltr'>concessit.</span> <span class='ocrx_word' id='word_1_59' title='bbox 554 1329 635 1394; x_wconf 82' lang='lat' dir='ltr'>Item</span> <span class='ocrx_word' id='word_1_60' title='bbox 658 1328 750 1409; x_wconf 80' lang='lat' dir='ltr'>dixit,</span> <span class='ocrx_word' id='word_1_61' title='bbox 773 1328 860 1410; x_wconf 91' lang='lat' dir='ltr'>quod</span> <span class='ocrx_word' id='word_1_62' title='bbox 882 1328 967 1391; x_wconf 90' lang='lat' dir='ltr'>circa</span> <span class='ocrx_word' id='word_1_63' title='bbox 988 1327 1115 1390; x_wconf 88' lang='lat' dir='ltr'>initium</span> <span class='ocrx_word' id='word_1_64' title='bbox 1139 1327 1408 1408; x_wconf 80' lang='lat' dir='ltr'>quadragesimae,</span> <span class='ocrx_word' id='word_1_65' title='bbox 1431 1327 1509 1389; x_wconf 91' lang='lat' dir='ltr'>dum</span> <span class='ocrx_word' id='word_1_66' title='bbox 1531 1328 1599 1409; x_wconf 89' lang='lat' dir='ltr'>ipsc</span> <span class='ocrx_word' id='word_1_67' title='bbox 1622 1326 1771 1389; x_wconf 89' lang='lat' dir='ltr'>dominus</span> 
     </span>
     <span class='ocr_line' id='line_1_8' title="bbox 370 1431 1772 1517; baseline -0.003 -20"><span class='ocrx_word' id='word_1_68' title='bbox 370 1433 539 1517; x_wconf 87' lang='lat' dir='ltr'>episcopus</span> <span class='ocrx_word' id='word_1_69' title='bbox 553 1433 615 1497; x_wconf 89' lang='lat' dir='ltr'>iret</span> <span class='ocrx_word' id='word_1_70' title='bbox 637 1432 847 1516; x_wconf 80' lang='lat' dir='ltr'>personaliter</span> <span class='ocrx_word' id='word_1_71' title='bbox 869 1431 909 1493; x_wconf 89' lang='lat' dir='ltr'>ad</span> <span class='ocrx_word' id='word_1_72' title='bbox 932 1431 1054 1495; x_wconf 89' lang='lat' dir='ltr'>dictum</span> <span class='ocrx_word' id='word_1_73' title='bbox 1077 1431 1240 1494; x_wconf 90' lang='lat' dir='ltr'>dominum</span> <span class='ocrx_word' id='word_1_74' title='bbox 1264 1431 1431 1493; x_wconf 79' lang='lat' dir='ltr'>vaivodam</span> <span class='ocrx_word' id='word_1_75' title='bbox 1455 1450 1511 1513; x_wconf 90' lang='lat' dir='ltr'>pro</span> <span class='ocrx_word' id='word_1_76' title='bbox 1527 1432 1622 1494; x_wconf 88' lang='lat' dir='ltr'>certis</span> <span class='ocrx_word' id='word_1_77' title='bbox 1638 1431 1772 1513; x_wconf 88' lang='lat' dir='ltr'>negotiis</span> 
     </span>
    </p>

    <p class='ocr_par' dir='ltr' id='par_1_4' title="bbox 368 1534 1841 2535">
     <span class='ocr_line' id='line_1_9' title="bbox 371 1534 1771 1620; baseline -0.004 -19"><span class='ocrx_word' id='word_1_78' title='bbox 371 1536 401 1601; x_wconf 89' lang='lat' dir='ltr'>ei</span> <span class='ocrx_word' id='word_1_79' title='bbox 424 1538 601 1601; x_wconf 84' lang='lat' dir='ltr'>commissis</span> <span class='ocrx_word' id='word_1_80' title='bbox 622 1556 681 1620; x_wconf 92' lang='lat' dir='ltr'>per</span> <span class='ocrx_word' id='word_1_81' title='bbox 702 1536 867 1603; x_wconf 90' lang='lat' dir='ltr'>dominum</span> <span class='ocrx_word' id='word_1_82' title='bbox 890 1535 1029 1619; x_wconf 88' lang='lat' dir='ltr'>legatum</span> <span class='ocrx_word' id='word_1_83' title='bbox 1059 1539 1091 1598; x_wconf 89' lang='lat' dir='ltr'>et</span> <span class='ocrx_word' id='word_1_84' title='bbox 1121 1535 1307 1616; x_wconf 87' lang='lat' dir='ltr'>loqueretur</span> <span class='ocrx_word' id='word_1_85' title='bbox 1335 1554 1409 1597; x_wconf 89' lang='lat' dir='ltr'>cum</span> <span class='ocrx_word' id='word_1_86' title='bbox 1439 1554 1476 1598; x_wconf 91' lang='lat' dir='ltr'>eo</span> <span class='ocrx_word' id='word_1_87' title='bbox 1503 1554 1539 1597; x_wconf 92' lang='lat' dir='ltr'>ac</span> <span class='ocrx_word' id='word_1_88' title='bbox 1562 1535 1681 1598; x_wconf 81' lang='lat' dir='ltr'>dineret</span> <span class='ocrx_word' id='word_1_89' title='bbox 1703 1534 1771 1609; x_wconf 81' lang='lat' dir='ltr'>sibi,</span> 
     </span>
     <span class='ocr_line' id='line_1_10' title="bbox 371 1637 1771 1723; baseline -0.004 -19"><span class='ocrx_word' id='word_1_90' title='bbox 371 1659 470 1722; x_wconf 89' lang='lat' dir='ltr'>quare</span> <span class='ocrx_word' id='word_1_91' title='bbox 492 1660 557 1705; x_wconf 89' lang='lat' dir='ltr'>non</span> <span class='ocrx_word' id='word_1_92' title='bbox 581 1640 726 1704; x_wconf 90' lang='lat' dir='ltr'>mittebat</span> <span class='ocrx_word' id='word_1_93' title='bbox 755 1639 923 1723; x_wconf 89' lang='lat' dir='ltr'>pecuniam</span> <span class='ocrx_word' id='word_1_94' title='bbox 947 1639 1086 1703; x_wconf 86' lang='lat' dir='ltr'>debitam</span> <span class='ocrx_word' id='word_1_95' title='bbox 1108 1639 1236 1701; x_wconf 91' lang='lat' dir='ltr'>domino</span> <span class='ocrx_word' id='word_1_96' title='bbox 1260 1638 1373 1719; x_wconf 80' lang='lat' dir='ltr'>legato.</span> <span class='ocrx_word' id='word_1_97' title='bbox 1406 1637 1510 1701; x_wconf 87' lang='lat' dir='ltr'>dictus</span> <span class='ocrx_word' id='word_1_98' title='bbox 1533 1638 1682 1701; x_wconf 89' lang='lat' dir='ltr'>dominns</span> <span class='ocrx_word' id='word_1_99' title='bbox 1704 1637 1771 1700; x_wconf 82' lang='lat' dir='ltr'>vai-</span> 
     </span>
     <span class='ocr_line' id='line_1_11' title="bbox 369 1742 1841 1827; baseline -0.005 -19"><span class='ocrx_word' id='word_1_100' title='bbox 369 1745 453 1808; x_wconf 87' lang='lat' dir='ltr'>voda</span> <span class='ocrx_word' id='word_1_101' title='bbox 482 1744 566 1808; x_wconf 91' lang='lat' dir='ltr'>inter</span> <span class='ocrx_word' id='word_1_102' title='bbox 588 1744 650 1807; x_wconf 85' lang='lat' dir='ltr'>alia</span> <span class='ocrx_word' id='word_1_103' title='bbox 672 1743 732 1807; x_wconf 87' lang='lat' dir='ltr'>sibi</span> <span class='ocrx_word' id='word_1_104' title='bbox 754 1743 920 1827; x_wconf 88' lang='lat' dir='ltr'>respondit</span> <span class='ocrx_word' id='word_1_105' title='bbox 942 1748 974 1806; x_wconf 92' lang='lat' dir='ltr'>et</span> <span class='ocrx_word' id='word_1_106' title='bbox 996 1743 1086 1825; x_wconf 79' lang='lat' dir='ltr'>dixit,</span> <span class='ocrx_word' id='word_1_107' title='bbox 1117 1743 1203 1824; x_wconf 91' lang='lat' dir='ltr'>quod</span> <span class='ocrx_word' id='word_1_108' title='bbox 1226 1742 1362 1825; x_wconf 86' lang='lat' dir='ltr'>pecunia</span> <span class='ocrx_word' id='word_1_109' title='bbox 1391 1748 1501 1826; x_wconf 89' lang='lat' dir='ltr'>parata</span> <span class='ocrx_word' id='word_1_110' title='bbox 1522 1748 1590 1804; x_wconf 86' lang='lat' dir='ltr'>erat</span> <span class='ocrx_word' id='word_1_111' title='bbox 1612 1748 1644 1805; x_wconf 92' lang='lat' dir='ltr'>et</span> <span class='ocrx_word' id='word_1_112' title='bbox 1665 1742 1770 1804; x_wconf 91' lang='lat' dir='ltr'>inten·</span> <span class='ocrx_word' id='word_1_113' title='bbox 1807 1748 1841 1801; x_wconf 91' lang='lat'>10</span> 
     </span>
     <span class='ocr_line' id='line_1_12' title="bbox 369 1845 1771 1930; baseline -0.003 -19"><span class='ocrx_word' id='word_1_114' title='bbox 369 1848 464 1911; x_wconf 88' lang='lat' dir='ltr'>debat</span> <span class='ocrx_word' id='word_1_115' title='bbox 485 1848 611 1911; x_wconf 89' lang='lat' dir='ltr'>mittere</span> <span class='ocrx_word' id='word_1_116' title='bbox 634 1867 703 1911; x_wconf 91' lang='lat' dir='ltr'>eam</span> <span class='ocrx_word' id='word_1_117' title='bbox 726 1848 789 1911; x_wconf 92' lang='lat' dir='ltr'>cito</span> <span class='ocrx_word' id='word_1_118' title='bbox 813 1854 845 1911; x_wconf 87' lang='lat' dir='ltr'>et</span> <span class='ocrx_word' id='word_1_119' title='bbox 867 1847 996 1927; x_wconf 76' lang='lat' dir='ltr'>addidit,</span> <span class='ocrx_word' id='word_1_120' title='bbox 1027 1846 1114 1928; x_wconf 93' lang='lat' dir='ltr'>quod</span> <span class='ocrx_word' id='word_1_121' title='bbox 1136 1847 1176 1909; x_wconf 90' lang='lat' dir='ltr'>ad</span> <span class='ocrx_word' id='word_1_122' title='bbox 1198 1846 1384 1930; x_wconf 87' lang='lat' dir='ltr'>petitionem</span> <span class='ocrx_word' id='word_1_123' title='bbox 1406 1845 1609 1925; x_wconf 67' lang='lat' dir='ltr'>decanorum,</span> <span class='ocrx_word' id='word_1_124' title='bbox 1638 1864 1771 1929; x_wconf 87' lang='lat' dir='ltr'>praepo·</span> 
     </span>
     <span class='ocr_line' id='line_1_13' title="bbox 370 1949 1771 2035; baseline -0.003 -19"><span class='ocrx_word' id='word_1_125' title='bbox 370 1952 504 2016; x_wconf 79' lang='lat' dir='ltr'>sitonun</span> <span class='ocrx_word' id='word_1_126' title='bbox 520 1958 553 2016; x_wconf 88' lang='lat' dir='ltr'>ct</span> <span class='ocrx_word' id='word_1_127' title='bbox 567 1951 776 2035; x_wconf 89' lang='lat' dir='ltr'>plebanorum</span> <span class='ocrx_word' id='word_1_128' title='bbox 789 1951 828 2015; x_wconf 92' lang='lat' dir='ltr'>de</span> <span class='ocrx_word' id='word_1_129' title='bbox 843 1950 986 2035; x_wconf 88' lang='lat' dir='ltr'>partibus</span> <span class='ocrx_word' id='word_1_130' title='bbox 1000 1950 1233 2014; x_wconf 81' lang='lat' dir='ltr'>Transsiluanis</span> <span class='ocrx_word' id='word_1_131' title='bbox 1248 1951 1315 2033; x_wconf 89' lang='lat' dir='ltr'>ipse</span> <span class='ocrx_word' id='word_1_132' title='bbox 1331 1954 1530 2012; x_wconf 81' lang='lat' dir='ltr'>concesserat</span> <span class='ocrx_word' id='word_1_133' title='bbox 1544 1949 1606 2011; x_wconf 91' lang='lat' dir='ltr'>illis</span> <span class='ocrx_word' id='word_1_134' title='bbox 1617 1949 1637 2026; x_wconf 84' lang='lat'>¹)</span> <span class='ocrx_word' id='word_1_135' title='bbox 1652 1950 1771 2012; x_wconf 89' lang='lat' dir='ltr'>securi-</span> 
     </span>
     <span class='ocr_line' id='line_1_14' title="bbox 370 2052 1771 2138; baseline -0.004 -18"><span class='ocrx_word' id='word_1_136' title='bbox 370 2062 477 2137; x_wconf 75' lang='lat' dir='ltr'>tatem</span> <span class='ocrx_word' id='word_1_137' title='bbox 501 2056 586 2138; x_wconf 91' lang='lat' dir='ltr'>quod</span> <span class='ocrx_word' id='word_1_138' title='bbox 604 2061 671 2119; x_wconf 93' lang='lat' dir='ltr'>tute</span> <span class='ocrx_word' id='word_1_139' title='bbox 694 2060 726 2119; x_wconf 89' lang='lat' dir='ltr'>et</span> <span class='ocrx_word' id='word_1_140' title='bbox 745 2055 844 2119; x_wconf 86' lang='lat' dir='ltr'>libere</span> <span class='ocrx_word' id='word_1_141' title='bbox 859 2058 990 2138; x_wconf 89' lang='lat' dir='ltr'>possent</span> <span class='ocrx_word' id='word_1_142' title='bbox 1012 2072 1069 2136; x_wconf 92' lang='lat' dir='ltr'>pro</span> <span class='ocrx_word' id='word_1_143' title='bbox 1093 2053 1234 2136; x_wconf 89' lang='lat' dir='ltr'>ipsorum</span> <span class='ocrx_word' id='word_1_144' title='bbox 1256 2054 1392 2135; x_wconf 91' lang='lat' dir='ltr'>negotiis</span> <span class='ocrx_word' id='word_1_145' title='bbox 1414 2053 1454 2116; x_wconf 87' lang='lat' dir='ltr'>ad</span> <span class='ocrx_word' id='word_1_146' title='bbox 1470 2053 1590 2116; x_wconf 89' lang='lat' dir='ltr'>dictum</span> <span class='ocrx_word' id='word_1_147' title='bbox 1606 2052 1771 2115; x_wconf 91' lang='lat' dir='ltr'>dominum</span> 
     </span>
     <span class='ocr_line' id='line_1_15' title="bbox 369 2156 1771 2244; baseline -0.002 -21"><span class='ocrx_word' id='word_1_148' title='bbox 369 2161 510 2244; x_wconf 88' lang='lat' dir='ltr'>legatum</span> <span class='ocrx_word' id='word_1_149' title='bbox 532 2160 642 2223; x_wconf 75' lang='lat' dir='ltr'>venire</span> <span class='ocrx_word' id='word_1_150' title='bbox 665 2164 698 2222; x_wconf 90' lang='lat' dir='ltr'>et</span> <span class='ocrx_word' id='word_1_151' title='bbox 720 2159 747 2222; x_wconf 92' lang='lat' dir='ltr'>si</span> <span class='ocrx_word' id='word_1_152' title='bbox 768 2164 853 2222; x_wconf 88' lang='lat' dir='ltr'>esset</span> <span class='ocrx_word' id='word_1_153' title='bbox 875 2177 1014 2239; x_wconf 85' lang='lat' dir='ltr'>neccsse,</span> <span class='ocrx_word' id='word_1_154' title='bbox 1040 2158 1107 2241; x_wconf 91' lang='lat' dir='ltr'>ipse</span> <span class='ocrx_word' id='word_1_155' title='bbox 1131 2157 1315 2220; x_wconf 83' lang='lat' dir='ltr'>intendebat</span> <span class='ocrx_word' id='word_1_156' title='bbox 1336 2156 1439 2220; x_wconf 89' lang='lat' dir='ltr'>iacere</span> <span class='ocrx_word' id='word_1_157' title='bbox 1461 2158 1548 2240; x_wconf 90' lang='lat' dir='ltr'>ipsos</span> <span class='ocrx_word' id='word_1_158' title='bbox 1569 2157 1716 2221; x_wconf 91' lang='lat' dir='ltr'>associari</span> <span class='ocrx_word' id='word_1_159' title='bbox 1740 2162 1771 2220; x_wconf 89' lang='lat' dir='ltr'>et</span> 
     </span>
     <span class='ocr_line' id='line_1_16' title="bbox 368 2260 1839 2347; baseline -0.006 -20"><span class='ocrx_word' id='word_1_160' title='bbox 368 2264 504 2328; x_wconf 89' lang='lat' dir='ltr'>conduci</span> <span class='ocrx_word' id='word_1_161' title='bbox 534 2282 591 2347; x_wconf 93' lang='lat' dir='ltr'>per</span> <span class='ocrx_word' id='word_1_162' title='bbox 613 2263 763 2326; x_wconf 82' lang='lat' dir='ltr'>lanuliam</span> <span class='ocrx_word' id='word_1_163' title='bbox 786 2282 885 2343; x_wconf 76' lang='lat' dir='ltr'>suam,</span> <span class='ocrx_word' id='word_1_164' title='bbox 916 2267 953 2326; x_wconf 92' lang='lat' dir='ltr'>ut</span> <span class='ocrx_word' id='word_1_165' title='bbox 975 2262 1119 2326; x_wconf 90' lang='lat' dir='ltr'>securius</span> <span class='ocrx_word' id='word_1_166' title='bbox 1145 2262 1349 2344; x_wconf 79' lang='lat' dir='ltr'>pervenirent</span> <span class='ocrx_word' id='word_1_167' title='bbox 1371 2260 1410 2324; x_wconf 87' lang='lat' dir='ltr'>ad</span> <span class='ocrx_word' id='word_1_168' title='bbox 1434 2261 1599 2323; x_wconf 90' lang='lat' dir='ltr'>dominum</span> <span class='ocrx_word' id='word_1_169' title='bbox 1629 2260 1767 2344; x_wconf 84' lang='lat' dir='ltr'>legatum</span> <span class='ocrx_word' id='word_1_170' title='bbox 1806 2269 1839 2319; x_wconf 82' lang='lat'>15</span> 
     </span>
     <span class='ocr_line' id='line_1_17' title="bbox 368 2365 1769 2451; baseline -0.003 -20"><span class='ocrx_word' id='word_1_171' title='bbox 368 2367 566 2451; x_wconf 89' lang='lat' dir='ltr'>praedictum</span> <span class='ocrx_word' id='word_1_172' title='bbox 588 2385 693 2448; x_wconf 89' lang='lat' dir='ltr'>usque</span> <span class='ocrx_word' id='word_1_173' title='bbox 723 2366 761 2429; x_wconf 87' lang='lat' dir='ltr'>ad</span> <span class='ocrx_word' id='word_1_174' title='bbox 784 2365 866 2429; x_wconf 83' lang='lat' dir='ltr'>lines</span> <span class='ocrx_word' id='word_1_175' title='bbox 888 2366 1039 2429; x_wconf 90' lang='lat' dir='ltr'>territorii</span> <span class='ocrx_word' id='word_1_176' title='bbox 1066 2365 1125 2445; x_wconf 81' lang='lat' dir='ltr'>sui,</span> <span class='ocrx_word' id='word_1_177' title='bbox 1156 2373 1188 2429; x_wconf 88' lang='lat' dir='ltr'>et</span> <span class='ocrx_word' id='word_1_178' title='bbox 1209 2365 1301 2428; x_wconf 90' lang='lat' dir='ltr'>aliter</span> <span class='ocrx_word' id='word_1_179' title='bbox 1322 2366 1432 2437; x_wconf 78' lang='lat' dir='ltr'>nescit</span> <span class='ocrx_word' id='word_1_180' title='bbox 1464 2384 1546 2446; x_wconf 91' lang='lat' dir='ltr'>quae</span> <span class='ocrx_word' id='word_1_181' title='bbox 1571 2365 1604 2427; x_wconf 93' lang='lat' dir='ltr'>in</span> <span class='ocrx_word' id='word_1_182' title='bbox 1628 2365 1697 2449; x_wconf 91' lang='lat' dir='ltr'>ipso</span> <span class='ocrx_word' id='word_1_183' title='bbox 1720 2384 1769 2427; x_wconf 93' lang='lat' dir='ltr'>ar·</span> 
     </span>
     <span class='ocr_line' id='line_1_18' title="bbox 369 2470 704 2535; baseline -0.003 -1"><span class='ocrx_word' id='word_1_184' title='bbox 369 2470 467 2534; x_wconf 89' lang='lat' dir='ltr'>ticulo</span> <span class='ocrx_word' id='word_1_185' title='bbox 490 2471 704 2535; x_wconf 88' lang='lat' dir='ltr'>continentur.</span> 
     </span>
    </p>

    <p class='ocr_par' dir='ltr' id='par_1_5' title="bbox 367 2571 1841 3591">
     <span class='ocr_line' id='line_1_19' title="bbox 525 2571 1769 2657; baseline -0.002 -20"><span class='ocrx_word' id='word_1_186' title='bbox 525 2574 606 2638; x_wconf 84' lang='lat' dir='ltr'>item</span> <span class='ocrx_word' id='word_1_187' title='bbox 628 2575 844 2657; x_wconf 85' lang='lat' dir='ltr'>interrogatus</span> <span class='ocrx_word' id='word_1_188' title='bbox 867 2592 965 2657; x_wconf 90' lang='lat' dir='ltr'>super</span> <span class='ocrx_word' id='word_1_189' title='bbox 986 2573 1047 2636; x_wconf 86' lang='lat' dir='ltr'>alio</span> <span class='ocrx_word' id='word_1_190' title='bbox 1070 2573 1203 2636; x_wconf 88' lang='lat' dir='ltr'>articulo</span> <span class='ocrx_word' id='word_1_191' title='bbox 1227 2572 1266 2635; x_wconf 94' lang='lat' dir='ltr'>de</span> <span class='ocrx_word' id='word_1_192' title='bbox 1282 2571 1408 2655; x_wconf 88' lang='lat' dir='ltr'>publica</span> <span class='ocrx_word' id='word_1_193' title='bbox 1424 2593 1503 2635; x_wconf 80' lang='lat' dir='ltr'>voce</span> <span class='ocrx_word' id='word_1_194' title='bbox 1526 2578 1557 2635; x_wconf 90' lang='lat' dir='ltr'>ct</span> <span class='ocrx_word' id='word_1_195' title='bbox 1572 2573 1664 2654; x_wconf 72' lang='lat' dir='ltr'>fama,</span> <span class='ocrx_word' id='word_1_196' title='bbox 1687 2572 1769 2635; x_wconf 89' lang='lat' dir='ltr'>dixit</span> 
     </span>
     <span class='ocr_line' id='line_1_20' title="bbox 367 2674 1771 2761; baseline -0.001 -21"><span class='ocrx_word' id='word_1_197' title='bbox 367 2698 445 2743; x_wconf 81' lang='lat' dir='ltr'>vera</span> <span class='ocrx_word' id='word_1_198' title='bbox 473 2697 551 2761; x_wconf 87' lang='lat' dir='ltr'>esse,</span> <span class='ocrx_word' id='word_1_199' title='bbox 584 2697 666 2759; x_wconf 91' lang='lat' dir='ltr'>quae</span> <span class='ocrx_word' id='word_1_200' title='bbox 695 2678 730 2741; x_wconf 91' lang='lat' dir='ltr'>in</span> <span class='ocrx_word' id='word_1_201' title='bbox 761 2678 830 2760; x_wconf 90' lang='lat' dir='ltr'>ipso</span> <span class='ocrx_word' id='word_1_202' title='bbox 861 2675 994 2740; x_wconf 73' lang='lat' dir='ltr'>munnio</span> <span class='ocrx_word' id='word_1_203' title='bbox 1024 2676 1236 2738; x_wconf 90' lang='lat' dir='ltr'>continentur.</span> <span class='ocrx_word' id='word_1_204' title='bbox 1271 2674 1490 2758; x_wconf 89' lang='lat' dir='ltr'>Interrogatus</span> <span class='ocrx_word' id='word_1_205' title='bbox 1513 2677 1673 2758; x_wconf 91' lang='lat' dir='ltr'>quomodo</span> <span class='ocrx_word' id='word_1_206' title='bbox 1704 2676 1771 2756; x_wconf 79' lang='lat' dir='ltr'>scit</span> 
     </span>
     <span class='ocr_line' id='line_1_21' title="bbox 368 2778 1841 2864; baseline -0.003 -19"><span class='ocrx_word' id='word_1_207' title='bbox 368 2783 450 2845; x_wconf 81' lang='lat' dir='ltr'>dixit</span> <span class='ocrx_word' id='word_1_208' title='bbox 472 2781 559 2864; x_wconf 91' lang='lat' dir='ltr'>quod</span> <span class='ocrx_word' id='word_1_209' title='bbox 582 2781 795 2845; x_wconf 88' lang='lat' dir='ltr'>communiter</span> <span class='ocrx_word' id='word_1_210' title='bbox 817 2780 941 2844; x_wconf 84' lang='lat' dir='ltr'>audivit</span> <span class='ocrx_word' id='word_1_211' title='bbox 963 2778 1032 2842; x_wconf 93' lang='lat' dir='ltr'>dici.</span> <span class='ocrx_word' id='word_1_212' title='bbox 1059 2778 1279 2862; x_wconf 84' lang='lat' dir='ltr'>interrogatus</span> <span class='ocrx_word' id='word_1_213' title='bbox 1303 2779 1356 2842; x_wconf 93' lang='lat' dir='ltr'>ubi</span> <span class='ocrx_word' id='word_1_214' title='bbox 1380 2787 1429 2843; x_wconf 91' lang='lat' dir='ltr'>cst</span> <span class='ocrx_word' id='word_1_215' title='bbox 1450 2781 1534 2843; x_wconf 89' lang='lat' dir='ltr'>dicta</span> <span class='ocrx_word' id='word_1_216' title='bbox 1554 2780 1683 2863; x_wconf 89' lang='lat' dir='ltr'>publica</span> <span class='ocrx_word' id='word_1_217' title='bbox 1705 2799 1770 2842; x_wconf 85' lang='lat' dir='ltr'>vox</span> <span class='ocrx_word' id='word_1_218' title='bbox 1806 2785 1841 2840; x_wconf 76' lang='lat'>‘20</span> 
     </span>
     <span class='ocr_line' id='line_1_22' title="bbox 369 2884 1772 2968; baseline -0.003 -18"><span class='ocrx_word' id='word_1_219' title='bbox 369 2893 402 2951; x_wconf 87' lang='lat' dir='ltr'>et</span> <span class='ocrx_word' id='word_1_220' title='bbox 424 2887 515 2967; x_wconf 75' lang='lat' dir='ltr'>lama,</span> <span class='ocrx_word' id='word_1_221' title='bbox 539 2887 621 2949; x_wconf 81' lang='lat' dir='ltr'>dixit</span> <span class='ocrx_word' id='word_1_222' title='bbox 636 2886 724 2968; x_wconf 91' lang='lat' dir='ltr'>quod</span> <span class='ocrx_word' id='word_1_223' title='bbox 745 2886 778 2947; x_wconf 91' lang='lat' dir='ltr'>in</span> <span class='ocrx_word' id='word_1_224' title='bbox 794 2884 964 2947; x_wconf 85' lang='lat' dir='ltr'>Varadino.</span> <span class='ocrx_word' id='word_1_225' title='bbox 994 2884 1212 2966; x_wconf 85' lang='lat' dir='ltr'>Interrogatus</span> <span class='ocrx_word' id='word_1_226' title='bbox 1232 2904 1251 2947; x_wconf 88' lang='lat' dir='ltr'>a</span> <span class='ocrx_word' id='word_1_227' title='bbox 1270 2889 1390 2966; x_wconf 89' lang='lat' dir='ltr'>quanto</span> <span class='ocrx_word' id='word_1_228' title='bbox 1414 2889 1556 2967; x_wconf 90' lang='lat' dir='ltr'>tempore</span> <span class='ocrx_word' id='word_1_229' title='bbox 1580 2886 1668 2966; x_wconf 69' lang='lat' dir='ltr'>citra</span> <span class='ocrx_word' id='word_1_230' title='bbox 1691 2884 1772 2946; x_wconf 85' lang='lat' dir='ltr'>dixit</span> 
     </span>
     <span class='ocr_line' id='line_1_23' title="bbox 373 2986 1773 3073; baseline -0.003 -19"><span class='ocrx_word' id='word_1_231' title='bbox 373 2991 460 3072; x_wconf 89' lang='lat' dir='ltr'>quod</span> <span class='ocrx_word' id='word_1_232' title='bbox 482 3010 502 3053; x_wconf 89' lang='lat' dir='ltr'>a</span> <span class='ocrx_word' id='word_1_233' title='bbox 524 2996 666 3073; x_wconf 85' lang='lat' dir='ltr'>tempore</span> <span class='ocrx_word' id='word_1_234' title='bbox 689 3009 786 3072; x_wconf 90' lang='lat' dir='ltr'>supra</span> <span class='ocrx_word' id='word_1_235' title='bbox 808 2989 910 3050; x_wconf 88' lang='lat' dir='ltr'>dictae</span> <span class='ocrx_word' id='word_1_236' title='bbox 932 2986 1197 3071; x_wconf 87' lang='lat' dir='ltr'>proclamationis.</span> <span class='ocrx_word' id='word_1_237' title='bbox 1232 2989 1451 3070; x_wconf 84' lang='lat' dir='ltr'>Interrogatus</span> <span class='ocrx_word' id='word_1_238' title='bbox 1475 2987 1551 3069; x_wconf 90' lang='lat' dir='ltr'>quid</span> <span class='ocrx_word' id='word_1_239' title='bbox 1575 2994 1624 3051; x_wconf 91' lang='lat' dir='ltr'>est</span> <span class='ocrx_word' id='word_1_240' title='bbox 1645 2988 1773 3071; x_wconf 92' lang='lat' dir='ltr'>publica</span> 
     </span>
     <span class='ocr_line' id='line_1_24' title="bbox 368 3090 1771 3176; baseline -0.001 -20"><span class='ocrx_word' id='word_1_241' title='bbox 368 3113 433 3157; x_wconf 88' lang='lat' dir='ltr'>vox</span> <span class='ocrx_word' id='word_1_242' title='bbox 450 3099 482 3158; x_wconf 92' lang='lat' dir='ltr'>et</span> <span class='ocrx_word' id='word_1_243' title='bbox 496 3094 588 3176; x_wconf 76' lang='lat' dir='ltr'>lama,</span> <span class='ocrx_word' id='word_1_244' title='bbox 605 3094 687 3158; x_wconf 82' lang='lat' dir='ltr'>deit</span> <span class='ocrx_word' id='word_1_245' title='bbox 700 3093 787 3176; x_wconf 90' lang='lat' dir='ltr'>qnod</span> <span class='ocrx_word' id='word_1_246' title='bbox 802 3093 843 3174; x_wconf 82' lang='lat' dir='ltr'>id,</span> <span class='ocrx_word' id='word_1_247' title='bbox 859 3091 947 3174; x_wconf 91' lang='lat' dir='ltr'>quod</span> <span class='ocrx_word' id='word_1_248' title='bbox 962 3097 1011 3154; x_wconf 92' lang='lat' dir='ltr'>est</span> <span class='ocrx_word' id='word_1_249' title='bbox 1026 3090 1174 3154; x_wconf 92' lang='lat' dir='ltr'>omnibus</span> <span class='ocrx_word' id='word_1_250' title='bbox 1186 3097 1299 3155; x_wconf 90' lang='lat' dir='ltr'>notum</span> <span class='ocrx_word' id='word_1_251' title='bbox 1315 3098 1347 3155; x_wconf 92' lang='lat' dir='ltr'>et</span> <span class='ocrx_word' id='word_1_252' title='bbox 1361 3092 1531 3155; x_wconf 87' lang='lat' dir='ltr'>notorium.</span> <span class='ocrx_word' id='word_1_253' title='bbox 1553 3091 1771 3174; x_wconf 85' lang='lat' dir='ltr'>Interrogatus</span> 
     </span>
     <span class='ocr_line' id='line_1_25' title="bbox 370 3195 1770 3280; baseline -0.001 -19"><span class='ocrx_word' id='word_1_254' title='bbox 370 3202 449 3279; x_wconf 90' lang='lat' dir='ltr'>quot</span> <span class='ocrx_word' id='word_1_255' title='bbox 470 3198 615 3261; x_wconf 90' lang='lat' dir='ltr'>homines</span> <span class='ocrx_word' id='word_1_256' title='bbox 637 3196 759 3260; x_wconf 87' lang='lat' dir='ltr'>iaciunt</span> <span class='ocrx_word' id='word_1_257' title='bbox 781 3196 940 3280; x_wconf 86' lang='lat' dir='ltr'>publicam</span> <span class='ocrx_word' id='word_1_258' title='bbox 955 3196 1080 3277; x_wconf 78' lang='lat' dir='ltr'>famam,</span> <span class='ocrx_word' id='word_1_259' title='bbox 1103 3195 1185 3257; x_wconf 83' lang='lat' dir='ltr'>dixit</span> <span class='ocrx_word' id='word_1_260' title='bbox 1200 3195 1287 3276; x_wconf 89' lang='lat' dir='ltr'>quod</span> <span class='ocrx_word' id='word_1_261' title='bbox 1302 3196 1410 3259; x_wconf 84' lang='lat' dir='ltr'>nescit.</span> <span class='ocrx_word' id='word_1_262' title='bbox 1432 3195 1652 3278; x_wconf 87' lang='lat' dir='ltr'>Interrogatus</span> <span class='ocrx_word' id='word_1_263' title='bbox 1675 3215 1770 3278; x_wconf 87' lang='lat' dir='ltr'>quam</span> 
     </span>
     <span class='ocr_line' id='line_1_26' title="bbox 368 3299 1841 3387; baseline -0.005 -21"><span class='ocrx_word' id='word_1_264' title='bbox 368 3307 490 3387; x_wconf 87' lang='lat' dir='ltr'>partem</span> <span class='ocrx_word' id='word_1_265' title='bbox 519 3300 617 3365; x_wconf 83' lang='lat' dir='ltr'>vellet</span> <span class='ocrx_word' id='word_1_266' title='bbox 646 3301 798 3381; x_wconf 80' lang='lat' dir='ltr'>obtinere,</span> <span class='ocrx_word' id='word_1_267' title='bbox 829 3300 912 3363; x_wconf 85' lang='lat' dir='ltr'>dixit</span> <span class='ocrx_word' id='word_1_268' title='bbox 935 3300 1020 3381; x_wconf 93' lang='lat' dir='ltr'>quod</span> <span class='ocrx_word' id='word_1_269' title='bbox 1044 3300 1219 3382; x_wconf 89' lang='lat' dir='ltr'>quamlibet</span> <span class='ocrx_word' id='word_1_270' title='bbox 1242 3305 1376 3379; x_wconf 85' lang='lat' dir='ltr'>tantum,</span> <span class='ocrx_word' id='word_1_271' title='bbox 1406 3301 1483 3381; x_wconf 90' lang='lat' dir='ltr'>quia</span> <span class='ocrx_word' id='word_1_272' title='bbox 1512 3299 1673 3381; x_wconf 88' lang='lat' dir='ltr'>quaelibet</span> <span class='ocrx_word' id='word_1_273' title='bbox 1699 3318 1772 3384; x_wconf 84' lang='lat' dir='ltr'>pars</span> <span class='ocrx_word' id='word_1_274' title='bbox 1807 3304 1841 3359; x_wconf 76' lang='lat'>25</span> 
     </span>
     <span class='ocr_line' id='line_1_27' title="bbox 368 3402 1772 3487; baseline -0.001 -18"><span class='ocrx_word' id='word_1_275' title='bbox 368 3410 445 3470; x_wconf 89' lang='lat' dir='ltr'>sunt</span> <span class='ocrx_word' id='word_1_276' title='bbox 466 3404 559 3468; x_wconf 90' lang='lat' dir='ltr'>amici</span> <span class='ocrx_word' id='word_1_277' title='bbox 581 3406 640 3469; x_wconf 88' lang='lat' dir='ltr'>sui.</span> <span class='ocrx_word' id='word_1_278' title='bbox 662 3404 744 3468; x_wconf 90' lang='lat' dir='ltr'>Item</span> <span class='ocrx_word' id='word_1_279' title='bbox 766 3404 989 3486; x_wconf 78' lang='lat' dir='ltr'>interrogatus</span> <span class='ocrx_word' id='word_1_280' title='bbox 1017 3403 1043 3466; x_wconf 93' lang='lat' dir='ltr'>si</span> <span class='ocrx_word' id='word_1_281' title='bbox 1075 3403 1235 3486; x_wconf 80' lang='lat' dir='ltr'>praedicta</span> <span class='ocrx_word' id='word_1_282' title='bbox 1257 3403 1340 3466; x_wconf 90' lang='lat' dir='ltr'>dixit</span> <span class='ocrx_word' id='word_1_283' title='bbox 1362 3402 1444 3483; x_wconf 69' lang='lat' dir='ltr'>odio,</span> <span class='ocrx_word' id='word_1_284' title='bbox 1474 3423 1582 3468; x_wconf 86' lang='lat' dir='ltr'>amore</span> <span class='ocrx_word' id='word_1_285' title='bbox 1604 3404 1657 3468; x_wconf 87' lang='lat' dir='ltr'>vel</span> <span class='ocrx_word' id='word_1_286' title='bbox 1679 3423 1772 3487; x_wconf 90' lang='lat' dir='ltr'>prece</span> 
     </span>
     <span class='ocr_line' id='line_1_28' title="bbox 369 3508 942 3591; baseline -0.005 -19"><span class='ocrx_word' id='word_1_287' title='bbox 369 3509 421 3574; x_wconf 84' lang='lat' dir='ltr'>vel</span> <span class='ocrx_word' id='word_1_288' title='bbox 442 3510 629 3591; x_wconf 88' lang='lat' dir='ltr'>instructus,</span> <span class='ocrx_word' id='word_1_289' title='bbox 653 3508 735 3571; x_wconf 84' lang='lat' dir='ltr'>dixit</span> <span class='ocrx_word' id='word_1_290' title='bbox 758 3508 846 3590; x_wconf 93' lang='lat' dir='ltr'>quod</span> <span class='ocrx_word' id='word_1_291' title='bbox 868 3526 942 3571; x_wconf 91' lang='lat' dir='ltr'>non.</span> 
     </span>
    </p>

    <p class='ocr_par' dir='ltr' id='par_1_6' title="bbox 367 3609 1843 5353">
     <span class='ocr_line' id='line_1_29' title="bbox 525 3609 1772 3694; baseline -0.001 -19"><span class='ocrx_word' id='word_1_292' title='bbox 525 3612 695 3676; x_wconf 86' lang='lat' dir='ltr'>Mauritius</span> <span class='ocrx_word' id='word_1_293' title='bbox 709 3610 866 3694; x_wconf 88' lang='lat' dir='ltr'>plebanus</span> <span class='ocrx_word' id='word_1_294' title='bbox 886 3611 925 3674; x_wconf 92' lang='lat' dir='ltr'>de</span> <span class='ocrx_word' id='word_1_295' title='bbox 941 3609 1042 3674; x_wconf 81' lang='lat' dir='ltr'>Cralxo</span> <span class='ocrx_word' id='word_1_296' title='bbox 1058 3611 1147 3674; x_wconf 87' lang='lat' dir='ltr'>testis</span> <span class='ocrx_word' id='word_1_297' title='bbox 1163 3612 1376 3693; x_wconf 89' lang='lat' dir='ltr'>interrogatus</span> <span class='ocrx_word' id='word_1_298' title='bbox 1392 3629 1489 3694; x_wconf 89' lang='lat' dir='ltr'>super</span> <span class='ocrx_word' id='word_1_299' title='bbox 1503 3611 1605 3694; x_wconf 91' lang='lat' dir='ltr'>primo</span> <span class='ocrx_word' id='word_1_300' title='bbox 1629 3610 1772 3693; x_wconf 87' lang='lat' dir='ltr'>articulo,</span> 
     </span>
     <span class='ocr_line' id='line_1_30' title="bbox 371 3714 1774 3800; baseline -0.001 -21"><span class='ocrx_word' id='word_1_301' title='bbox 371 3717 426 3799; x_wconf 91' lang='lat' dir='ltr'>qui</span> <span class='ocrx_word' id='word_1_302' title='bbox 449 3716 561 3800; x_wconf 88' lang='lat' dir='ltr'>incipit</span> <span class='ocrx_word' id='word_1_303' title='bbox 576 3715 719 3779; x_wconf 87' lang='lat' dir='ltr'>Intendit</span> <span class='ocrx_word' id='word_1_304' title='bbox 740 3714 875 3798; x_wconf 85' lang='lat' dir='ltr'>probare</span> <span class='ocrx_word' id='word_1_305' title='bbox 890 3720 922 3777; x_wconf 92' lang='lat' dir='ltr'>et</span> <span class='ocrx_word' id='word_1_306' title='bbox 936 3721 1050 3795; x_wconf 86' lang='lat' dir='ltr'>cetera,</span> <span class='ocrx_word' id='word_1_307' title='bbox 1073 3714 1154 3778; x_wconf 91' lang='lat' dir='ltr'>lecto</span> <span class='ocrx_word' id='word_1_308' title='bbox 1170 3715 1228 3778; x_wconf 90' lang='lat' dir='ltr'>sibi</span> <span class='ocrx_word' id='word_1_309' title='bbox 1254 3720 1319 3778; x_wconf 90' lang='lat' dir='ltr'>toto</span> <span class='ocrx_word' id='word_1_310' title='bbox 1335 3716 1404 3798; x_wconf 92' lang='lat' dir='ltr'>ipso</span> <span class='ocrx_word' id='word_1_311' title='bbox 1428 3715 1570 3799; x_wconf 70' lang='lat' dir='ltr'>ardoldo,</span> <span class='ocrx_word' id='word_1_312' title='bbox 1594 3715 1675 3779; x_wconf 80' lang='lat' dir='ltr'>dixit</span> <span class='ocrx_word' id='word_1_313' title='bbox 1697 3733 1774 3778; x_wconf 84' lang='lat' dir='ltr'>vera</span> 
     </span>
     <span class='ocr_line' id='line_1_31' title="bbox 370 3810 1843 3902; baseline -0.005 -17"><span class='ocrx_word' id='word_1_314' title='bbox 370 3810 447 3902; x_wconf 81' lang='lat' dir='ltr'>esse,</span> <span class='ocrx_word' id='word_1_315' title='bbox 471 3820 603 3901; x_wconf 87' lang='lat' dir='ltr'>quaein</span> <span class='ocrx_word' id='word_1_316' title='bbox 625 3819 694 3901; x_wconf 92' lang='lat' dir='ltr'>ipso</span> <span class='ocrx_word' id='word_1_317' title='bbox 718 3817 851 3881; x_wconf 87' lang='lat' dir='ltr'>articulo</span> <span class='ocrx_word' id='word_1_318' title='bbox 867 3818 1080 3881; x_wconf 89' lang='lat' dir='ltr'>continentur.</span> <span class='ocrx_word' id='word_1_319' title='bbox 1103 3817 1323 3901; x_wconf 87' lang='lat' dir='ltr'>Interrogatus</span> <span class='ocrx_word' id='word_1_320' title='bbox 1342 3820 1375 3881; x_wconf 89' lang='lat' dir='ltr'>in</span> <span class='ocrx_word' id='word_1_321' title='bbox 1398 3837 1494 3882; x_wconf 88' lang='lat' dir='ltr'>causa</span> <span class='ocrx_word' id='word_1_322' title='bbox 1509 3818 1667 3899; x_wconf 84' lang='lat' dir='ltr'>scientiae,</span> <span class='ocrx_word' id='word_1_323' title='bbox 1690 3817 1774 3881; x_wconf 80' lang='lat' dir='ltr'>dixit</span> <span class='ocrx_word' id='word_1_324' title='bbox 1808 3822 1843 3878; x_wconf 79' lang='lat'>30</span> 
     </span>
     <span class='ocr_line' id='line_1_32' title="bbox 370 3920 1773 4005; baseline -0.002 -19"><span class='ocrx_word' id='word_1_325' title='bbox 370 3923 446 4004; x_wconf 90' lang='lat' dir='ltr'>quia</span> <span class='ocrx_word' id='word_1_326' title='bbox 476 3921 557 3985; x_wconf 84' lang='lat' dir='ltr'>vidit</span> <span class='ocrx_word' id='word_1_327' title='bbox 583 3925 616 3985; x_wconf 91' lang='lat' dir='ltr'>et</span> <span class='ocrx_word' id='word_1_328' title='bbox 637 3921 761 3984; x_wconf 75' lang='lat' dir='ltr'>audivit</span> <span class='ocrx_word' id='word_1_329' title='bbox 783 3927 815 3984; x_wconf 89' lang='lat' dir='ltr'>et</span> <span class='ocrx_word' id='word_1_330' title='bbox 837 3920 899 3984; x_wconf 84' lang='lat' dir='ltr'>fuit</span> <span class='ocrx_word' id='word_1_331' title='bbox 920 3940 1079 4005; x_wconf 79' lang='lat' dir='ltr'>praesens,</span> <span class='ocrx_word' id='word_1_332' title='bbox 1112 3921 1240 4004; x_wconf 90' lang='lat' dir='ltr'>quando</span> <span class='ocrx_word' id='word_1_333' title='bbox 1264 3923 1368 3986; x_wconf 91' lang='lat' dir='ltr'>dictus</span> <span class='ocrx_word' id='word_1_334' title='bbox 1391 3922 1541 3986; x_wconf 91' lang='lat' dir='ltr'>dominus</span> <span class='ocrx_word' id='word_1_335' title='bbox 1571 3921 1708 3986; x_wconf 83' lang='lat' dir='ltr'>vaivoda</span> <span class='ocrx_word' id='word_1_336' title='bbox 1735 3921 1773 3983; x_wconf 93' lang='lat' dir='ltr'>li·</span> 
     </span>
     <span class='ocr_line' id='line_1_33' title="bbox 370 4023 1775 4109; baseline -0.002 -19"><span class='ocrx_word' id='word_1_337' title='bbox 370 4026 507 4090; x_wconf 88' lang='lat' dir='ltr'>centiam</span> <span class='ocrx_word' id='word_1_338' title='bbox 537 4024 703 4108; x_wconf 73' lang='lat' dir='ltr'>concessit,</span> <span class='ocrx_word' id='word_1_339' title='bbox 734 4043 817 4107; x_wconf 87' lang='lat' dir='ltr'>quae</span> <span class='ocrx_word' id='word_1_340' title='bbox 840 4025 872 4088; x_wconf 91' lang='lat' dir='ltr'>in</span> <span class='ocrx_word' id='word_1_341' title='bbox 903 4024 987 4088; x_wconf 90' lang='lat' dir='ltr'>dicto</span> <span class='ocrx_word' id='word_1_342' title='bbox 1010 4023 1144 4089; x_wconf 76' lang='lat' dir='ltr'>articrdo</span> <span class='ocrx_word' id='word_1_343' title='bbox 1171 4026 1362 4090; x_wconf 77' lang='lat' dir='ltr'>conficetur.</span> <span class='ocrx_word' id='word_1_344' title='bbox 1395 4026 1616 4109; x_wconf 84' lang='lat' dir='ltr'>Interrogatus</span> <span class='ocrx_word' id='word_1_345' title='bbox 1645 4026 1678 4088; x_wconf 91' lang='lat' dir='ltr'>in</span> <span class='ocrx_word' id='word_1_346' title='bbox 1710 4044 1775 4107; x_wconf 89' lang='lat' dir='ltr'>qna</span> 
     </span>
     <span class='ocr_line' id='line_1_34' title="bbox 370 4127 1774 4213; baseline -0.001 -20"><span class='ocrx_word' id='word_1_347' title='bbox 370 4128 498 4193; x_wconf 83' lang='lat' dir='ltr'>civitate</span> <span class='ocrx_word' id='word_1_348' title='bbox 514 4128 567 4193; x_wconf 83' lang='lat' dir='ltr'>vel</span> <span class='ocrx_word' id='word_1_349' title='bbox 581 4134 694 4212; x_wconf 87' lang='lat' dir='ltr'>castro,</span> <span class='ocrx_word' id='word_1_350' title='bbox 717 4129 800 4193; x_wconf 89' lang='lat' dir='ltr'>dixit</span> <span class='ocrx_word' id='word_1_351' title='bbox 815 4128 901 4212; x_wconf 91' lang='lat' dir='ltr'>quod</span> <span class='ocrx_word' id='word_1_352' title='bbox 917 4129 951 4191; x_wconf 91' lang='lat' dir='ltr'>in</span> <span class='ocrx_word' id='word_1_353' title='bbox 966 4127 1065 4193; x_wconf 87' lang='lat' dir='ltr'>Deua</span> <span class='ocrx_word' id='word_1_354' title='bbox 1087 4128 1307 4213; x_wconf 87' lang='lat' dir='ltr'>interrogatus</span> <span class='ocrx_word' id='word_1_355' title='bbox 1327 4132 1360 4194; x_wconf 83' lang='lat' dir='ltr'>ln</span> <span class='ocrx_word' id='word_1_356' title='bbox 1377 4150 1441 4212; x_wconf 90' lang='lat' dir='ltr'>qua</span> <span class='ocrx_word' id='word_1_357' title='bbox 1456 4131 1559 4212; x_wconf 76' lang='lat' dir='ltr'>domo,</span> <span class='ocrx_word' id='word_1_358' title='bbox 1582 4129 1665 4193; x_wconf 88' lang='lat' dir='ltr'>dixit</span> <span class='ocrx_word' id='word_1_359' title='bbox 1688 4129 1774 4211; x_wconf 92' lang='lat' dir='ltr'>quod</span> 
     </span>
     <span class='ocr_line' id='line_1_35' title="bbox 370 4232 1773 4317; baseline 0 -21"><span class='ocrx_word' id='word_1_360' title='bbox 370 4234 404 4296; x_wconf 93' lang='lat' dir='ltr'>in</span> <span class='ocrx_word' id='word_1_361' title='bbox 434 4233 563 4317; x_wconf 89' lang='lat' dir='ltr'>propria</span> <span class='ocrx_word' id='word_1_362' title='bbox 585 4233 679 4297; x_wconf 92' lang='lat' dir='ltr'>domo</span> <span class='ocrx_word' id='word_1_363' title='bbox 703 4234 778 4297; x_wconf 89' lang='lat' dir='ltr'>dicti</span> <span class='ocrx_word' id='word_1_364' title='bbox 800 4233 921 4297; x_wconf 92' lang='lat' dir='ltr'>domini</span> <span class='ocrx_word' id='word_1_365' title='bbox 952 4233 1114 4297; x_wconf 83' lang='lat' dir='ltr'>vairodae.</span> <span class='ocrx_word' id='word_1_366' title='bbox 1148 4233 1368 4316; x_wconf 85' lang='lat' dir='ltr'>interrogatus</span> <span class='ocrx_word' id='word_1_367' title='bbox 1395 4234 1513 4316; x_wconf 88' lang='lat' dir='ltr'>quibus</span> <span class='ocrx_word' id='word_1_368' title='bbox 1543 4232 1773 4317; x_wconf 83' lang='lat' dir='ltr'>praesentibus,</span> 
     </span>
     <span class='ocr_line' id='line_1_36' title="bbox 370 4335 1842 4420; baseline -0.003 -20"><span class='ocrx_word' id='word_1_369' title='bbox 370 4337 452 4400; x_wconf 86' lang='lat' dir='ltr'>dixit</span> <span class='ocrx_word' id='word_1_370' title='bbox 484 4338 571 4420; x_wconf 91' lang='lat' dir='ltr'>quod</span> <span class='ocrx_word' id='word_1_371' title='bbox 592 4336 714 4402; x_wconf 88' lang='lat' dir='ltr'>Paulus</span> <span class='ocrx_word' id='word_1_372' title='bbox 744 4335 829 4400; x_wconf 90' lang='lat' dir='ltr'>filius</span> <span class='ocrx_word' id='word_1_373' title='bbox 851 4335 987 4399; x_wconf 90' lang='lat' dir='ltr'>Ladislai</span> <span class='ocrx_word' id='word_1_374' title='bbox 1010 4335 1201 4400; x_wconf 86' lang='lat' dir='ltr'>castellanus</span> <span class='ocrx_word' id='word_1_375' title='bbox 1231 4338 1325 4400; x_wconf 85' lang='lat' dir='ltr'>castri</span> <span class='ocrx_word' id='word_1_376' title='bbox 1347 4337 1466 4420; x_wconf 83' lang='lat' dir='ltr'>Danae,</span> <span class='ocrx_word' id='word_1_377' title='bbox 1497 4356 1604 4401; x_wconf 91' lang='lat' dir='ltr'>comes</span> <span class='ocrx_word' id='word_1_378' title='bbox 1626 4338 1772 4401; x_wconf 80' lang='lat' dir='ltr'>Andreas</span> <span class='ocrx_word' id='word_1_379' title='bbox 1807 4342 1842 4396; x_wconf 75' lang='lat'>35</span> 
     </span>
     <span class='ocr_line' id='line_1_37' title="bbox 367 4438 1773 4523; baseline -0.001 -20"><span class='ocrx_word' id='word_1_380' title='bbox 367 4439 453 4505; x_wconf 90' lang='lat' dir='ltr'>filius</span> <span class='ocrx_word' id='word_1_381' title='bbox 471 4440 626 4523; x_wconf 77' lang='lat' dir='ltr'>Johanka,</span> <span class='ocrx_word' id='word_1_382' title='bbox 648 4441 712 4504; x_wconf 90' lang='lat' dir='ltr'>Bas</span> <span class='ocrx_word' id='word_1_383' title='bbox 733 4438 819 4503; x_wconf 90' lang='lat' dir='ltr'>filius</span> <span class='ocrx_word' id='word_1_384' title='bbox 842 4439 984 4520; x_wconf 76' lang='lat' dir='ltr'>Balosae,</span> <span class='ocrx_word' id='word_1_385' title='bbox 1006 4439 1170 4503; x_wconf 80' lang='lat' dir='ltr'>Iohannes</span> <span class='ocrx_word' id='word_1_386' title='bbox 1193 4440 1232 4503; x_wconf 94' lang='lat' dir='ltr'>de</span> <span class='ocrx_word' id='word_1_387' title='bbox 1255 4439 1364 4523; x_wconf 81' lang='lat' dir='ltr'>lomb,</span> <span class='ocrx_word' id='word_1_388' title='bbox 1386 4441 1550 4505; x_wconf 87' lang='lat' dir='ltr'>Johannes</span> <span class='ocrx_word' id='word_1_389' title='bbox 1572 4439 1678 4505; x_wconf 80' lang='lat' dir='ltr'>Rufus</span> <span class='ocrx_word' id='word_1_390' title='bbox 1700 4458 1773 4523; x_wconf 92' lang='lat' dir='ltr'>cog·</span> 
     </span>
     <span class='ocr_line' id='line_1_38' title="bbox 368 4543 1773 4629; baseline -0.001 -22"><span class='ocrx_word' id='word_1_391' title='bbox 368 4549 463 4608; x_wconf 89' lang='lat' dir='ltr'>natus</span> <span class='ocrx_word' id='word_1_392' title='bbox 478 4544 571 4609; x_wconf 88' lang='lat' dir='ltr'>Pauli</span> <span class='ocrx_word' id='word_1_393' title='bbox 593 4544 781 4629; x_wconf 86' lang='lat' dir='ltr'>supradicti</span> <span class='ocrx_word' id='word_1_394' title='bbox 797 4550 829 4608; x_wconf 88' lang='lat' dir='ltr'>et</span> <span class='ocrx_word' id='word_1_395' title='bbox 845 4543 1065 4628; x_wconf 82' lang='lat' dir='ltr'>quamplures</span> <span class='ocrx_word' id='word_1_396' title='bbox 1081 4544 1133 4606; x_wconf 90' lang='lat' dir='ltr'>alii</span> <span class='ocrx_word' id='word_1_397' title='bbox 1149 4543 1280 4607; x_wconf 87' lang='lat' dir='ltr'>fuerunt</span> <span class='ocrx_word' id='word_1_398' title='bbox 1290 4544 1313 4621; x_wconf 76' lang='lat'>²)</span> <span class='ocrx_word' id='word_1_399' title='bbox 1334 4550 1525 4628; x_wconf 88' lang='lat' dir='ltr'>praesentes.</span> <span class='ocrx_word' id='word_1_400' title='bbox 1555 4545 1773 4627; x_wconf 87' lang='lat' dir='ltr'>Interrogatus</span> 
     </span>
     <span class='ocr_line' id='line_1_39' title="bbox 368 4648 1773 4731; baseline -0.003 -18"><span class='ocrx_word' id='word_1_401' title='bbox 368 4649 425 4730; x_wconf 89' lang='lat' dir='ltr'>qui</span> <span class='ocrx_word' id='word_1_402' title='bbox 458 4649 590 4713; x_wconf 83' lang='lat' dir='ltr'>luerunt</span> <span class='ocrx_word' id='word_1_403' title='bbox 623 4649 686 4731; x_wconf 85' lang='lat' dir='ltr'>illi,</span> <span class='ocrx_word' id='word_1_404' title='bbox 720 4648 838 4731; x_wconf 88' lang='lat' dir='ltr'>quibus</span> <span class='ocrx_word' id='word_1_405' title='bbox 872 4648 1020 4711; x_wconf 89' lang='lat' dir='ltr'>dominus</span> <span class='ocrx_word' id='word_1_406' title='bbox 1056 4648 1193 4711; x_wconf 78' lang='lat' dir='ltr'>rairoda</span> <span class='ocrx_word' id='word_1_407' title='bbox 1226 4648 1341 4712; x_wconf 89' lang='lat' dir='ltr'>dictam</span> <span class='ocrx_word' id='word_1_408' title='bbox 1375 4650 1578 4713; x_wconf 82' lang='lat' dir='ltr'>securitatem</span> <span class='ocrx_word' id='word_1_409' title='bbox 1608 4648 1773 4727; x_wconf 72' lang='lat' dir='ltr'>concessit</span> 
     </span>
     <span class='ocr_line' id='line_1_40' title="bbox 368 4750 1773 4834; baseline 0 -20"><span class='ocrx_word' id='word_1_410' title='bbox 368 4751 451 4815; x_wconf 89' lang='lat' dir='ltr'>dixit</span> <span class='ocrx_word' id='word_1_411' title='bbox 473 4753 560 4834; x_wconf 90' lang='lat' dir='ltr'>quod</span> <span class='ocrx_word' id='word_1_412' title='bbox 582 4752 715 4817; x_wconf 88' lang='lat' dir='ltr'>luerunt</span> <span class='ocrx_word' id='word_1_413' title='bbox 744 4753 807 4816; x_wconf 90' lang='lat' dir='ltr'>duo</span> <span class='ocrx_word' id='word_1_414' title='bbox 831 4750 1010 4816; x_wconf 89' lang='lat' dir='ltr'>sacerdotes</span> <span class='ocrx_word' id='word_1_415' title='bbox 1032 4759 1210 4817; x_wconf 87' lang='lat' dir='ltr'>asserentes</span> <span class='ocrx_word' id='word_1_416' title='bbox 1233 4771 1268 4817; x_wconf 91' lang='lat' dir='ltr'>se</span> <span class='ocrx_word' id='word_1_417' title='bbox 1290 4752 1358 4818; x_wconf 88' lang='lat' dir='ltr'>iore</span> <span class='ocrx_word' id='word_1_418' title='bbox 1379 4754 1516 4817; x_wconf 90' lang='lat' dir='ltr'>nuncios</span> <span class='ocrx_word' id='word_1_419' title='bbox 1538 4753 1695 4816; x_wconf 89' lang='lat' dir='ltr'>dictorum</span> <span class='ocrx_word' id='word_1_420' title='bbox 1719 4750 1773 4814; x_wconf 93' lang='lat' dir='ltr'>de·</span> 
     </span>
     <span class='ocr_line' id='line_1_41' title="bbox 370 4855 1842 4940; baseline -0.003 -22"><span class='ocrx_word' id='word_1_421' title='bbox 370 4874 523 4919; x_wconf 79' lang='lat' dir='ltr'>canorum</span> <span class='ocrx_word' id='word_1_422' title='bbox 539 4860 571 4919; x_wconf 91' lang='lat' dir='ltr'>et</span> <span class='ocrx_word' id='word_1_423' title='bbox 585 4855 793 4939; x_wconf 89' lang='lat' dir='ltr'>plebanorum</span> <span class='ocrx_word' id='word_1_424' title='bbox 809 4875 845 4919; x_wconf 88' lang='lat' dir='ltr'>ac</span> <span class='ocrx_word' id='word_1_425' title='bbox 861 4856 1079 4919; x_wconf 85' lang='lat' dir='ltr'>universitatis</span> <span class='ocrx_word' id='word_1_426' title='bbox 1095 4856 1134 4921; x_wconf 88' lang='lat' dir='ltr'>de</span> <span class='ocrx_word' id='word_1_427' title='bbox 1146 4856 1279 4939; x_wconf 83' lang='lat' dir='ltr'>Cibinio,</span> <span class='ocrx_word' id='word_1_428' title='bbox 1297 4876 1378 4939; x_wconf 90' lang='lat' dir='ltr'>quos</span> <span class='ocrx_word' id='word_1_429' title='bbox 1396 4858 1464 4940; x_wconf 91' lang='lat' dir='ltr'>ipse</span> <span class='ocrx_word' id='word_1_430' title='bbox 1480 4856 1570 4921; x_wconf 91' lang='lat' dir='ltr'>testis</span> <span class='ocrx_word' id='word_1_431' title='bbox 1585 4855 1666 4919; x_wconf 84' lang='lat' dir='ltr'>vidit</span> <span class='ocrx_word' id='word_1_432' title='bbox 1680 4874 1771 4939; x_wconf 92' lang='lat' dir='ltr'>prae-</span> <span class='ocrx_word' id='word_1_433' title='bbox 1806 4859 1842 4914; x_wconf 80' lang='lat'>40</span> 
     </span>
     <span class='ocr_line' id='line_1_42' title="bbox 371 4957 1774 5043; baseline -0.001 -22"><span class='ocrx_word' id='word_1_434' title='bbox 371 4964 496 5022; x_wconf 71' lang='lat' dir='ltr'>sentam</span> <span class='ocrx_word' id='word_1_435' title='bbox 526 4957 634 5022; x_wconf 88' lang='lat' dir='ltr'>literas</span> <span class='ocrx_word' id='word_1_436' title='bbox 663 4958 747 5021; x_wconf 89' lang='lat' dir='ltr'>dicto</span> <span class='ocrx_word' id='word_1_437' title='bbox 778 4958 906 5021; x_wconf 92' lang='lat' dir='ltr'>domino</span> <span class='ocrx_word' id='word_1_438' title='bbox 934 4960 1087 5023; x_wconf 80' lang='lat' dir='ltr'>vaivodae</span> <span class='ocrx_word' id='word_1_439' title='bbox 1116 4980 1174 5043; x_wconf 90' lang='lat' dir='ltr'>pro</span> <span class='ocrx_word' id='word_1_440' title='bbox 1204 4966 1294 5043; x_wconf 85' lang='lat' dir='ltr'>parte</span> <span class='ocrx_word' id='word_1_441' title='bbox 1324 4961 1542 5024; x_wconf 87' lang='lat' dir='ltr'>universitatis</span> <span class='ocrx_word' id='word_1_442' title='bbox 1572 4960 1611 5024; x_wconf 92' lang='lat' dir='ltr'>de</span> <span class='ocrx_word' id='word_1_443' title='bbox 1640 4959 1774 5040; x_wconf 83' lang='lat' dir='ltr'>Cibinio,</span> 
     </span>
     <span class='ocr_line' id='line_1_43' title="bbox 372 5061 1773 5146; baseline 0 -21"><span class='ocrx_word' id='word_1_444' title='bbox 372 5062 428 5125; x_wconf 93' lang='lat' dir='ltr'>sed</span> <span class='ocrx_word' id='word_1_445' title='bbox 450 5061 578 5126; x_wconf 89' lang='lat' dir='ltr'>illorum</span> <span class='ocrx_word' id='word_1_446' title='bbox 600 5061 731 5126; x_wconf 89' lang='lat' dir='ltr'>nomina</span> <span class='ocrx_word' id='word_1_447' title='bbox 752 5063 861 5143; x_wconf 80' lang='lat' dir='ltr'>nescit,</span> <span class='ocrx_word' id='word_1_448' title='bbox 892 5063 973 5126; x_wconf 88' lang='lat' dir='ltr'>dixit</span> <span class='ocrx_word' id='word_1_449' title='bbox 996 5070 1121 5127; x_wconf 73' lang='lat' dir='ltr'>munim</span> <span class='ocrx_word' id='word_1_450' title='bbox 1143 5084 1178 5127; x_wconf 92' lang='lat' dir='ltr'>se</span> <span class='ocrx_word' id='word_1_451' title='bbox 1201 5063 1319 5127; x_wconf 82' lang='lat' dir='ltr'>vidisse</span> <span class='ocrx_word' id='word_1_452' title='bbox 1342 5068 1374 5127; x_wconf 94' lang='lat' dir='ltr'>et</span> <span class='ocrx_word' id='word_1_453' title='bbox 1395 5064 1458 5146; x_wconf 92' lang='lat' dir='ltr'>legi</span> <span class='ocrx_word' id='word_1_454' title='bbox 1481 5064 1642 5127; x_wconf 83' lang='lat' dir='ltr'>audivisse</span> <span class='ocrx_word' id='word_1_455' title='bbox 1673 5063 1773 5126; x_wconf 86' lang='lat' dir='ltr'>dictas</span> 
     </span>
     <span class='ocr_line' id='line_1_44' title="bbox 368 5164 1772 5250; baseline 0.002 -23"><span class='ocrx_word' id='word_1_456' title='bbox 368 5164 475 5229; x_wconf 88' lang='lat' dir='ltr'>literas</span> <span class='ocrx_word' id='word_1_457' title='bbox 495 5166 714 5229; x_wconf 77' lang='lat' dir='ltr'>universitatIs</span> <span class='ocrx_word' id='word_1_458' title='bbox 736 5166 775 5229; x_wconf 91' lang='lat' dir='ltr'>de</span> <span class='ocrx_word' id='word_1_459' title='bbox 791 5164 915 5229; x_wconf 80' lang='lat' dir='ltr'>cibinio</span> <span class='ocrx_word' id='word_1_460' title='bbox 938 5166 1080 5248; x_wconf 90' lang='lat' dir='ltr'>rogantis</span> <span class='ocrx_word' id='word_1_461' title='bbox 1096 5167 1215 5230; x_wconf 88' lang='lat' dir='ltr'>dictum</span> <span class='ocrx_word' id='word_1_462' title='bbox 1234 5167 1399 5229; x_wconf 88' lang='lat' dir='ltr'>dominum</span> <span class='ocrx_word' id='word_1_463' title='bbox 1422 5167 1600 5250; x_wconf 86' lang='lat' dir='ltr'>vaivodam,</span> <span class='ocrx_word' id='word_1_464' title='bbox 1622 5171 1660 5230; x_wconf 90' lang='lat' dir='ltr'>ut</span> <span class='ocrx_word' id='word_1_465' title='bbox 1681 5185 1772 5250; x_wconf 87' lang='lat' dir='ltr'>prae-</span> 
     </span>
     <span class='ocr_line' id='line_1_45' title="bbox 368 5268 1773 5353; baseline 0.001 -21"><span class='ocrx_word' id='word_1_466' title='bbox 368 5268 484 5333; x_wconf 90' lang='lat' dir='ltr'>dictam</span> <span class='ocrx_word' id='word_1_467' title='bbox 515 5270 717 5334; x_wconf 89' lang='lat' dir='ltr'>securitatem</span> <span class='ocrx_word' id='word_1_468' title='bbox 748 5270 936 5333; x_wconf 90' lang='lat' dir='ltr'>concederet</span> <span class='ocrx_word' id='word_1_469' title='bbox 958 5269 1087 5333; x_wconf 86' lang='lat' dir='ltr'>decanis</span> <span class='ocrx_word' id='word_1_470' title='bbox 1113 5275 1146 5332; x_wconf 90' lang='lat' dir='ltr'>et</span> <span class='ocrx_word' id='word_1_471' title='bbox 1167 5270 1311 5351; x_wconf 90' lang='lat' dir='ltr'>plebanis</span> <span class='ocrx_word' id='word_1_472' title='bbox 1341 5271 1518 5353; x_wconf 86' lang='lat' dir='ltr'>praedictis.</span> <span class='ocrx_word' id='word_1_473' title='bbox 1553 5271 1773 5353; x_wconf 89' lang='lat' dir='ltr'>Interrogatus</span> 
     </span>
    </p>
   </div>
   <div class='ocr_carea' id='block_1_3' title="bbox 523 5375 1842 5571">
    <p class='ocr_par' dir='ltr' id='par_1_7' title="bbox 523 5375 1842 5571">
     <span class='ocr_line' id='line_1_46' title="bbox 524 5375 1842 5473; baseline -0.008 -13"><span class='ocrx_word' id='word_1_474' title='bbox 524 5405 545 5473; x_wconf 92' lang='lat'>¹)</span> <span class='ocrx_word' id='word_1_475' title='bbox 567 5375 722 5460; x_wconf 78' lang='lat' dir='ltr'>Vertcssart</span> <span class='ocrx_word' id='word_1_476' title='bbox 740 5420 806 5459; x_wconf 81' lang='lat' dir='ltr'>aaa:</span> <span class='ocrx_word' id='word_1_477' title='bbox 824 5404 896 5473; x_wconf 87' lang='lat' dir='ltr'>ipsis.</span> <span class='ocrx_word' id='word_1_478' title='bbox 1807 5405 1842 5460; x_wconf 76' lang='lat'>45</span> 
     </span>
     <span class='ocr_line' id='line_1_47' title="bbox 523 5489 1021 5571; baseline -0.002 -26"><span class='ocrx_word' id='word_1_479' title='bbox 523 5489 545 5571; x_wconf 78' lang='lat'>²)</span> <span class='ocrx_word' id='word_1_480' title='bbox 564 5489 694 5559; x_wconf 71' lang='lat' dir='ltr'>Hierauf</span> <span class='ocrx_word' id='word_1_481' title='bbox 706 5490 959 5563; x_wconf 62' lang='lat' dir='ltr'>cardamatem:</span> <span class='ocrx_word' id='word_1_482' title='bbox 977 5490 1021 5545; x_wconf 89' lang='lat' dir='ltr'>ibi.</span> 
     </span>
    </p>
   </div>
   <div class='ocr_carea' id='block_1_4' title="bbox 0 0 2058 6292">
    <p class='ocr_par' dir='ltr' id='par_1_8' title="bbox 0 0 2058 6292">
     <span class='ocr_line' id='line_1_48' title="bbox 0 0 2058 6292; baseline 0 0"><span class='ocrx_word' id='word_1_483' title='bbox 0 0 2058 6292; x_wconf 95' lang='lat' dir='ltr'> </span> 
     </span>
    </p>
   </div>
  </div>
 </body>
</html>
