4086 6300
938 537 1093 633 *eea-

471 725 539 790 Nos
560 727 711 809 magister
731 726 926 791 Benedictus
948 727 1189 790 archidiaconus
1212 727 1251 790 de
1266 727 1386 810 Tylegd
1409 728 1600 792 venerabilis
1618 729 1718 813 patris

317 836 350 894 et
372 830 492 894 domini
506 829 672 893 Benedicti
694 831 745 895 dei
768 833 870 915 gratia
892 832 1030 915 episcopi
1046 831 1262 895 Transsiluani
1278 832 1415 895 vicarius
1431 832 1588 915 generalis
1603 831 1717 896 damus

316 955 373 1020 pro
397 934 557 1015 memoria
581 935 668 1015 quod
690 955 764 998 cum
786 936 819 998 in
843 936 964 998 octavis
986 937 1162 999 nativitatis
1185 936 1294 999 beatae
1319 935 1451 1018 virginis
1474 935 1602 999 domina
1617 936 1718 1001 Filena

316 1038 426 1103 relicta
454 1036 629 1119 Mychaelis
658 1038 764 1102 fratris
794 1039 893 1102 Belus
923 1040 962 1103 de
993 1040 1068 1102 villa
1096 1039 1220 1103 Teremi
1252 1046 1364 1102 contra
1396 1040 1534 1103 eundem
1569 1041 1716 1104 comitem

316 1141 415 1207 Belus
437 1142 476 1204 de
491 1141 646 1205 Ivedeech
668 1143 846 1205 secundum
868 1143 1002 1206 formam
1020 1143 1183 1207 literarum
1206 1144 1307 1227 ipsius
1323 1142 1442 1206 domini
1459 1144 1559 1208 nostri
1575 1145 1714 1229 episcopi
1749 1153 1766 1203 5

315 1252 413 1311 testes
441 1245 617 1329 producere
648 1246 819 1325 debuisset,
849 1247 976 1310 tandem
1005 1265 1063 1329 per
1093 1245 1274 1310 amicabiles
1301 1248 1527 1329 compositores
1548 1247 1717 1311 Nicolaum

230 1393 233 1399 -
317 1350 466 1415 videlicet
488 1348 631 1413 villicum
653 1349 865 1431 comitemque
881 1348 977 1430 Myke
1000 1350 1087 1412 cives
1101 1349 1258 1413 Albenses
1281 1370 1317 1413 ao
1340 1350 1419 1414 alios
1443 1370 1539 1432 quam
1562 1352 1717 1435 plurimos

318 1460 351 1519 et
372 1474 415 1519 ex
437 1455 521 1518 bona
535 1453 701 1518 voluntate
717 1454 891 1517 eorundem
914 1462 988 1518 ante
1010 1454 1237 1538 productiones
1260 1456 1388 1520 testium
1405 1456 1509 1519 taliter
1530 1476 1564 1520 se
1579 1457 1716 1521 confessi

317 1565 394 1624 sunt
416 1558 624 1623 concordasse
640 1564 672 1621 et
685 1577 792 1621 coram
808 1558 899 1622 nobis
915 1559 1159 1641 concordarunt
1183 1560 1268 1641 quod
1284 1580 1341 1643 pro
1359 1560 1432 1623 dote
1454 1560 1556 1643 ipsius
1572 1561 1718 1624 dominae

317 1664 402 1727 idem
431 1682 537 1726 comes
557 1661 657 1726 Belus
684 1663 809 1726 tertiam
839 1668 960 1745 purtem
990 1661 1091 1744 ipsius
1121 1667 1223 1727 terrae
1255 1682 1311 1727 sen
1343 1663 1437 1728 villae
1458 1663 1616 1728 Iuedeech
1642 1684 1716 1728 cum
1754 1670 1787 1723 10

318 1765 466 1831 omnibus
489 1765 678 1829 utilitatibus
701 1765 776 1847 suis,
806 1766 890 1830 sicut
911 1766 995 1829 idem
1018 1765 1163 1846 Mycbael
1186 1767 1320 1830 maritus
1351 1768 1452 1831 dictae
1475 1769 1622 1832 dominae
1643 1788 1717 1852 pos-

318 1871 408 1952 sedit
431 1869 485 1933 dat
507 1875 539 1933 et
561 1870 701 1952 assignat
723 1870 900 1933 seeundum
922 1870 1187 1933 consuetudinem
1203 1872 1292 1953 regni
1311 1871 1413 1934 eidem
1437 1872 1583 1936 dominae
1598 1871 1717 1936 Elenac

317 1973 550 2059 possidendam,
573 1980 605 2038 et
626 1993 732 2037 coram
754 1973 847 2036 nobis
870 1973 958 2037 dedit
980 1978 1012 2036 et
1027 1973 1203 2056 assignavit
1224 1975 1335 2055 eidem,
1359 1974 1434 2039 licet
1455 1981 1492 2040 ut
1513 1976 1597 2039 idem
1619 1977 1717 2041 Belus

318 2080 443 2145 dicebat
477 2077 561 2161 quod
593 2077 696 2141 dictus
719 2077 864 2160 Mycbeel
894 2077 1027 2140 maritus
1058 2078 1203 2141 dominae
1231 2079 1293 2141 iam
1327 2079 1428 2143 dictae
1458 2081 1560 2163 ipsam
1593 2081 1716 2144 tertiam

318 2189 440 2269 partem
468 2202 527 2266 pro
558 2183 666 2246 docem
696 2181 810 2245 marcis
840 2181 965 2264 pignori
994 2181 1189 2263 obligaverit,
1220 2188 1326 2245 tamen
1357 2183 1467 2246 eadem
1493 2183 1622 2247 domina
1643 2204 1717 2247 cum
1753 2192 1786 2244 15

317 2289 387 2372 ipso
410 2305 507 2351 onere
530 2305 588 2350 seu
610 2286 742 2368 pignore
765 2286 940 2368 acceptavit
961 2304 1066 2347 coram
1083 2284 1184 2366 uobis,
1207 2290 1239 2348 et
1256 2304 1313 2347 nos
1329 2286 1434 2368 ipsum
1457 2287 1604 2351 comitem
1619 2287 1718 2351 Belus

319 2413 355 2456 ac
377 2392 456 2455 alios
477 2389 682 2453 fideiussores
704 2408 801 2472 super
825 2389 1023 2471 impetitione
1046 2389 1128 2451 dotis
1151 2389 1251 2471 ipsius
1275 2389 1421 2453 dominae
1444 2390 1639 2454 reddidimus
1661 2410 1717 2454 ex·

318 2495 450 2580 pedites.
473 2493 592 2557 Datum
608 2492 717 2574 Albae,
740 2493 772 2555 in
797 2494 918 2557 octavis
939 2493 1115 2557 nativitatis
1137 2491 1247 2556 beatae
1265 2493 1399 2576 virginis
1419 2493 1609 2576 praelibatis,
1632 2513 1716 2559 auno

319 2600 439 2664 domini
458 2574 500 2662 nl.
520 2574 605 2661 060.
617 2573 659 2660 A.
675 2615 769 2660 nono.

972 2822 1064 2904 ses.
1753 2848 1789 2904 ω
1872 2928 1875 2932 Α

398 2989 581 3062 Temeecar
605 2990 704 3058 1319
731 2986 920 3059 November
944 2989 1003 3057 12.
1044 2987 1161 3077 Kdaip
1187 2987 1281 3058 Korl
1315 2987 1473 3078 bestdtipt
1504 2989 1559 3060 die
1593 2987 1717 3060 Ueter-

318 3111 477 3199 eimiamfl
511 3109 675 3181 awiscbea
701 3107 804 3179 Peter
838 3109 912 3179 eod
938 3107 1066 3195 Simon,
1105 3104 1215 3180 Sdbae
1242 3108 1423 3196 Micheas,
1459 3110 1533 3181 aad
1561 3108 1717 3196 flamna

318 3234 379 3305 des
396 3230 590 3302 Ferbesies
608 3227 711 3316 Sota,
740 3230 914 3301 eiaerseits
940 3230 1015 3301 aad
1039 3230 1103 3301 den
1124 3228 1258 3301 Sdbaen
1282 3230 1457 3302 Uorardus
1474 3254 1539 3302 oca
1560 3229 1719 3302 Telmeeb

319 3353 538 3439 eedrerseits,
567 3351 655 3422 aocb
680 3351 823 3422 welcher
840 3351 941 3437 diese,
962 3333 1054 3438 fulls
1070 3352 1120 3421 sie
1138 3351 1222 3422 obne
1240 3352 1432 3423 mdaaliebe
1451 3352 1568 3424 Erbea
1585 3352 1719 3423 sterben

317 3475 469 3561 wiirdea
497 3473 607 3544 iliram
635 3471 816 3562 Schwaper
842 3471 945 3543 Peter
970 3471 1045 3542 aad
1066 3471 1237 3542 Geaossea
1263 3473 1361 3544 einen
1379 3473 1522 3544 Aotbeil
1547 3497 1593 3544 oe
1619 3474 1719 3544 ibren
1753 3489 1787 3544 25

320 3597 551 3684 Beeiteeapea
585 3592 756 3684 Tolmach,
790 3591 1002 3685 Feleawya
1037 3590 1168 3684 omns,
1198 3592 1351 3685 Alamor,
1381 3592 1524 3684 Zamae,
1553 3591 1719 3685 Bollrach,

321 3716 474 3810 Sythwe,
500 3713 593 3807 Syle,
619 3712 781 3806 Medwes,
807 3712 1052 3805 Mortonlalva,
1078 3712 1195 3803 Zeech‚
1222 3712 1433 3810 Hortobagh,
1459 3713 1548 3787 villa
1570 3713 1718 3787 Morteni

320 3844 353 3911 et
378 3835 467 3908 villa
491 3833 621 3907 lbmen
644 3836 855 3907 comaclen.

401 4013 547 4029 .....
573 3954 611 4026 in
638 3954 752 4027 eodem
779 3976 872 4027 auno
897 3954 984 4027 feria
1011 3955 1162 4027 secunda
1187 3954 1346 4048 proxima
1370 3963 1447 4050 post
1473 3963 1612 4029 octavas
1638 3956 1719 4029 festi

321 4077 476 4152 omnium
503 4083 700 4150 sanatorum
727 4075 766 4147 in
790 4076 986 4149 Temeswar
1013 4133 1157 4148 .....
1540 4070 1545 4080 ’
1753 4094 1789 4150 30

477 4241 680 4311 Eiopeeebaltet
702 4257 756 4295 oon
779 4241 839 4295 dem
861 4241 1085 4310 Weissenberper
1102 4239 1217 4308 Kapitel
1242 4244 1309 4295 1319
1330 4241 1389 4295 und
1407 4241 1456 4295 mit
1474 4241 1563 4295 dieser
1588 4240 1718 4296 Urbunde

424 4328 547 4383 erwdm
563 4344 617 4382 eoo
634 4329 694 4381 dem
716 4327 929 4382 Viaewoiwoden
947 4325 1197 4392 Ladislaas1413,
1221 4326 1409 4395 einpescbaltet
1429 4344 1482 4381 voa
1500 4328 1560 4382 dem
1583 4327 1717 4383 Weissen-

425 4415 525 4484 barper
541 4413 656 4482 Kapitei
674 4418 750 4480 1413,
771 4413 847 4484 Oriy.
871 4413 974 4483 Uesper.
993 4412 1201 4466 Landeaarebio
1218 4412 1369 4481 Bedapest.

476 4535 589 4605 Repeti:
607 4535 694 4601 Fejtr
715 4535 804 4590 (lodex
822 4535 879 4602 XI,
897 4538 957 4589 186.
975 4533 1159 4589 Domitiana
1177 4534 1343 4589 Documeote
1361 4538 1421 4590 579.

972 4811 1064 4894 369.
1754 4838 1788 4891 as

394 4980 494 5050 1319
527 4975 715 5050 Deaaoer
753 4979 787 5047 7.
824 4972 900 5046 Dos
943 4974 1224 5066 Weisseaberper
1258 4975 1403 5067 Kupitel
1437 4976 1629 5068 bepleebipt
1664 4978 1720 5049 die

326 5099 491 5173 Urbeede
527 5099 586 5170 des
613 5098 746 5189 Kdeips
777 5096 872 5168 Kerl
905 5119 969 5168 voa
994 5098 1093 5168 1319
1120 5096 1186 5168 Nr.
1219 5098 1304 5168 368
1334 5095 1518 5186 betreffead
1547 5097 1717 5185 Tolmaeb,

319 5221 524 5313 Feleetewye,
558 5219 675 5291 Omine
699 5219 774 5290 read
800 5218 909 5289 oodre
936 5216 1175 5309 Basileuopen.

401 5398 546 5415 .....
572 5340 612 5413 in
629 5362 721 5414 anno
739 5338 869 5411 domini
886 5337 1073 5411 millesimo
1089 5338 1326 5411 trecentesimo
1343 5337 1472 5412 decimo
1490 5361 1588 5433 nono,
1615 5339 1717 5413 tertia

320 5461 410 5537 feria
434 5461 474 5535 in
500 5460 631 5536 mtavis
657 5459 749 5535 beati
775 5459 933 5533 Andreae
959 5457 1103 5554 apostoli
1130 5516 1275 5532 .....
1751 5475 1787 5531 ao
