4084 6302
911 606 1066 703 *ate-

290 793 433 857 aiusdem
465 793 663 857 vestimentis
699 813 811 857 eorum
841 794 1010 877 denudari,
1048 799 1080 858 61
1109 794 1282 858 nonnullos
1315 793 1477 858 1611161611
1514 797 1547 859 61
1578 793 1691 877 occidi,

290 903 322 960 61
343 897 443 980 ipsam
466 897 627 960 civitatem
657 897 690 959 in
721 902 811 981 parte
840 898 923 981 ignis
949 898 1095 962 incendio
1118 899 1322 981 concremari,
1351 917 1388 961 ac
1409 895 1689 965 Hancbimaunum

292 1000 496 1064 habitatorem
522 1000 615 1065 villae
638 1001 678 1065 de
692 1000 829 1064 Emduio
837 1002 859 1079 ¹)
882 1001 983 1065 dictae
999 1000 1142 1081 diocesis,
1164 1001 1324 1066 hominem
1340 1001 1528 1066 dilectorum
1549 998 1689 1069 filiorum

291 1103 420 1187 capituli
443 1105 594 1168 ecclesiae
615 1104 803 1188 praedictae,
825 1105 978 1188 captivari
999 1109 1032 1168 et
1054 1105 1239 1169 tormentari
1261 1110 1294 1170 et
1315 1105 1437 1169 16161116
1458 1103 1594 1169 detineri
1615 1123 1690 1188 cap·

240 1216 256 1266 6
293 1209 405 1289 tivum,
435 1208 536 1272 donec
557 1209 626 1293 1666
652 1210 805 1275 ducentas
827 1229 948 1274 marcas
979 1208 1054 1272 boni
1077 1209 1199 1292 argenti
1221 1209 1375 1292 persolvit
1403 1207 1516 1291 eidem,
1548 1225 1608 1272 nec
1629 1207 1691 1274 11116

289 1316 460 1376 6661611166
491 1311 582 1376 villas
612 1313 806 1397 episcopales
827 1313 999 1394 Harenam,
1028 1311 1133 1394 Bylolr
1160 1318 1193 1376 et
1217 1311 1325 1377 Nehec
1347 1318 1477 1377 vocatas
1506 1310 1690 1396 6661161161

290 1414 451 1496 quandam
480 1415 573 1479 aliam
603 1415 711 1479 villam
742 1421 958 1500 nuncupatam
990 1417 1089 1498 Buyn
1122 1416 1280 1481 dictorum
1310 1415 1442 1501 capituli
1470 1415 1628 1499 occupari,
1658 1419 1691 1481 at

289 1524 393 1582 666116
421 1517 571 1583 Kuhelim
601 1519 744 1583 eiusdem
774 1519 908 1584 diocesis
938 1519 1089 1604 applicari
1118 1520 1282 1584 mandavit
1310 1524 1343 1585 et
1371 1519 1455 1602 16611,
1485 1539 1522 1583 ac
1552 1518 1691 1585 decimas

290 1623 433 1686 61161616
456 1623 608 1687 comitatu
631 1623 670 1686 de
685 1621 817 1687 Huniod
833 1623 935 1688 dictae
957 1623 1092 1688 (11666616
1114 1630 1146 1688 61
1168 1623 1369 1706 quarundam
1391 1622 1525 1687 aliarum
1540 1621 1690 1687 villarum

223 1733 254 1785 10
289 1726 321 1788 in
338 1725 407 1789 aliis
422 1726 623 1790 comitatibus
638 1726 779 1790 eiusdem
795 1726 929 1790 diocesis
944 1727 1150 1791 existentium
1172 1727 1213 1791 ad
1234 1725 1372 1810 ipsum¹l
1394 1725 1570 1811 capitulum
1592 1725 1690 1811 perti·

290 1836 403 1894 nentes
433 1831 600 1913 occupavit
633 1836 666 1894 et
695 1830 832 1894 detinuit
864 1831 959 1913 longo
990 1834 1132 1914 tempore
1166 1835 1344 1914 occupatas,
1382 1849 1509 1894 necnon
1538 1830 1690 1894 Thomam

289 1934 453 1997 custodem
476 1934 577 1998 dictae
600 1934 750 1998 ecclesiae
780 1936 976 2016 sacerdotem
1005 1935 1108 2017 capiet
1132 1935 1295 2018 captivari,
1324 1954 1362 1999 ac
1383 1933 1567 1998 Ladiulaum
1589 1933 1690 1997 archi-

288 2036 457 2100 diaconum
481 2037 519 2100 de
542 2037 654 2102 Zonulr
676 2039 710 2101 in
733 2039 865 2103 66616616
878 2038 1135 2103 Transilvanensi
1158 2039 1319 2122 praedicta
1340 2037 1511 2121 verberari,
1535 2043 1568 2102 et
1590 2056 1688 2120 quam

288 2140 496 2223 plurimarum
511 2141 642 2205 aliarum
660 2161 868 2225 personarum
884 2148 948 2205 tam
963 2142 1246 2205 ecclesiasticarum
1260 2161 1356 2223 quam
1367 2141 1578 2206 saecularium
1590 2142 1691 2226 ipsius

223 2253 254 2305 16
290 2244 442 2309 ecclesiae
464 2244 664 2309 subditarum
686 2246 857 2328 captiones,
880 2250 912 2308 et
931 2245 1135 2328 spoliationes
1157 2244 1315 2309 bonorum
1337 2245 1503 2309 mobilium
1525 2251 1558 2310 61
1578 2246 1690 2309 immo·

289 2348 409 2425 biliurn,
441 2349 656 2413 mutilationes
679 2349 893 2413 membrorum
917 2355 949 2413 61
978 2356 1097 2412 1661166
1119 2349 1330 2412 6666111611661
1352 2350 1518 2413 hominum
1547 2349 1690 2435 eiusdem

289 2453 439 2517 ecclesiae
463 2454 625 2516 mandavit
640 2458 672 2517 et
686 2453 761 2518 16611
783 2454 815 2515 16
839 2452 962 2516 6611666
978 2471 1054 2516 snae
1074 2453 1275 2536 dispendium
1290 2454 1408 2518 multas
1423 2452 1501 2516 alias
1524 2452 1690 2517 1161661166

288 2556 421 2619 16161166
451 2562 483 2620 61
513 2556 648 2620 offensas
677 2563 788 2620 contra
817 2557 1001 2640 episcopum
1031 2569 1063 2620 et
1091 2557 1266 2640 capitulum
1295 2576 1333 2621 ac
1362 2557 1527 2621 ecclesiam
1557 2556 1691 2640 irrogari

289 2659 475 2742 praedictos,
498 2666 530 2723 61
552 2660 592 2723 de
614 2660 690 2723 solis
713 2661 837 2725 damnis
859 2679 916 2743 per
938 2660 1075 2723 eundem
1098 2659 1238 2725 nobilem
1257 2679 1314 2724 666
1337 2661 1376 2725 de
1398 2661 1547 2725 mandato
1571 2680 1630 2725 suo
1652 2659 1690 2724 il·

221 2769 256 2825 20
290 2764 363 2826 latis
385 2763 505 2826 eisdem
520 2764 576 2826 vix
591 2772 699 2847 posset
713 2764 816 2827 eidem
831 2762 982 2826 ecclesiae
997 2784 1071 2828 curn
1091 2765 1202 2847 viginti
1218 2763 1359 2828 millibus
1374 2783 1553 2828 marcarum
1567 2764 1690 2847 argenti

290 2867 461 2930 satisfactio
486 2867 592 2930 debita
613 2867 764 2931 exhiberi.
797 2867 934 2932 11111661
964 2868 1046 2930 idem
1069 2868 1203 2931 Thomas
1233 2868 1354 2952 pluries
1376 2867 1559 2932 admonitura
1588 2871 1691 2932 661166

292 2978 392 3034 terras
414 2978 447 3034 et
469 2971 684 3054 possessiones
706 2970 879 3033 eorundem
904 2971 1052 3054 episcopi,
1079 2971 1209 3053 capituli
1232 2977 1264 3035 61
1286 2972 1437 3036 ecclesiae
1460 2970 1612 3035 6116116166
1633 2988 1691 3053 661

290 3093 362 3137 eum
387 3074 506 3137 eisdem
530 3074 677 3157 episcopo
701 3080 733 3137 et
755 3074 893 3157 capitulo
919 3075 1052 3138 reddere
1072 3079 1105 3137 et
1127 3074 1294 3138 restituere
1318 3093 1375 3139 666
1398 3074 1488 3139 reddi
1511 3081 1543 3140 at
1564 3073 1690 3139 restitui

290 3177 393 3241 166616
409 3178 614 3262 promisisset
631 3183 663 3240 et
678 3176 772 3239 huius
783 3179 1002 3261 promissionis
1017 3184 1186 3262 6166161116
1202 3198 1221 3241 6
1235 3178 1410 3261 sententiis,
1428 3178 1546 3262 quibus
1560 3183 1691 3263 propter

221 3287 255 3342 26
290 3282 462 3364 praemissa
476 3281 594 3364 ligatus
609 3287 685 3361 erat,
708 3279 873 3343 absolutus
888 3281 1010 3362 1616661,
1032 3289 1151 3364 etpost
1165 3282 1378 3359 huiusmodi³l
1401 3282 1643 3365 promissionem
1659 3287 1692 3346 et

291 3384 523 3448 absolutionem
546 3384 586 3448 ad
610 3384 794 3448 mandatum
816 3385 968 3448 carissimi
992 3387 1025 3449 in
1049 3385 1174 3450 Christo
1195 3384 1253 3449 filii
1276 3386 1378 3450 nostri
1400 3385 1504 3451 Caroli
1521 3386 1605 3469 regis
1621 3384 1691 3450 Un-

289 3490 394 3571 gariae
410 3489 542 3553 illustris
557 3488 666 3570 aliqua
681 3487 872 3551 restituisset
887 3488 1034 3572 episcopo
1050 3496 1082 3553 61
1097 3490 1236 3573 66611616
1251 3509 1349 3573 66616
1364 3489 1465 3553 dictis.
1480 3488 1690 3554 Postmodum

291 3604 394 3657 tumen
418 3594 502 3656 idem
524 3593 658 3655 Thomas
681 3611 776 3655 suurn
806 3592 839 3654 in
862 3592 954 3675 peius
975 3598 1103 3657 mutans
1126 3594 1324 3677 propositum
1352 3599 1385 3657 et
1406 3613 1441 3658 66
1463 3592 1630 3657 actualiter
1651 3593 1692 3657 ad

290 3698 397 3780 661616
419 3703 619 3777 convertens,
651 3716 714 3759 non
739 3695 842 3759 solum
865 3696 988 3777 aliquas
1011 3697 1050 3760 de
1078 3697 1246 3781 praedictis
1270 3696 1362 3760 terris
1384 3700 1417 3760 et
1438 3693 1692 3779 possessionibus

221 3806 256 3860 30
291 3802 455 3880 restitutis,
478 3800 548 3863 illas
570 3801 725 3881 videlicet,
753 3818 833 3881 quas
855 3800 968 3884 potuit,
992 3801 1098 3864 denuo
1121 3802 1297 3885 occupavit,
1327 3819 1441 3864 verum
1463 3799 1559 3863 611661
1581 3817 1692 3863 616666

291 3912 391 3967 616166
413 3911 446 3968 61
467 3904 582 3967 11161166
605 3904 778 3968 earundem
794 3910 950 3968 terrarum
974 3910 1006 3968 61
1020 3905 1258 3988 possessionum
1276 3911 1314 3968 61
1329 3904 1542 3988 praemittitur
1563 3902 1693 3968 restitu-

291 4016 395 4071 tarum
419 4007 540 4070 destrui
563 4008 726 4070 mandavit
747 4014 779 4072 61
801 4008 884 4089 fecit,
907 4013 939 4071 et
961 4007 1077 4071 multas
1100 4009 1192 4072 villas
1214 4007 1418 4093 episcopales,
1441 4005 1589 4071 videlicet
1603 4005 1692 4090 Sard,

291 4110 512 4191 SeuthirikleS,
545 4111 703 4191 Tentiolu,
734 4111 899 4189 Keresieu,
929 4111 1061 4194 Pispilry
1090 4117 1123 4174 et
1152 4111 1324 4195 Barathpy,
1358 4109 1483 4194 Spylyx
1513 4110 1693 4175 6616166166

292 4214 393 4277 (lictae
417 4213 558 4291 diocesis,
582 4214 738 4297 spoliavit,
760 4215 911 4277 laceravit
933 4221 965 4278 61
986 4215 1146 4278 destruxit
1168 4233 1225 4279 seu
1248 4215 1385 4298 spoliari,
1407 4213 1548 4297 lacerari,
1571 4212 1692 4278 destrui

222 4324 256 4379 35
292 4326 324 4381 et
345 4318 469 4400 aliquas
485 4319 689 4399 concremari,
712 4338 748 4380 ac
772 4318 916 4381 subditos
931 4326 963 4381 et
980 4318 1114 4381 vasallos
1137 4319 1238 4401 ipsius
1252 4318 1392 4402 episcopi
1407 4317 1478 4401 capi
1492 4320 1525 4379 61
1539 4315 1693 4380 trucidari

291 4421 453 4485 mandavit
475 4421 612 4503 etfacit,
635 4423 805 4505 ipsumque
829 4421 1012 4504 episcopum
1036 4428 1069 4485 61
1088 4421 1253 4485 ecclesiam
1275 4420 1429 4504 proscribi
1452 4425 1484 4484 et
1506 4419 1633 4483 banniri
1655 4438 1693 4483 66

289 4525 476 4608 proclamari
505 4525 545 4588 de
566 4525 658 4605 16616,
689 4532 725 4588 61
747 4525 942 4606 quicumque
965 4530 1048 4587 esset
1070 4524 1104 4587 in
1127 4525 1257 4589 servitio
1279 4524 1419 4608 episcopi
1442 4523 1609 4589 memorati
1638 4523 1689 4587 in·

289 4627 392 4692 fidelis
421 4630 486 4711 regi
511 4629 670 4712 praedicto
694 4634 726 4690 61
748 4628 887 4710 16661611
911 4647 948 4690 ac
970 4628 1088 4711 privari
1115 4627 1244 4692 deberet
1266 4627 1414 4692 omnibus
1436 4626 1529 4692 bonis
1551 4627 1627 4710 suis,
1659 4631 1692 4692 et

291 4751 386 4811 quam
409 4731 517 4813 plures
539 4732 632 4794 etiam
657 4732 836 4795 sacerdotes
858 4738 890 4794 61
914 4738 1052 4794 16616166
1074 4730 1280 4794 ecelesiarum
1302 4732 1437 4796 (11666616
1459 4750 1558 4815 66616
1580 4730 1691 4814 dictae,

220 4841 255 4894 40
290 4833 346 4914 qui
369 4834 570 4897 interdictum
595 4841 724 4918 propter
753 4834 933 4898 huiusmodi
957 4835 1098 4897 notorios
1124 4854 1276 4898 excessus
1307 4854 1364 4918 per
1386 4836 1570 4918 episcopum
1594 4854 1692 4918 supra

290 4936 410 4999 dictum
439 4937 618 5019 appositum
650 4937 870 5019 observabant,
904 4937 944 5001 de
974 4938 1041 5001 suis
1070 4937 1211 5001 ecclesiis
1240 4938 1358 5021 expelli
1388 4957 1426 5002 ac
1455 4936 1548 5001 bonis
1577 4955 1690 5002 eorum

289 5038 426 5122 spoliari,
448 5039 582 5124 6161166,
605 5041 661 5123 qui
683 5041 866 5105 huiuamodi
883 5040 1087 5106 interdictum
1109 5041 1149 5104 ad
1172 5040 1358 5104 mandatum
1379 5040 1456 5105 dicti
1474 5040 1612 5105 11166166
1634 5058 1691 5104 66·

290 5144 397 5226 quiter
417 5144 588 5227 violarunt,
609 5144 680 5208 loco
710 5144 867 5208 dictorum
889 5149 1050 5209 rectorum
1072 5143 1149 5228 poni
1175 5144 1209 5206 in
1232 5144 1373 5209 ecclesiis
1396 5162 1495 5228 supra
1515 5142 1615 5208 dictia
1650 5141 1693 5207 ut

447 5298 468 5366 ¹)
486 5296 598 5367 Biatia
614 5302 698 5352 611661
716 5297 842 5368 Enedino,
860 5297 990 5352 Enndino.

222 5384 258 5440 to
447 5385 470 5453 ¹)
492 5382 625 5455 Vorlcpc:
641 5383 722 5454 16666.

448 5472 471 5540 ⁸)
493 5470 627 5541 Vcrlopo:
644 5470 733 5526 huius.
