4048 6284
869 602 1024 697 —se—

246 794 293 857 eis
306 792 530 877 respondeant
548 792 709 856 Volumus
724 798 757 857 et
772 792 867 856 etiam
881 790 1015 855 firmiter
1029 790 1251 875 praecipimus,
1267 794 1428 871 quatenns
1442 789 1528 873 ipsos
1541 787 1652 852 nullus

241 897 365 962 >iudicet
393 897 455 962 nisi
484 915 544 961 nos
573 896 626 960 vel
648 916 755 961 comes
785 895 1018 978 Ohybiniensis,
1053 914 1150 977 quem
1178 913 1238 957 nos
1267 893 1312 957 eis
1342 893 1413 957 loeo
1444 899 1477 957 et
1506 898 1649 976 tempore

247 1001 488 1065 constituemus.
533 1000 666 1065 Slvere
690 1019 797 1063 coram
820 1018 1025 1082 quocumque
1051 999 1157 1062 iudice
1179 998 1399 1078 remanserint,
1430 996 1651 1061 tautummodo

247 1105 401 1169 iudicium
435 1104 752 1169 consuetudinarium
785 1102 918 1167 reddere
947 1086 1126 1183 teneantur,
1159 1120 1219 1165 neo
1249 1121 1304 1165 eos
1334 1101 1429 1165 etiam
1463 1100 1580 1183 aliquus
1613 1101 1653 1164 ad

195 1216 213 1267 5
249 1208 460 1291 praesentiam
489 1212 632 1271 nostram
661 1207 759 1271 citare
788 1212 979 1291 praesumat,
1011 1207 1073 1269 nisi
1103 1226 1199 1269 causa
1230 1224 1337 1268 eoram
1367 1223 1426 1268 suo
1460 1205 1566 1270 iudice
1586 1225 1653 1269 ncn

247 1313 350 1396 possit
372 1311 545 1375 terminari.
583 1310 715 1374 Praeter
737 1330 814 1374 vero
838 1330 936 1394 supra
958 1312 1042 1374 dicta
1064 1311 1177 1373 silvam
1198 1309 1369 1373 Blacorum
1393 1316 1425 1373 et
1446 1309 1654 1374 Bissenorum

248 1433 322 1478 cum
353 1415 445 1496 aquis
475 1433 555 1477 usus
585 1432 770 1478 communes
801 1415 981 1479 exercendo
1013 1435 1086 1478 cum
1117 1413 1286 1498 praedictis
1316 1413 1436 1478 scilicet
1456 1413 1591 1493 Blacis1)
1623 1419 1656 1478 et

248 1517 424 1597 Bissenis’)
446 1518 566 1583 eisdem
589 1517 793 1599 contulimus,
815 1524 854 1582 ut
874 1519 1017 1602 praelata
1037 1518 1214 1602 gaudentes
1228 1515 1373 1582 libertate
1396 1517 1478 1580 nulli
1499 1518 1574 1582 inde
1590 1536 1656 1581 ser-

249 1623 318 1686 vire
340 1628 518 1686 tenemur.
539 1621 677 1705 Insuper
699 1623 819 1686 eisdem
841 1623 1066 1703 concessimus,
1090 1621 1178 1703 quod
1199 1623 1333 1685 unicum
1354 1621 1493 1705 sigillum
1509 1620 1655 1704 habeant,

180 1731 216 1784 10
252 1726 340 1807 quod
362 1726 447 1809 apud
469 1746 529 1790 nos
551 1732 584 1790 et
605 1732 769 1809 magnates
791 1731 918 1788 nostros
941 1726 1106 1790 evidenter
1127 1730 1345 1808 cognoscatur.
1383 1722 1417 1788 Si
1438 1742 1515 1788 vero
1538 1724 1655 1806 aliquis
1694 1778 1700 1791 .

250 1849 362 1895 eorum
392 1830 533 1912 aliquem
561 1830 734 1894 convenire
764 1829 903 1893 voluerit
931 1829 965 1892 in
995 1849 1093 1893 causa
1120 1829 1287 1913 pecuniali,
1319 1847 1425 1893 coram
1454 1828 1559 1893 iudice
1588 1847 1655 1892 non

249 1933 350 2017 possit
370 1933 419 1997 uti
441 1932 585 2015 testibus,
608 1932 699 2012 nisi⁸)
721 1933 867 2017 personis
886 1933 970 1996 inira
991 1932 1145 1997 terminos
1167 1952 1279 1997 eorum
1294 1934 1485 2016 constitutis,
1507 1934 1593 2017 ipsos
1616 1933 1656 1996 ab

251 2036 338 2101 omni
359 2035 578 2100 iurisdictione
599 2037 728 2120 penitus
742 2038 929 2101 eximentes.
952 2036 1105 2119 Salesque
1126 2036 1269 2101 minutos
1291 2037 1469 2101 secundum
1491 2038 1658 2119 antiquam

250 2139 430 2203 libertatem
452 2137 537 2202 circa
558 2138 676 2204 festum
697 2140 782 2205 beati
805 2140 932 2225 Georgii
962 2146 1033 2206 octo
1065 2140 1186 2223 diebus,
1217 2142 1301 2205 cuca
1327 2142 1444 2207 festum
1466 2141 1551 2205 beati
1572 2141 1657 2225 regis

103 2282 107 2286 Α
182 2251 217 2304 15
253 2240 404 2326 Stephani
427 2249 498 2306 octo
522 2247 554 2307 et
575 2243 659 2307 circa
681 2244 799 2308 festum
827 2243 912 2310 beati
933 2244 1063 2308 Martini
1093 2245 1238 2310 similiter
1269 2250 1340 2309 octo
1372 2245 1485 2309 diebus
1507 2245 1657 2309 omnibus

251 2346 351 2411 libere
364 2347 564 2431 recipiendos
578 2348 797 2412 concedentes.
831 2348 913 2413 Item
934 2355 1060 2433 praeter
1082 2348 1279 2433 supradicta
1301 2348 1419 2413 eisdem
1442 2349 1656 2430 concedimus,

253 2451 341 2533 quod
362 2450 472 2515 nullus
494 2450 735 2515 tributariorum
756 2472 816 2517 neo
839 2453 1039 2518 ascendendo
1062 2472 1122 2517 neo
1148 2453 1370 2517 descendendo
1392 2457 1576 2536 praesumat
1597 2452 1656 2516 im-

253 2555 361 2639 pedire
391 2574 455 2620 eos.
499 2554 620 2618 Silvam
649 2574 725 2620 voro
755 2576 829 2621 cum
859 2558 1008 2622 omnibus
1037 2557 1232 2641 appendiciis
1255 2557 1322 2620 suis
1345 2562 1377 2621 et
1399 2575 1556 2638 aquarum
1578 2575 1659 2620 usus

254 2679 328 2723 cum
351 2659 418 2723 suis
439 2660 606 2741 meatibus,
630 2679 713 2741 quae
735 2659 776 2723 ad
798 2661 898 2724 solius
919 2662 1003 2745 regis
1019 2668 1163 2746 spectant
1185 2662 1399 2743 donationem,
1421 2660 1571 2725 omnibus
1593 2667 1659 2725 tam

182 2767 220 2822 20
254 2762 449 2847 pauperibus
471 2782 568 2845 quam
591 2764 744 2828 divitibus
766 2763 865 2828 libere
887 2765 1091 2829 concedimus
1107 2765 1312 2830 exercendos.
1334 2765 1495 2828 Volumus
1517 2766 1661 2829 etiamst

253 2867 342 2950 regia
362 2867 551 2932 auctoritate
580 2869 801 2952 praecipimus,
831 2874 868 2932 ut
891 2868 1000 2933 nullus
1023 2870 1062 2933 de
1091 2869 1314 2953 iobagionibns
1336 2869 1454 2932 nostris
1476 2868 1586 2931 villam
1606 2867 1660 2932 rel

254 2969 419 3054 praedium
442 2970 572 3052 aliquod
595 2990 615 3034 a
636 2972 723 3055 regia
744 2974 907 3038 maiestate
930 2973 1046 3037 audeat
1067 2972 1239 3057 postulare,
1259 2973 1287 3036 si
1309 2991 1386 3037 vero
1409 2972 1526 3054 aliquis
1548 2976 1659 3055 postu·

254 3073 377 3155 laverit,
405 3073 532 3137 indulta
560 3074 606 3139 eis
628 3075 774 3140 libertato
795 3096 816 3139 a
837 3075 929 3140 ncbis
951 3077 1177 3141 contradicant
1212 3074 1389 3140 Statuimus
1411 3076 1544 3161 insuper
1568 3076 1661 3140 dictis

255 3177 413 3261 fidelibus,
434 3184 472 3242 ut
494 3198 568 3243 cnm
590 3180 631 3243 ad
653 3180 890 3263 expeditionem
912 3181 952 3243 ad
974 3181 1061 3264 ipsos
1082 3200 1141 3245 nos
1164 3181 1275 3245 venire
1300 3181 1477 3264 contigerit,
1500 3186 1566 3245 tres
1589 3181 1660 3244 des·

183 3285 222 3340 25
256 3300 373 3347 census
388 3288 512 3346 tantum
527 3284 652 3348 solvere
667 3284 708 3347 ad
723 3290 850 3349 nostros
864 3305 944 3349 usus
964 3290 1141 3349 teneantur.
1165 3284 1198 3348 Si
1212 3302 1290 3348 vero
1313 3284 1451 3348 vaivcda
1465 3284 1505 3346 ad
1520 3283 1660 3368 regalem

257 3386 426 3475 utilitatem
456 3387 496 3450 ad
525 3388 612 3471 ipsos
641 3388 693 3452 rel
723 3407 780 3472 per
810 3394 926 3453 terram
948 3390 1090 3472 ipsorum
1113 3388 1347 3470 transmittitur,
1375 3388 1456 3451 duos
1479 3388 1661 3469 descensus,

257 3509 360 3553 unum
381 3490 416 3552 in
438 3489 573 3553 introitu
595 3495 627 3553 et
648 3511 751 3554 unum
772 3492 807 3554 in
830 3492 921 3555 exitu
943 3491 1068 3556 solvere
1090 3511 1156 3555 nou
1178 3498 1336 3557 recusent
1366 3492 1544 3556 Adiicimus
1566 3493 1662 3556 etiam

258 3612 356 3676 supra
377 3592 469 3656 dictis
491 3592 691 3657 libertatibus
713 3596 957 3677 praedictorum,
988 3595 1075 3677 quod
1105 3601 1296 3658 mercatores
1326 3613 1438 3659 eorum
1466 3594 1662 3677 ubicumque

258 3695 420 3759 voluerint
441 3696 475 3758 in
497 3715 596 3779 regno
619 3703 729 3760 nostro
751 3697 850 3761 bbere
873 3704 905 3761 st
927 3698 996 3761 sine
1018 3698 1139 3761 tributo
1163 3698 1282 3762 vadant
1303 3704 1336 3762 ot
1356 3703 1568 3781 revertantur,
1595 3698 1663 3762 effi-

187 3806 225 3859 30
260 3800 375 3863 cacitar
395 3801 447 3863 ius
469 3819 566 3864 suum
587 3801 692 3883 regiae
715 3800 894 3864 serenitatis
914 3802 1036 3864 intuitu
1057 3807 1297 3884 prosequentes.
1335 3801 1449 3866 Omnia
1477 3803 1572 3866 etiam
1595 3802 1664 3866 fora

259 3921 371 3965 eorum
392 3903 477 3966 inter
498 3904 586 3986 ipsos
607 3904 676 3967 sine
698 3902 826 3966 tributis
847 3905 1059 3988 praecipimus
1082 3903 1252 3967 observari.
1283 3905 1329 3968 Ut
1350 3912 1457 3968 autem
1481 3905 1558 3969 haec
1581 3924 1663 3987 quae

260 4010 334 4068 ante
357 4005 539 4069 dictasunt
566 4004 658 4068 firma
687 4015 720 4070 et
748 4007 939 4070 inconcussa
960 4015 1168 4089 permaneant
1197 4009 1231 4070 iu
1261 4013 1434 4090 posterum,
1464 4014 1663 4090 praesentem

259 4108 407 4192 paginam
430 4109 565 4191 duplicis
588 4109 682 4191 sigilli
703 4110 806 4171 nostri
828 4110 1004 4174 munimine
1026 4111 1160 4175 lecimus
1181 4111 1332 4174 roborari.
1369 4109 1489 4174 Datum
1516 4130 1600 4173 anno
1624 4110 1663 4174 ab

260 4212 480 4275 incarnatione
495 4212 616 4274 domini
629 4189 672 4275 li.
696 4189 755 4276 66.
774 4191 926 4295 ΧΧΠΙΪ,
941 4215 1032 4298 regni
1047 4220 1154 4278 autem
1169 4215 1271 4277 nostri
1286 4234 1371 4277 anno
1387 4214 1538 4277 vicesimo
1552 4215 1663 4298 primo.

930 4543 1064 4629 44,.

344 4720 454 4795 Tivoli
487 4724 593 4797 1225
622 4723 715 4797 Joai
739 4730 799 4798 10.
840 4727 951 4818 Papst
976 4726 1154 4798 Honorius
1181 4725 1259 4796 ΠΙ.
1291 4724 1364 4816 1161
1399 4725 1455 4795 die
1481 4722 1668 4795 Ausdoaer

263 4844 327 4916 der
347 4843 529 4918 &obodan
547 4845 664 4919 Ritter
681 4848 730 4918 im
747 4847 976 4920 Baraealaad
992 4848 1066 4918 aad
1081 4846 1267 4919 versichert
1286 4844 1453 4918 dimelbea
1470 4845 1530 4918 des
1542 4851 1666 4938 papst

264 4964 376 5038 110666
401 4963 573 5039 &amaea

422 5129 548 5201 aequm
570 5130 779 5187 ausaausa
797 5131 910 5187 Arae.

193 5304 230 5362 40
424 5307 445 5372 ¹)
464 5304 545 5358 1383:
563 5302 655 5373 Blatis,
674 5304 756 5359 1387:
774 5304 869 5359 Blacis.
889 5306 966 5376 1406,
986 5308 1062 5376 1486,
1083 5307 1159 5377 1483,
1179 5307 1261 5363 1627:
1279 5304 1364 5376 piatis.

422 5394 445 5458 2)
465 5391 545 5444 1383:
563 5389 682 5444 Bisssnis
698 5392 846 5446 carbeascrt
863 5408 916 5446 aas
932 5393 1048 5461 piscinis.
1069 5395 1240 5464 1387,1406,
1260 5394 1336 5463 1486,
1357 5393 1433 5462 1493,
1453 5390 1534 5447 1627:
1553 5390 1669 5460 piscinis.

423 5479 446 5546 ⁸)
467 5474 586 5546 Verlapc
602 5476 720 5544 bierunt*
731 5477 844 5532 testibm
860 5477 1017 5534 bedeontol
1034 5479 1278 5549 europaeorum.

1534 5582 1567 5636 3*
