<?xml version="1.0" encoding="UTF-8"?>
<!DOCTYPE html PUBLIC "-//W3C//DTD XHTML 1.0 Transitional//EN"
    "http://www.w3.org/TR/xhtml1/DTD/xhtml1-transitional.dtd">
<html xmlns="http://www.w3.org/1999/xhtml" xml:lang="en" lang="en">
 <head>
  <title>
</title>
<meta http-equiv="Content-Type" content="text/html;charset=utf-8" />
  <meta name='ocr-system' content='tesseract 3.04.00' />
  <meta name='ocr-capabilities' content='ocr_page ocr_carea ocr_par ocr_line ocrx_word'/>
</head>
<body>
  <div class='ocr_page' id='page_1' title='image "./urkundenbuchzur00mlgoog_0224.png"; bbox 0 0 4088 6292; ppageno 0'>
   <div class='ocr_carea' id='block_1_1' title="bbox 904 576 1059 682">
    <p class='ocr_par' dir='ltr' id='par_1_1' title="bbox 904 576 1059 682">
     <span class='ocr_line' id='line_1_1' title="bbox 904 576 1059 682; baseline 0 -33"><span class='ocrx_word' id='word_1_1' title='bbox 904 576 1059 682; x_wconf 39' lang='lat' dir='ltr'>jaa-</span> 
     </span>
    </p>
   </div>
   <div class='ocr_carea' id='block_1_2' title="bbox 215 775 1688 1897">
    <p class='ocr_par' dir='ltr' id='par_1_2' title="bbox 281 775 1686 1170">
     <span class='ocr_line' id='line_1_2' title="bbox 281 775 1685 860; baseline 0 -21"><span class='ocrx_word' id='word_1_2' title='bbox 281 775 461 860; x_wconf 84' lang='lat' dir='ltr'>praedictae</span> <span class='ocrx_word' id='word_1_3' title='bbox 476 795 550 840; x_wconf 89' lang='lat' dir='ltr'>cum</span> <span class='ocrx_word' id='word_1_4' title='bbox 565 775 725 857; x_wconf 83' lang='lat' dir='ltr'>instantia,</span> <span class='ocrx_word' id='word_1_5' title='bbox 747 781 785 839; x_wconf 93' lang='lat' dir='ltr'>ut</span> <span class='ocrx_word' id='word_1_6' title='bbox 807 776 912 859; x_wconf 88' lang='lat' dir='ltr'>ipsum</span> <span class='ocrx_word' id='word_1_7' title='bbox 934 775 1137 860; x_wconf 86' lang='lat' dir='ltr'>privilegium</span> <span class='ocrx_word' id='word_1_8' title='bbox 1159 780 1264 838; x_wconf 88' lang='lat' dir='ltr'>ratum</span> <span class='ocrx_word' id='word_1_9' title='bbox 1285 775 1402 840; x_wconf 90' lang='lat' dir='ltr'>habere</span> <span class='ocrx_word' id='word_1_10' title='bbox 1425 779 1458 839; x_wconf 91' lang='lat' dir='ltr'>et</span> <span class='ocrx_word' id='word_1_11' title='bbox 1479 776 1598 840; x_wconf 84' lang='lat' dir='ltr'>nostris</span> <span class='ocrx_word' id='word_1_12' title='bbox 1617 776 1685 859; x_wconf 94' lang='lat' dir='ltr'>dig-</span> 
     </span>
     <span class='ocr_line' id='line_1_3' title="bbox 281 877 1684 962; baseline 0 -20"><span class='ocrx_word' id='word_1_13' title='bbox 281 898 433 943; x_wconf 88' lang='lat' dir='ltr'>naremur</span> <span class='ocrx_word' id='word_1_14' title='bbox 454 880 637 962; x_wconf 89' lang='lat' dir='ltr'>patentibus</span> <span class='ocrx_word' id='word_1_15' title='bbox 659 879 759 943; x_wconf 86' lang='lat' dir='ltr'>literis</span> <span class='ocrx_word' id='word_1_16' title='bbox 781 878 978 943; x_wconf 87' lang='lat' dir='ltr'>confirmare.</span> <span class='ocrx_word' id='word_1_17' title='bbox 1005 878 1105 942; x_wconf 80' lang='lat' dir='ltr'>Cuius</span> <span class='ocrx_word' id='word_1_18' title='bbox 1128 883 1221 942; x_wconf 88' lang='lat' dir='ltr'>tenor</span> <span class='ocrx_word' id='word_1_19' title='bbox 1242 878 1314 943; x_wconf 86' lang='lat' dir='ltr'>talis</span> <span class='ocrx_word' id='word_1_20' title='bbox 1336 883 1392 943; x_wconf 89' lang='lat' dir='ltr'>est</span> <span class='ocrx_word' id='word_1_21' title='bbox 1420 878 1525 962; x_wconf 73' lang='lat' dir='ltr'>(Folpt</span> <span class='ocrx_word' id='word_1_22' title='bbox 1547 878 1596 943; x_wconf 76' lang='lat' dir='ltr'>dic</span> <span class='ocrx_word' id='word_1_23' title='bbox 1625 877 1684 944; x_wconf 86' lang='lat' dir='ltr'>Ur·</span> 
     </span>
     <span class='ocr_line' id='line_1_4' title="bbox 282 981 1685 1066; baseline -0.001 -20"><span class='ocrx_word' id='word_1_24' title='bbox 282 982 383 1047; x_wconf 70' lang='grc'><em>1199119</em></span> <span class='ocrx_word' id='word_1_25' title='bbox 405 982 457 1047; x_wconf 75' lang='lat' dir='ltr'>dea</span> <span class='ocrx_word' id='word_1_26' title='bbox 482 981 585 1046; x_wconf 74' lang='lat' dir='ltr'>Comes</span> <span class='ocrx_word' id='word_1_27' title='bbox 606 981 754 1046; x_wconf 74' lang='lat' dir='ltr'>Bmedilct</span> <span class='ocrx_word' id='word_1_28' title='bbox 779 1003 836 1047; x_wconf 80' lang='lat' dir='ltr'>oon</span> <span class='ocrx_word' id='word_1_29' title='bbox 857 983 941 1046; x_wconf 85' lang='lat'><em>1291</em></span> <span class='ocrx_word' id='word_1_30' title='bbox 962 981 1019 1046; x_wconf 89' lang='lat' dir='ltr'>Nr.</span> <span class='ocrx_word' id='word_1_31' title='bbox 1046 983 1138 1064; x_wconf 68' lang='lat'><strong><em>246.)</em></strong></span> <span class='ocrx_word' id='word_1_32' title='bbox 1171 982 1238 1047; x_wconf 89' lang='lat' dir='ltr'>Nos</span> <span class='ocrx_word' id='word_1_33' title='bbox 1260 984 1369 1064; x_wconf 85' lang='lat' dir='ltr'>itaqua</span> <span class='ocrx_word' id='word_1_34' title='bbox 1391 982 1598 1066; x_wconf 82' lang='lat' dir='ltr'>petitionibus</span> <span class='ocrx_word' id='word_1_35' title='bbox 1621 983 1685 1046; x_wconf 92' lang='lat' dir='ltr'>dic-</span> 
     </span>
     <span class='ocr_line' id='line_1_5' title="bbox 283 1085 1686 1170; baseline 0 -20"><span class='ocrx_word' id='word_1_36' title='bbox 283 1092 389 1150; x_wconf 88' lang='lat' dir='ltr'>torum</span> <span class='ocrx_word' id='word_1_37' title='bbox 418 1087 561 1170; x_wconf 77' lang='lat' dir='ltr'>magistri</span> <span class='ocrx_word' id='word_1_38' title='bbox 582 1086 697 1151; x_wconf 89' lang='lat' dir='ltr'>Hench</span> <span class='ocrx_word' id='word_1_39' title='bbox 727 1086 854 1170; x_wconf 75' lang='lat' dir='ltr'>plebani</span> <span class='ocrx_word' id='word_1_40' title='bbox 884 1092 918 1150; x_wconf 87' lang='lat' dir='ltr'>at</span> <span class='ocrx_word' id='word_1_41' title='bbox 938 1087 1081 1168; x_wconf 78' lang='lat' dir='ltr'>magistri</span> <span class='ocrx_word' id='word_1_42' title='bbox 1103 1086 1190 1150; x_wconf 87' lang='lat' dir='ltr'>Petri</span> <span class='ocrx_word' id='word_1_43' title='bbox 1221 1087 1333 1150; x_wconf 89' lang='lat' dir='ltr'>decani</span> <span class='ocrx_word' id='word_1_44' title='bbox 1355 1085 1505 1150; x_wconf 83' lang='lat' dir='ltr'>Albensis</span> <span class='ocrx_word' id='word_1_45' title='bbox 1535 1086 1686 1150; x_wconf 81' lang='lat' dir='ltr'>ecclesiae</span> 
     </span>
    </p>

    <p class='ocr_par' dir='ltr' id='par_1_3' title="bbox 230 1188 1688 1690">
     <span class='ocr_line' id='line_1_6' title="bbox 230 1188 1686 1273; baseline 0.002 -23"><span class='ocrx_word' id='word_1_46' title='bbox 230 1194 249 1250; x_wconf 77' lang='grc'><strong>5</strong></span> <span class='ocrx_word' id='word_1_47' title='bbox 283 1188 535 1272; x_wconf 77' lang='lat' dir='ltr'>lhanssilnanae,</span> <span class='ocrx_word' id='word_1_48' title='bbox 557 1191 687 1254; x_wconf 87' lang='lat' dir='ltr'>nomine</span> <span class='ocrx_word' id='word_1_49' title='bbox 708 1190 851 1253; x_wconf 89' lang='lat' dir='ltr'>eiusdem</span> <span class='ocrx_word' id='word_1_50' title='bbox 866 1188 1016 1252; x_wconf 84' lang='lat' dir='ltr'>Albensis</span> <span class='ocrx_word' id='word_1_51' title='bbox 1038 1190 1189 1253; x_wconf 87' lang='lat' dir='ltr'>ecclesiae</span> <span class='ocrx_word' id='word_1_52' title='bbox 1211 1190 1341 1273; x_wconf 82' lang='lat' dir='ltr'>capituli</span> <span class='ocrx_word' id='word_1_53' title='bbox 1363 1192 1539 1273; x_wconf 86' lang='lat' dir='ltr'>petentium</span> <span class='ocrx_word' id='word_1_54' title='bbox 1561 1190 1686 1253; x_wconf 87' lang='lat' dir='ltr'>favora-</span> 
     </span>
     <span class='ocr_line' id='line_1_7' title="bbox 284 1293 1686 1377; baseline 0 -20"><span class='ocrx_word' id='word_1_55' title='bbox 284 1293 389 1358; x_wconf 89' lang='lat' dir='ltr'>biliter</span> <span class='ocrx_word' id='word_1_56' title='bbox 410 1293 562 1377; x_wconf 88' lang='lat' dir='ltr'>inclinati,</span> <span class='ocrx_word' id='word_1_57' title='bbox 592 1295 680 1377; x_wconf 86' lang='lat' dir='ltr'>regio</span> <span class='ocrx_word' id='word_1_58' title='bbox 704 1314 777 1358; x_wconf 89' lang='lat' dir='ltr'>cum</span> <span class='ocrx_word' id='word_1_59' title='bbox 800 1294 910 1357; x_wconf 84' lang='lat' dir='ltr'>favore</span> <span class='ocrx_word' id='word_1_60' title='bbox 930 1293 1128 1376; x_wconf 88' lang='lat' dir='ltr'>praedictum</span> <span class='ocrx_word' id='word_1_61' title='bbox 1151 1293 1352 1377; x_wconf 72' lang='lat' dir='ltr'>privilegium</span> <span class='ocrx_word' id='word_1_62' title='bbox 1376 1293 1499 1356; x_wconf 90' lang='lat' dir='ltr'>comitis</span> <span class='ocrx_word' id='word_1_63' title='bbox 1521 1293 1686 1357; x_wconf 87' lang='lat' dir='ltr'>Benedicti</span> 
     </span>
     <span class='ocr_line' id='line_1_8' title="bbox 284 1395 1687 1479; baseline 0.001 -20"><span class='ocrx_word' id='word_1_64' title='bbox 284 1396 510 1462; x_wconf 78' lang='lat' dir='ltr'>vicevaivodae</span> <span class='ocrx_word' id='word_1_65' title='bbox 530 1397 746 1462; x_wconf 80' lang='lat' dir='ltr'>&#39;lhunssilnani</span> <span class='ocrx_word' id='word_1_66' title='bbox 778 1397 870 1460; x_wconf 91' lang='lat' dir='ltr'>nobis</span> <span class='ocrx_word' id='word_1_67' title='bbox 892 1396 1080 1478; x_wconf 82' lang='lat' dir='ltr'>exhibitum,</span> <span class='ocrx_word' id='word_1_68' title='bbox 1110 1414 1175 1457; x_wconf 90' lang='lat' dir='ltr'>non</span> <span class='ocrx_word' id='word_1_69' title='bbox 1201 1395 1419 1479; x_wconf 89' lang='lat' dir='ltr'>cancellatum,</span> <span class='ocrx_word' id='word_1_70' title='bbox 1449 1417 1515 1460; x_wconf 90' lang='lat' dir='ltr'>non</span> <span class='ocrx_word' id='word_1_71' title='bbox 1538 1397 1687 1461; x_wconf 87' lang='lat' dir='ltr'>abrasum</span> 
     </span>
     <span class='ocr_line' id='line_1_9' title="bbox 284 1499 1686 1586; baseline 0.001 -23"><span class='ocrx_word' id='word_1_72' title='bbox 284 1520 344 1566; x_wconf 86' lang='lat' dir='ltr'>nee</span> <span class='ocrx_word' id='word_1_73' title='bbox 358 1503 393 1564; x_wconf 91' lang='lat' dir='ltr'>in</span> <span class='ocrx_word' id='word_1_74' title='bbox 408 1501 516 1584; x_wconf 88' lang='lat' dir='ltr'>aliqua</span> <span class='ocrx_word' id='word_1_75' title='bbox 530 1503 581 1566; x_wconf 93' lang='lat' dir='ltr'>sui</span> <span class='ocrx_word' id='word_1_76' title='bbox 603 1507 693 1586; x_wconf 86' lang='lat' dir='ltr'>parte</span> <span class='ocrx_word' id='word_1_77' title='bbox 715 1501 871 1581; x_wconf 83' lang='lat' dir='ltr'>vitiatum,</span> <span class='ocrx_word' id='word_1_78' title='bbox 895 1500 934 1563; x_wconf 92' lang='lat' dir='ltr'>de</span> <span class='ocrx_word' id='word_1_79' title='bbox 956 1500 1055 1564; x_wconf 83' lang='lat' dir='ltr'>verbo</span> <span class='ocrx_word' id='word_1_80' title='bbox 1071 1500 1111 1563; x_wconf 90' lang='lat' dir='ltr'>ad</span> <span class='ocrx_word' id='word_1_81' title='bbox 1133 1499 1267 1563; x_wconf 83' lang='lat' dir='ltr'>verbum</span> <span class='ocrx_word' id='word_1_82' title='bbox 1287 1501 1507 1584; x_wconf 87' lang='lat' dir='ltr'>praesentibus</span> <span class='ocrx_word' id='word_1_83' title='bbox 1530 1501 1686 1565; x_wconf 91' lang='lat' dir='ltr'>insertum</span> 
     </span>
     <span class='ocr_line' id='line_1_10' title="bbox 283 1602 1688 1690; baseline -0.002 -21"><span class='ocrx_word' id='word_1_84' title='bbox 283 1606 402 1670; x_wconf 84' lang='lat' dir='ltr'>nostris</span> <span class='ocrx_word' id='word_1_85' title='bbox 429 1604 611 1690; x_wconf 86' lang='lat' dir='ltr'>patentibus</span> <span class='ocrx_word' id='word_1_86' title='bbox 632 1604 733 1669; x_wconf 89' lang='lat' dir='ltr'>literis</span> <span class='ocrx_word' id='word_1_87' title='bbox 755 1604 908 1668; x_wconf 77' lang='lat' dir='ltr'>duximtm</span> <span class='ocrx_word' id='word_1_88' title='bbox 934 1602 1196 1667; x_wconf 88' lang='lat' dir='ltr'>confirmandum.</span> <span class='ocrx_word' id='word_1_89' title='bbox 1229 1603 1347 1668; x_wconf 89' lang='lat' dir='ltr'>Datum</span> <span class='ocrx_word' id='word_1_90' title='bbox 1378 1604 1568 1669; x_wconf 76' lang='lat' dir='ltr'>industria</span> <span class='ocrx_word' id='word_1_91' title='bbox 1596 1605 1688 1667; x_wconf 82' lang='lat' dir='ltr'>iuxta</span> 
     </span>
    </p>

    <p class='ocr_par' dir='ltr' id='par_1_4' title="bbox 215 1694 1686 1897">
     <span class='ocr_line' id='line_1_11' title="bbox 215 1694 1686 1793; baseline 0.001 -24"><span class='ocrx_word' id='word_1_92' title='bbox 215 1713 250 1769; x_wconf 88' lang='lat'>10</span> <span class='ocrx_word' id='word_1_93' title='bbox 284 1715 423 1774; x_wconf 85' lang='lat' dir='ltr'>castrum</span> <span class='ocrx_word' id='word_1_94' title='bbox 445 1709 578 1792; x_wconf 87' lang='lat' dir='ltr'>Walter,</span> <span class='ocrx_word' id='word_1_95' title='bbox 601 1707 737 1772; x_wconf 85' lang='lat' dir='ltr'>Sabbato</span> <span class='ocrx_word' id='word_1_96' title='bbox 760 1709 907 1791; x_wconf 76' lang='lat' dir='ltr'>proximo</span> <span class='ocrx_word' id='word_1_97' title='bbox 930 1694 1003 1791; x_wconf 88' lang='lat' dir='ltr'>post</span> <span class='ocrx_word' id='word_1_98' title='bbox 1024 1713 1152 1772; x_wconf 86' lang='lat' dir='ltr'>octavas</span> <span class='ocrx_word' id='word_1_99' title='bbox 1175 1709 1275 1772; x_wconf 89' lang='lat' dir='ltr'>sancti</span> <span class='ocrx_word' id='word_1_100' title='bbox 1296 1708 1409 1773; x_wconf 85' lang='lat' dir='ltr'>Jacobi</span> <span class='ocrx_word' id='word_1_101' title='bbox 1431 1709 1575 1793; x_wconf 86' lang='lat' dir='ltr'>apostoli,</span> <span class='ocrx_word' id='word_1_102' title='bbox 1602 1727 1686 1771; x_wconf 92' lang='lat' dir='ltr'>anno</span> 
     </span>
     <span class='ocr_line' id='line_1_12' title="bbox 285 1790 912 1897; baseline -0.002 -20"><span class='ocrx_word' id='word_1_103' title='bbox 285 1813 406 1877; x_wconf 89' lang='lat' dir='ltr'>domini</span> <span class='ocrx_word' id='word_1_104' title='bbox 424 1790 467 1877; x_wconf 71' lang='grc'>11.</span> <span class='ocrx_word' id='word_1_105' title='bbox 490 1790 549 1878; x_wconf 68' lang='lat' dir='ltr'>OS.</span> <span class='ocrx_word' id='word_1_106' title='bbox 572 1813 778 1897; x_wconf 86' lang='lat' dir='ltr'>nonagesimo</span> <span class='ocrx_word' id='word_1_107' title='bbox 801 1812 912 1896; x_wconf 90' lang='lat' dir='ltr'>primo.</span> 
     </span>
    </p>
   </div>
   <div class='ocr_carea' id='block_1_3' title="bbox 867 2125 1032 2208">
    <p class='ocr_par' dir='ltr' id='par_1_5' title="bbox 867 2125 1032 2208">
     <span class='ocr_line' id='line_1_13' title="bbox 867 2125 1032 2208; baseline 0 0"><span class='ocrx_word' id='word_1_108' title='bbox 867 2148 872 2154; x_wconf 89' lang='grc'><strong><em>·</em></strong></span> <span class='ocrx_word' id='word_1_109' title='bbox 941 2125 1032 2208; x_wconf 80' lang='grc'><em>252.</em></span> 
     </span>
    </p>
   </div>
   <div class='ocr_carea' id='block_1_4' title="bbox 218 2285 1690 2621">
    <p class='ocr_par' dir='ltr' id='par_1_6' title="bbox 218 2285 1690 2621">
     <span class='ocr_line' id='line_1_14' title="bbox 363 2285 1689 2380; baseline 0.001 -23"><span class='ocrx_word' id='word_1_110' title='bbox 363 2290 471 2359; x_wconf 84' lang='grc'><em>1291.</em></span> <span class='ocrx_word' id='word_1_111' title='bbox 499 2286 577 2359; x_wconf 84' lang='lat' dir='ltr'>Das</span> <span class='ocrx_word' id='word_1_112' title='bbox 603 2285 884 2378; x_wconf 67' lang='lat' dir='ltr'>Wetsaeaburger</span> <span class='ocrx_word' id='word_1_113' title='bbox 900 2288 1045 2380; x_wconf 77' lang='lat' dir='ltr'>Kopitel</span> <span class='ocrx_word' id='word_1_114' title='bbox 1062 2289 1208 2379; x_wconf 71' lang='lat' dir='ltr'>beaeaql,</span> <span class='ocrx_word' id='word_1_115' title='bbox 1233 2289 1314 2360; x_wconf 80' lang='lat' dir='ltr'>daea</span> <span class='ocrx_word' id='word_1_116' title='bbox 1333 2287 1495 2380; x_wconf 75' lang='lat' dir='ltr'>Stephon,</span> <span class='ocrx_word' id='word_1_117' title='bbox 1523 2285 1689 2359; x_wconf 77' lang='lat' dir='ltr'>Dominik</span> 
     </span>
     <span class='ocr_line' id='line_1_15' title="bbox 286 2402 1690 2500; baseline -0.001 -20"><span class='ocrx_word' id='word_1_118' title='bbox 286 2408 361 2480; x_wconf 79' lang='lat' dir='ltr'>aad</span> <span class='ocrx_word' id='word_1_119' title='bbox 384 2408 504 2500; x_wconf 77' lang='lat' dir='ltr'>Myko,</span> <span class='ocrx_word' id='word_1_120' title='bbox 533 2409 589 2481; x_wconf 83' lang='lat' dir='ltr'>dic</span> <span class='ocrx_word' id='word_1_121' title='bbox 615 2408 728 2481; x_wconf 69' lang='lat' dir='ltr'>seam</span> <span class='ocrx_word' id='word_1_122' title='bbox 753 2402 995 2497; x_wconf 75' lang='lat' dir='ltr'>Baacbcnch’e,</span> <span class='ocrx_word' id='word_1_123' title='bbox 1023 2409 1079 2482; x_wconf 82' lang='lat' dir='ltr'>dic</span> <span class='ocrx_word' id='word_1_124' title='bbox 1106 2416 1201 2482; x_wconf 78' lang='lat' dir='ltr'>terra</span> <span class='ocrx_word' id='word_1_125' title='bbox 1228 2409 1405 2481; x_wconf 76' lang='lat' dir='ltr'>Sothtclulc</span> <span class='ocrx_word' id='word_1_126' title='bbox 1430 2431 1477 2479; x_wconf 81' lang='lat' dir='ltr'>aa</span> <span class='ocrx_word' id='word_1_127' title='bbox 1504 2405 1690 2479; x_wconf 76' lang='grc'><em>1119811199</em></span> 
     </span>
     <span class='ocr_line' id='line_1_16' title="bbox 218 2527 982 2621; baseline 0.005 -25"><span class='ocrx_word' id='word_1_128' title='bbox 218 2543 253 2597; x_wconf 80' lang='lat' dir='ltr'>re</span> <span class='ocrx_word' id='word_1_129' title='bbox 294 2527 393 2601; x_wconf 80' lang='grc'><em>01919</em></span> <span class='ocrx_word' id='word_1_130' title='bbox 418 2551 483 2601; x_wconf 81' lang='lat' dir='ltr'>voa</span> <span class='ocrx_word' id='word_1_131' title='bbox 508 2529 651 2621; x_wconf 73' lang='lat' dir='ltr'>Kelliay</span> <span class='ocrx_word' id='word_1_132' title='bbox 676 2530 839 2619; x_wconf 74' lang='lat' dir='ltr'>verkaast</span> <span class='ocrx_word' id='word_1_133' title='bbox 864 2528 982 2602; x_wconf 81' lang='lat' dir='ltr'>huben.</span> 
     </span>
    </p>
   </div>
   <div class='ocr_carea' id='block_1_5' title="bbox 390 2692 1691 3456">
    <p class='ocr_par' dir='ltr' id='par_1_7' title="bbox 390 2692 1691 3456">
     <span class='ocr_line' id='line_1_17' title="bbox 442 2692 1689 2764; baseline 0.001 -18"><span class='ocrx_word' id='word_1_134' title='bbox 442 2692 646 2762; x_wconf 70' lang='lat' dir='ltr'>Eiaqcadmltct</span> <span class='ocrx_word' id='word_1_135' title='bbox 663 2709 717 2748; x_wconf 81' lang='lat' dir='ltr'>voa</span> <span class='ocrx_word' id='word_1_136' title='bbox 734 2695 795 2749; x_wconf 75' lang='lat' dir='ltr'>dem</span> <span class='ocrx_word' id='word_1_137' title='bbox 817 2694 1042 2764; x_wconf 78' lang='lat' dir='ltr'>Wetaaeabarper</span> <span class='ocrx_word' id='word_1_138' title='bbox 1060 2693 1176 2763; x_wconf 76' lang='lat' dir='ltr'>Kapitcl</span> <span class='ocrx_word' id='word_1_139' title='bbox 1194 2698 1271 2762; x_wconf 88' lang='grc'><em>1379,</em></span> <span class='ocrx_word' id='word_1_140' title='bbox 1296 2693 1372 2764; x_wconf 66' lang='lat' dir='ltr'>Oria.</span> <span class='ocrx_word' id='word_1_141' title='bbox 1392 2693 1494 2748; x_wconf 77' lang='lat' dir='ltr'>Archia</span> <span class='ocrx_word' id='word_1_142' title='bbox 1511 2693 1560 2748; x_wconf 78' lang='lat' dir='ltr'>der</span> <span class='ocrx_word' id='word_1_143' title='bbox 1579 2693 1689 2760; x_wconf 72' lang='lat' dir='ltr'>Grasca</span> 
     </span>
     <span class='ocr_line' id='line_1_18' title="bbox 394 2778 1688 2851; baseline -0.001 -17"><span class='ocrx_word' id='word_1_144' title='bbox 394 2778 483 2834; x_wconf 74' lang='grc'><em>1111111</em></span> <span class='ocrx_word' id='word_1_145' title='bbox 499 2797 536 2834; x_wconf 74' lang='lat' dir='ltr'>aa</span> <span class='ocrx_word' id='word_1_146' title='bbox 553 2779 806 2851; x_wconf 78' lang='lat' dir='ltr'>Maroacdadrbely.</span> <span class='ocrx_word' id='word_1_147' title='bbox 841 2782 927 2836; x_wconf 73' lang='lat' dir='ltr'>Urber</span> <span class='ocrx_word' id='word_1_148' title='bbox 944 2781 989 2835; x_wconf 74' lang='lat' dir='ltr'>die</span> <span class='ocrx_word' id='word_1_149' title='bbox 1006 2781 1225 2850; x_wconf 73' lang='lat' dir='ltr'>eltroaolopiacbc</span> <span class='ocrx_word' id='word_1_150' title='bbox 1243 2781 1420 2849; x_wconf 71' lang='lat' dir='ltr'>Einrcibuap</span> <span class='ocrx_word' id='word_1_151' title='bbox 1437 2780 1526 2835; x_wconf 82' lang='lat' dir='ltr'>dieacr</span> <span class='ocrx_word' id='word_1_152' title='bbox 1549 2779 1688 2845; x_wconf 78' lang='lat' dir='ltr'>Urkuadc,</span> 
     </span>
     <span class='ocr_line' id='line_1_19' title="bbox 390 2864 1688 2938; baseline -0.001 -18"><span class='ocrx_word' id='word_1_153' title='bbox 390 2864 484 2934; x_wconf 69' lang='lat' dir='ltr'>fcrucr</span> <span class='ocrx_word' id='word_1_154' title='bbox 501 2867 550 2921; x_wconf 72' lang='lat' dir='ltr'>der</span> <span class='ocrx_word' id='word_1_155' title='bbox 569 2867 719 2921; x_wconf 76' lang='lat' dir='ltr'>Urtaadca</span> <span class='ocrx_word' id='word_1_156' title='bbox 737 2868 784 2922; x_wconf 72' lang='lat' dir='ltr'>dea</span> <span class='ocrx_word' id='word_1_157' title='bbox 805 2868 1030 2938; x_wconf 75' lang='lat' dir='ltr'>Wciaacabaryer</span> <span class='ocrx_word' id='word_1_158' title='bbox 1047 2868 1176 2936; x_wconf 79' lang='lat' dir='ltr'>Kapitcla</span> <span class='ocrx_word' id='word_1_159' title='bbox 1194 2868 1248 2921; x_wconf 88' lang='lat' dir='ltr'>Nr.</span> <span class='ocrx_word' id='word_1_160' title='bbox 1266 2871 1326 2935; x_wconf 81' lang='lat'>253,</span> <span class='ocrx_word' id='word_1_161' title='bbox 1343 2871 1404 2934; x_wconf 76' lang='lat'>254,</span> <span class='ocrx_word' id='word_1_162' title='bbox 1422 2871 1474 2921; x_wconf 82' lang='lat'>255</span> <span class='ocrx_word' id='word_1_163' title='bbox 1491 2867 1551 2921; x_wconf 78' lang='lat' dir='ltr'>aad</span> <span class='ocrx_word' id='word_1_164' title='bbox 1567 2870 1620 2921; x_wconf 85' lang='grc'>256</span> <span class='ocrx_word' id='word_1_165' title='bbox 1636 2866 1688 2935; x_wconf 72' lang='lat' dir='ltr'>opt.</span> 
     </span>
     <span class='ocr_line' id='line_1_20' title="bbox 396 2952 1689 3023; baseline -0.001 -17"><span class='ocrx_word' id='word_1_166' title='bbox 396 2952 604 3008; x_wconf 74' lang='lat' dir='ltr'>Vereiaaarrbs&#39;a</span> <span class='ocrx_word' id='word_1_167' title='bbox 616 2954 694 3009; x_wconf 77' lang='lat' dir='ltr'>Neue</span> <span class='ocrx_word' id='word_1_168' title='bbox 703 2954 791 3023; x_wconf 73' lang='lat' dir='ltr'>Folpc</span> <span class='ocrx_word' id='word_1_169' title='bbox 802 2954 891 3023; x_wconf 88' lang='lat' dir='ltr'><strong><em>XXI,</em></strong></span> <span class='ocrx_word' id='word_1_170' title='bbox 911 2959 961 3010; x_wconf 86' lang='grc'>139</span> <span class='ocrx_word' id='word_1_171' title='bbox 973 2956 1033 3010; x_wconf 77' lang='lat' dir='ltr'>aad</span> <span class='ocrx_word' id='word_1_172' title='bbox 1045 2959 1096 3010; x_wconf 79' lang='lat'>149</span> <span class='ocrx_word' id='word_1_173' title='bbox 1108 2956 1225 3009; x_wconf 73' lang='grc'><em>1191199.</em></span> <span class='ocrx_word' id='word_1_174' title='bbox 1243 2953 1447 3008; x_wconf 79' lang='lat' dir='ltr'>Eatacbeidead</span> <span class='ocrx_word' id='word_1_175' title='bbox 1457 2952 1508 3019; x_wconf 72' lang='lat' dir='ltr'>fat-r</span> <span class='ocrx_word' id='word_1_176' title='bbox 1520 2952 1565 3007; x_wconf 77' lang='lat' dir='ltr'>dic</span> <span class='ocrx_word' id='word_1_177' title='bbox 1576 2952 1689 3007; x_wconf 68' lang='lat' dir='ltr'>chroato-</span> 
     </span>
     <span class='ocr_line' id='line_1_21' title="bbox 391 3038 1690 3111; baseline 0.002 -20"><span class='ocrx_word' id='word_1_178' title='bbox 391 3038 507 3107; x_wconf 72' lang='lat' dir='ltr'>logtacbc</span> <span class='ocrx_word' id='word_1_179' title='bbox 520 3039 697 3109; x_wconf 62' lang='lat' dir='ltr'>maratana</span> <span class='ocrx_word' id='word_1_180' title='bbox 714 3040 802 3095; x_wconf 69' lang='lat' dir='ltr'>darer</span> <span class='ocrx_word' id='word_1_181' title='bbox 819 3041 970 3096; x_wconf 76' lang='lat' dir='ltr'>Urbandca</span> <span class='ocrx_word' id='word_1_182' title='bbox 981 3044 1018 3096; x_wconf 81' lang='lat' dir='ltr'>iat</span> <span class='ocrx_word' id='word_1_183' title='bbox 1029 3042 1074 3096; x_wconf 83' lang='lat' dir='ltr'>dic</span> <span class='ocrx_word' id='word_1_184' title='bbox 1086 3040 1279 3111; x_wconf 71' lang='lat' dir='ltr'>Zeupcnrct&#39;bc,</span> <span class='ocrx_word' id='word_1_185' title='bbox 1297 3039 1329 3093; x_wconf 81' lang='grc'>19</span> <span class='ocrx_word' id='word_1_186' title='bbox 1346 3039 1456 3093; x_wconf 65' lang='lat' dir='ltr'>waldam</span> <span class='ocrx_word' id='word_1_187' title='bbox 1468 3040 1513 3093; x_wconf 81' lang='lat' dir='ltr'>dia</span> <span class='ocrx_word' id='word_1_188' title='bbox 1526 3038 1690 3093; x_wconf 64' lang='lat' dir='ltr'>ramam</span> 
     </span>
     <span class='ocr_line' id='line_1_22' title="bbox 391 3123 1690 3197; baseline 0 -19"><span class='ocrx_word' id='word_1_189' title='bbox 391 3124 513 3180; x_wconf 78' lang='lat' dir='ltr'>Micbacl</span> <span class='ocrx_word' id='word_1_190' title='bbox 521 3127 709 3195; x_wconf 71' lang='lat' dir='ltr'>praepositae,</span> <span class='ocrx_word' id='word_1_191' title='bbox 729 3126 881 3197; x_wconf 70' lang='lat' dir='ltr'>Gregorius</span> <span class='ocrx_word' id='word_1_192' title='bbox 895 3132 1000 3195; x_wconf 78' lang='lat' dir='ltr'>cantor,</span> <span class='ocrx_word' id='word_1_193' title='bbox 1018 3127 1128 3181; x_wconf 80' lang='lat' dir='ltr'>Paulae</span> <span class='ocrx_word' id='word_1_194' title='bbox 1139 3131 1238 3194; x_wconf 66' lang='grc'><em>999199,</em></span> <span class='ocrx_word' id='word_1_195' title='bbox 1256 3126 1366 3193; x_wconf 73' lang='grc' dir='ltr'><em>Ρ11199,</em></span> <span class='ocrx_word' id='word_1_196' title='bbox 1384 3124 1574 3179; x_wconf 73' lang='lat' dir='ltr'>beaicheatlich</span> <span class='ocrx_word' id='word_1_197' title='bbox 1586 3123 1690 3178; x_wconf 74' lang='lat' dir='ltr'>Scalae</span> 
     </span>
     <span class='ocr_line' id='line_1_23' title="bbox 391 3211 1691 3268; baseline -0.001 -3"><span class='ocrx_word' id='word_1_198' title='bbox 391 3211 512 3266; x_wconf 75' lang='lat' dir='ltr'>decanus</span> <span class='ocrx_word' id='word_1_199' title='bbox 523 3212 686 3268; x_wconf 75' lang='grc'><em>1199111999.</em></span> <span class='ocrx_word' id='word_1_200' title='bbox 708 3214 809 3268; x_wconf 81' lang='lat' dir='ltr'>Petrae</span> <span class='ocrx_word' id='word_1_201' title='bbox 826 3212 897 3266; x_wconf 78' lang='lat' dir='ltr'>wird</span> <span class='ocrx_word' id='word_1_202' title='bbox 915 3212 959 3265; x_wconf 81' lang='lat' dir='ltr'>ala</span> <span class='ocrx_word' id='word_1_203' title='bbox 970 3212 1091 3266; x_wconf 73' lang='lat' dir='ltr'>decom</span> <span class='ocrx_word' id='word_1_204' title='bbox 1102 3211 1232 3266; x_wconf 69' lang='grc'><em>11119919</em></span> <span class='ocrx_word' id='word_1_205' title='bbox 1249 3211 1375 3267; x_wconf 61' lang='lat' dir='ltr'>coelem</span> <span class='ocrx_word' id='word_1_206' title='bbox 1390 3211 1611 3265; x_wconf 72' lang='lat' dir='ltr'>lbamcilaaaac</span> <span class='ocrx_word' id='word_1_207' title='bbox 1627 3226 1691 3264; x_wconf 74' lang='lat' dir='ltr'>cum</span> 
     </span>
     <span class='ocr_line' id='line_1_24' title="bbox 391 3296 1690 3369; baseline -0.002 -18"><span class='ocrx_word' id='word_1_208' title='bbox 391 3301 417 3351; x_wconf 74' lang='lat'>4.</span> <span class='ocrx_word' id='word_1_209' title='bbox 435 3298 546 3368; x_wconf 71' lang='grc'><em>199991</em></span> <span class='ocrx_word' id='word_1_210' title='bbox 563 3302 632 3354; x_wconf 86' lang='grc'><em>1291</em></span> <span class='ocrx_word' id='word_1_211' title='bbox 654 3304 785 3369; x_wconf 62' lang='lat' dir='ltr'>peccarat,</span> <span class='ocrx_word' id='word_1_212' title='bbox 809 3299 867 3353; x_wconf 77' lang='lat' dir='ltr'>siah</span> <span class='ocrx_word' id='word_1_213' title='bbox 884 3299 939 3352; x_wconf 83' lang='lat' dir='ltr'>Nr.</span> <span class='ocrx_word' id='word_1_214' title='bbox 956 3302 1016 3365; x_wconf 87' lang='grc'><em>251,</em></span> <span class='ocrx_word' id='word_1_215' title='bbox 1035 3298 1093 3352; x_wconf 80' lang='lat' dir='ltr'>aad</span> <span class='ocrx_word' id='word_1_216' title='bbox 1111 3298 1280 3353; x_wconf 77' lang='lat' dir='ltr'>andreracita</span> <span class='ocrx_word' id='word_1_217' title='bbox 1296 3298 1368 3353; x_wconf 81' lang='lat' dir='ltr'>wird</span> <span class='ocrx_word' id='word_1_218' title='bbox 1386 3297 1491 3353; x_wconf 74' lang='lat' dir='ltr'>Saulus</span> <span class='ocrx_word' id='word_1_219' title='bbox 1508 3296 1552 3351; x_wconf 84' lang='lat' dir='ltr'>ala</span> <span class='ocrx_word' id='word_1_220' title='bbox 1569 3296 1690 3351; x_wconf 76' lang='grc'><em>11999999</em></span> 
     </span>
     <span class='ocr_line' id='line_1_25' title="bbox 392 3383 1144 3456; baseline 0 -18"><span class='ocrx_word' id='word_1_221' title='bbox 392 3383 463 3439; x_wconf 67' lang='lat' dir='ltr'>ancli</span> <span class='ocrx_word' id='word_1_222' title='bbox 479 3383 512 3438; x_wconf 74' lang='grc'>19</span> <span class='ocrx_word' id='word_1_223' title='bbox 535 3384 686 3440; x_wconf 67' lang='lat' dir='ltr'>Urtaadca</span> <span class='ocrx_word' id='word_1_224' title='bbox 702 3386 750 3440; x_wconf 78' lang='lat' dir='ltr'>dea</span> <span class='ocrx_word' id='word_1_225' title='bbox 768 3385 869 3439; x_wconf 74' lang='lat' dir='ltr'>Jatree</span> <span class='ocrx_word' id='word_1_226' title='bbox 888 3389 958 3441; x_wconf 85' lang='grc'><em>1292</em></span> <span class='ocrx_word' id='word_1_227' title='bbox 974 3385 1144 3456; x_wconf 65' lang='grc'><em>9919919111.</em></span> 
     </span>
    </p>
   </div>
   <div class='ocr_carea' id='block_1_6' title="bbox 218 3501 1554 3580">
    <p class='ocr_par' dir='ltr' id='par_1_8' title="bbox 218 3501 1554 3580">
     <span class='ocr_line' id='line_1_26' title="bbox 218 3501 1554 3580; baseline 0.002 -23"><span class='ocrx_word' id='word_1_228' title='bbox 218 3501 252 3558; x_wconf 75' lang='lat'>25</span> <span class='ocrx_word' id='word_1_229' title='bbox 444 3502 558 3560; x_wconf 74' lang='lat' dir='ltr'>Druck:</span> <span class='ocrx_word' id='word_1_230' title='bbox 577 3504 667 3561; x_wconf 72' lang='lat' dir='ltr'>&amp;ato</span> <span class='ocrx_word' id='word_1_231' title='bbox 686 3505 761 3562; x_wconf 65' lang='lat' dir='ltr'>Saite.</span> <span class='ocrx_word' id='word_1_232' title='bbox 780 3506 925 3562; x_wconf 70' lang='lat' dir='ltr'>oltlcutltdr</span> <span class='ocrx_word' id='word_1_233' title='bbox 943 3508 969 3575; x_wconf 92' lang='lat' dir='ltr'>I,</span> <span class='ocrx_word' id='word_1_234' title='bbox 986 3510 1030 3561; x_wconf 75' lang='lat'>24.</span> <span class='ocrx_word' id='word_1_235' title='bbox 1054 3506 1238 3561; x_wconf 67' lang='lat' dir='ltr'>Damnatam</span> <span class='ocrx_word' id='word_1_236' title='bbox 1255 3506 1423 3561; x_wconf 67' lang='lat' dir='ltr'>Documenta</span> <span class='ocrx_word' id='word_1_237' title='bbox 1440 3508 1500 3560; x_wconf 79' lang='lat'><em>517.</em></span> <span class='ocrx_word' id='word_1_238' title='bbox 1553 3577 1554 3580; x_wconf 8' lang='grc' dir='ltr'><strong>Ἴ</strong></span> 
     </span>
    </p>
   </div>
   <div class='ocr_carea' id='block_1_7' title="bbox 218 3678 1693 5526">
    <p class='ocr_par' dir='ltr' id='par_1_9' title="bbox 442 3678 1687 3764">
     <span class='ocr_line' id='line_1_27' title="bbox 442 3678 1687 3764; baseline -0.002 -21"><span class='ocrx_word' id='word_1_239' title='bbox 442 3679 626 3764; x_wconf 74' lang='lat' dir='ltr'>Capitulum</span> <span class='ocrx_word' id='word_1_240' title='bbox 640 3680 791 3746; x_wconf 86' lang='lat' dir='ltr'>ecclesiae</span> <span class='ocrx_word' id='word_1_241' title='bbox 812 3682 897 3746; x_wconf 88' lang='lat' dir='ltr'>beati</span> <span class='ocrx_word' id='word_1_242' title='bbox 911 3680 1074 3745; x_wconf 74' lang='lat' dir='ltr'>Michaelis</span> <span class='ocrx_word' id='word_1_243' title='bbox 1090 3680 1270 3764; x_wconf 82' lang='lat' dir='ltr'>archangeli</span> <span class='ocrx_word' id='word_1_244' title='bbox 1284 3681 1510 3745; x_wconf 77' lang='lat' dir='ltr'>Transiluanae</span> <span class='ocrx_word' id='word_1_245' title='bbox 1526 3678 1687 3743; x_wconf 85' lang='lat' dir='ltr'>universis</span> 
     </span>
    </p>

    <p class='ocr_par' dir='ltr' id='par_1_10' title="bbox 287 3780 1691 4075">
     <span class='ocr_line' id='line_1_28' title="bbox 288 3780 1691 3869; baseline 0.001 -25"><span class='ocrx_word' id='word_1_246' title='bbox 288 3780 404 3845; x_wconf 76' lang='lat' dir='ltr'>Christi</span> <span class='ocrx_word' id='word_1_247' title='bbox 417 3781 566 3848; x_wconf 89' lang='lat' dir='ltr'>fidelibus</span> <span class='ocrx_word' id='word_1_248' title='bbox 581 3790 646 3848; x_wconf 90' lang='lat' dir='ltr'>tam</span> <span class='ocrx_word' id='word_1_249' title='bbox 668 3786 889 3869; x_wconf 86' lang='lat' dir='ltr'>praesentibus</span> <span class='ocrx_word' id='word_1_250' title='bbox 912 3804 1008 3868; x_wconf 89' lang='lat' dir='ltr'>quam</span> <span class='ocrx_word' id='word_1_251' title='bbox 1031 3784 1150 3848; x_wconf 85' lang='lat' dir='ltr'>futuris</span> <span class='ocrx_word' id='word_1_252' title='bbox 1164 3802 1316 3868; x_wconf 83' lang='lat' dir='ltr'>praesens</span> <span class='ocrx_word' id='word_1_253' title='bbox 1331 3785 1483 3867; x_wconf 86' lang='lat' dir='ltr'>scriptum</span> <span class='ocrx_word' id='word_1_254' title='bbox 1499 3781 1691 3866; x_wconf 86' lang='lat' dir='ltr'>inspectmis</span> 
     </span>
     <span class='ocr_line' id='line_1_29' title="bbox 287 3883 1690 3972; baseline 0.001 -24"><span class='ocrx_word' id='word_1_255' title='bbox 287 3883 423 3948; x_wconf 88' lang='lat' dir='ltr'>salutem</span> <span class='ocrx_word' id='word_1_256' title='bbox 445 3885 479 3948; x_wconf 92' lang='lat' dir='ltr'>in</span> <span class='ocrx_word' id='word_1_257' title='bbox 501 3887 614 3952; x_wconf 86' lang='lat' dir='ltr'>salutis</span> <span class='ocrx_word' id='word_1_258' title='bbox 635 3888 792 3972; x_wconf 87' lang='lat' dir='ltr'>largitore.</span> <span class='ocrx_word' id='word_1_259' title='bbox 826 3889 1060 3953; x_wconf 83' lang='lat' dir='ltr'>Universorum</span> <span class='ocrx_word' id='word_1_260' title='bbox 1089 3888 1220 3951; x_wconf 89' lang='lat' dir='ltr'>notitiae</span> <span class='ocrx_word' id='word_1_261' title='bbox 1242 3889 1354 3952; x_wconf 91' lang='lat' dir='ltr'>harum</span> <span class='ocrx_word' id='word_1_262' title='bbox 1378 3891 1459 3953; x_wconf 89' lang='lat' dir='ltr'>serie</span> <span class='ocrx_word' id='word_1_263' title='bbox 1482 3888 1690 3970; x_wconf 79' lang='lat' dir='ltr'>declaramus,</span> 
     </span>
     <span class='ocr_line' id='line_1_30' title="bbox 288 3988 1691 4075; baseline 0 -23"><span class='ocrx_word' id='word_1_264' title='bbox 288 3989 375 4070; x_wconf 89' lang='lat' dir='ltr'>quod</span> <span class='ocrx_word' id='word_1_265' title='bbox 397 3988 578 4073; x_wconf 84' lang='lat' dir='ltr'>Stephanus</span> <span class='ocrx_word' id='word_1_266' title='bbox 606 3998 639 4056; x_wconf 89' lang='lat' dir='ltr'>et</span> <span class='ocrx_word' id='word_1_267' title='bbox 660 3990 848 4057; x_wconf 89' lang='lat' dir='ltr'>Dominions</span> <span class='ocrx_word' id='word_1_268' title='bbox 875 3992 933 4056; x_wconf 87' lang='lat' dir='ltr'>filii</span> <span class='ocrx_word' id='word_1_269' title='bbox 955 3992 1125 4057; x_wconf 81' lang='lat' dir='ltr'>Bencenhc</span> <span class='ocrx_word' id='word_1_270' title='bbox 1148 3992 1187 4056; x_wconf 89' lang='lat' dir='ltr'>de</span> <span class='ocrx_word' id='word_1_271' title='bbox 1218 4011 1335 4075; x_wconf 87' lang='lat' dir='ltr'>genere</span> <span class='ocrx_word' id='word_1_272' title='bbox 1358 3992 1538 4056; x_wconf 88' lang='lat' dir='ltr'>Siculorum</span> <span class='ocrx_word' id='word_1_273' title='bbox 1568 4010 1625 4074; x_wconf 92' lang='lat' dir='ltr'>pro</span> <span class='ocrx_word' id='word_1_274' title='bbox 1656 4007 1691 4053; x_wconf 91' lang='grc'>99</span> 
     </span>
    </p>

    <p class='ocr_par' dir='ltr' id='par_1_11' title="bbox 218 4090 1691 4594">
     <span class='ocr_line' id='line_1_31' title="bbox 218 4090 1690 4181; baseline 0.002 -29"><span class='ocrx_word' id='word_1_275' title='bbox 218 4095 255 4152; x_wconf 78' lang='grc'>30</span> <span class='ocrx_word' id='word_1_276' title='bbox 289 4096 322 4156; x_wconf 91' lang='grc'>91</span> <span class='ocrx_word' id='word_1_277' title='bbox 335 4090 465 4157; x_wconf 78' lang='lat' dir='ltr'>Milone</span> <span class='ocrx_word' id='word_1_278' title='bbox 487 4094 584 4159; x_wconf 88' lang='grc'><em>119119</em></span> <span class='ocrx_word' id='word_1_279' title='bbox 599 4095 742 4179; x_wconf 89' lang='lat' dir='ltr'>ipsorum</span> <span class='ocrx_word' id='word_1_280' title='bbox 764 4097 974 4181; x_wconf 84' lang='lat' dir='ltr'>personaliter</span> <span class='ocrx_word' id='word_1_281' title='bbox 996 4116 1101 4160; x_wconf 89' lang='lat' dir='ltr'>coram</span> <span class='ocrx_word' id='word_1_282' title='bbox 1125 4095 1217 4160; x_wconf 89' lang='lat' dir='ltr'>nohis</span> <span class='ocrx_word' id='word_1_283' title='bbox 1232 4095 1444 4179; x_wconf 87' lang='lat' dir='ltr'>comparando</span> <span class='ocrx_word' id='word_1_284' title='bbox 1467 4101 1584 4160; x_wconf 88' lang='lat' dir='ltr'>terram</span> <span class='ocrx_word' id='word_1_285' title='bbox 1600 4113 1690 4157; x_wconf 86' lang='lat' dir='ltr'>auam</span> 
     </span>
     <span class='ocr_line' id='line_1_32' title="bbox 288 4194 1691 4283; baseline -0.001 -24"><span class='ocrx_word' id='word_1_286' title='bbox 288 4194 456 4261; x_wconf 85' lang='lat' dir='ltr'>Sothteluh</span> <span class='ocrx_word' id='word_1_287' title='bbox 479 4204 623 4263; x_wconf 83' lang='lat' dir='ltr'>vocatam</span> <span class='ocrx_word' id='word_1_288' title='bbox 653 4219 695 4264; x_wconf 84' lang='lat' dir='ltr'>ex</span> <span class='ocrx_word' id='word_1_289' title='bbox 717 4201 886 4265; x_wconf 88' lang='lat' dir='ltr'>collatione</span> <span class='ocrx_word' id='word_1_290' title='bbox 915 4201 1017 4265; x_wconf 87' lang='grc'><em>1911919</em></span> <span class='ocrx_word' id='word_1_291' title='bbox 1047 4200 1273 4264; x_wconf 84' lang='lat' dir='ltr'>recordationis</span> <span class='ocrx_word' id='word_1_292' title='bbox 1295 4200 1380 4283; x_wconf 88' lang='lat' dir='ltr'>ragis</span> <span class='ocrx_word' id='word_1_293' title='bbox 1401 4197 1561 4281; x_wconf 78' lang='lat' dir='ltr'>Stephani,</span> <span class='ocrx_word' id='word_1_294' title='bbox 1591 4202 1628 4259; x_wconf 89' lang='lat' dir='ltr'>ut</span> <span class='ocrx_word' id='word_1_295' title='bbox 1649 4214 1691 4259; x_wconf 83' lang='lat' dir='ltr'>ex</span> 
     </span>
     <span class='ocr_line' id='line_1_33' title="bbox 288 4298 1690 4387; baseline 0 -25"><span class='ocrx_word' id='word_1_296' title='bbox 288 4298 454 4383; x_wconf 86' lang='lat' dir='ltr'>privilegio</span> <span class='ocrx_word' id='word_1_297' title='bbox 477 4301 621 4367; x_wconf 89' lang='lat' dir='ltr'>eiusdem</span> <span class='ocrx_word' id='word_1_298' title='bbox 648 4303 768 4366; x_wconf 90' lang='lat' dir='ltr'>domini</span> <span class='ocrx_word' id='word_1_299' title='bbox 790 4304 874 4387; x_wconf 86' lang='lat' dir='ltr'>ragis</span> <span class='ocrx_word' id='word_1_300' title='bbox 896 4305 1013 4368; x_wconf 84' lang='lat' dir='ltr'>exinde</span> <span class='ocrx_word' id='word_1_301' title='bbox 1035 4305 1179 4368; x_wconf 86' lang='lat' dir='ltr'>conlecto</span> <span class='ocrx_word' id='word_1_302' title='bbox 1201 4304 1430 4383; x_wconf 83' lang='lat' dir='ltr'>intelleximus,</span> <span class='ocrx_word' id='word_1_303' title='bbox 1460 4301 1520 4366; x_wconf 86' lang='lat' dir='ltr'>sibi</span> <span class='ocrx_word' id='word_1_304' title='bbox 1542 4301 1690 4363; x_wconf 87' lang='lat' dir='ltr'>donatam</span> 
     </span>
     <span class='ocr_line' id='line_1_34' title="bbox 289 4403 1691 4491; baseline 0.001 -26"><span class='ocrx_word' id='word_1_305' title='bbox 289 4421 364 4466; x_wconf 89' lang='lat' dir='ltr'>oum</span> <span class='ocrx_word' id='word_1_306' title='bbox 378 4403 527 4468; x_wconf 85' lang='lat' dir='ltr'>omnibus</span> <span class='ocrx_word' id='word_1_307' title='bbox 542 4406 733 4472; x_wconf 89' lang='lat' dir='ltr'>utilitatibus</span> <span class='ocrx_word' id='word_1_308' title='bbox 747 4409 814 4472; x_wconf 87' lang='lat' dir='ltr'>suis</span> <span class='ocrx_word' id='word_1_309' title='bbox 836 4413 869 4472; x_wconf 89' lang='lat' dir='ltr'>et</span> <span class='ocrx_word' id='word_1_310' title='bbox 886 4408 1086 4491; x_wconf 86' lang='lat' dir='ltr'>pertinentiis</span> <span class='ocrx_word' id='word_1_311' title='bbox 1101 4407 1161 4472; x_wconf 85' lang='lat' dir='ltr'>sub</span> <span class='ocrx_word' id='word_1_312' title='bbox 1183 4408 1296 4472; x_wconf 87' lang='lat' dir='ltr'>iisdem</span> <span class='ocrx_word' id='word_1_313' title='bbox 1311 4407 1452 4488; x_wconf 89' lang='lat' dir='ltr'>antiquis</span> <span class='ocrx_word' id='word_1_314' title='bbox 1466 4405 1568 4486; x_wconf 90' lang='lat' dir='ltr'>metis,</span> <span class='ocrx_word' id='word_1_315' title='bbox 1591 4404 1691 4487; x_wconf 88' lang='lat' dir='ltr'>signis</span> 
     </span>
     <span class='ocr_line' id='line_1_35' title="bbox 289 4507 1690 4594; baseline 0.001 -25"><span class='ocrx_word' id='word_1_316' title='bbox 289 4522 348 4570; x_wconf 86' lang='lat' dir='ltr'>seu</span> <span class='ocrx_word' id='word_1_317' title='bbox 376 4507 530 4590; x_wconf 85' lang='lat' dir='ltr'>terminia,</span> <span class='ocrx_word' id='word_1_318' title='bbox 561 4509 679 4591; x_wconf 87' lang='lat' dir='ltr'>quibua</span> <span class='ocrx_word' id='word_1_319' title='bbox 709 4529 779 4574; x_wconf 88' lang='lat' dir='ltr'>eam</span> <span class='ocrx_word' id='word_1_320' title='bbox 801 4511 897 4574; x_wconf 89' lang='lat' dir='ltr'>iidem</span> <span class='ocrx_word' id='word_1_321' title='bbox 918 4509 976 4574; x_wconf 91' lang='lat' dir='ltr'>filii</span> <span class='ocrx_word' id='word_1_322' title='bbox 997 4511 1167 4575; x_wconf 89' lang='lat' dir='ltr'>Bencenhc</span> <span class='ocrx_word' id='word_1_323' title='bbox 1196 4510 1379 4575; x_wconf 87' lang='lat' dir='ltr'>habuerunt</span> <span class='ocrx_word' id='word_1_324' title='bbox 1408 4516 1441 4574; x_wconf 91' lang='lat' dir='ltr'>et</span> <span class='ocrx_word' id='word_1_325' title='bbox 1469 4509 1690 4594; x_wconf 89' lang='lat' dir='ltr'>possederunt,</span> 
     </span>
    </p>

    <p class='ocr_par' dir='ltr' id='par_1_12' title="bbox 219 4609 1692 4909">
     <span class='ocr_line' id='line_1_36' title="bbox 219 4609 1691 4704; baseline 0 -32"><span class='ocrx_word' id='word_1_326' title='bbox 219 4615 255 4704; x_wconf 74' lang='grc'>39</span> <span class='ocrx_word' id='word_1_327' title='bbox 290 4609 457 4693; x_wconf 89' lang='lat' dir='ltr'>dederunt,</span> <span class='ocrx_word' id='word_1_328' title='bbox 478 4613 680 4678; x_wconf 86' lang='lat' dir='ltr'>tradiderunt</span> <span class='ocrx_word' id='word_1_329' title='bbox 694 4620 726 4678; x_wconf 88' lang='lat' dir='ltr'>ot</span> <span class='ocrx_word' id='word_1_330' title='bbox 739 4613 989 4679; x_wconf 76' lang='lat' dir='ltr'>irrevocabiliter</span> <span class='ocrx_word' id='word_1_331' title='bbox 1010 4615 1233 4696; x_wconf 80' lang='lat' dir='ltr'>vendiderunt,</span> <span class='ocrx_word' id='word_1_332' title='bbox 1255 4620 1378 4678; x_wconf 80' lang='grc'><em>1911191</em></span> <span class='ocrx_word' id='word_1_333' title='bbox 1399 4617 1488 4697; x_wconf 87' lang='lat' dir='ltr'>parte</span> <span class='ocrx_word' id='word_1_334' title='bbox 1504 4631 1571 4693; x_wconf 88' lang='lat' dir='ltr'>sua,</span> <span class='ocrx_word' id='word_1_335' title='bbox 1595 4629 1691 4692; x_wconf 90' lang='lat' dir='ltr'>quam</span> 
     </span>
     <span class='ocr_line' id='line_1_37' title="bbox 289 4712 1691 4802; baseline -0.001 -25"><span class='ocrx_word' id='word_1_336' title='bbox 289 4732 332 4777; x_wconf 83' lang='lat' dir='ltr'>ex</span> <span class='ocrx_word' id='word_1_337' title='bbox 361 4722 451 4797; x_wconf 88' lang='lat' dir='ltr'>parte</span> <span class='ocrx_word' id='word_1_338' title='bbox 472 4715 612 4781; x_wconf 74' lang='lat' dir='ltr'>Milionia</span> <span class='ocrx_word' id='word_1_339' title='bbox 640 4718 793 4802; x_wconf 89' lang='lat' dir='ltr'>praedicti</span> <span class='ocrx_word' id='word_1_340' title='bbox 822 4719 930 4782; x_wconf 84' lang='lat' dir='ltr'>fratris</span> <span class='ocrx_word' id='word_1_341' title='bbox 952 4719 1003 4782; x_wconf 92' lang='lat' dir='ltr'>sui</span> <span class='ocrx_word' id='word_1_342' title='bbox 1025 4717 1150 4782; x_wconf 89' lang='lat' dir='ltr'>Danieli</span> <span class='ocrx_word' id='word_1_343' title='bbox 1180 4722 1213 4782; x_wconf 93' lang='lat' dir='ltr'>et</span> <span class='ocrx_word' id='word_1_344' title='bbox 1234 4717 1396 4783; x_wconf 85' lang='lat' dir='ltr'>Salomoni</span> <span class='ocrx_word' id='word_1_345' title='bbox 1418 4714 1588 4782; x_wconf 89' lang='lat' dir='ltr'>comitibus</span> <span class='ocrx_word' id='word_1_346' title='bbox 1616 4712 1691 4777; x_wconf 87' lang='lat' dir='ltr'>filiis</span> 
     </span>
     <span class='ocr_line' id='line_1_38' title="bbox 289 4817 1692 4909; baseline -0.001 -28"><span class='ocrx_word' id='word_1_347' title='bbox 289 4817 367 4882; x_wconf 83' lang='grc'><em>01191</em></span> <span class='ocrx_word' id='word_1_348' title='bbox 382 4819 422 4882; x_wconf 90' lang='grc'>(19</span> <span class='ocrx_word' id='word_1_349' title='bbox 437 4818 565 4884; x_wconf 83' lang='lat' dir='ltr'>Kelnuk</span> <span class='ocrx_word' id='word_1_350' title='bbox 580 4826 613 4886; x_wconf 91' lang='lat' dir='ltr'>at</span> <span class='ocrx_word' id='word_1_351' title='bbox 626 4842 685 4906; x_wconf 88' lang='lat' dir='ltr'>per</span> <span class='ocrx_word' id='word_1_352' title='bbox 699 4842 754 4886; x_wconf 88' lang='lat' dir='ltr'>eos</span> <span class='ocrx_word' id='word_1_353' title='bbox 769 4821 944 4909; x_wconf 80' lang='lat' dir='ltr'>eorundem</span> <span class='ocrx_word' id='word_1_354' title='bbox 959 4821 1196 4885; x_wconf 89' lang='lat' dir='ltr'>successoribus</span> <span class='ocrx_word' id='word_1_355' title='bbox 1216 4822 1284 4885; x_wconf 81' lang='lat' dir='ltr'>iura</span> <span class='ocrx_word' id='word_1_356' title='bbox 1299 4827 1453 4906; x_wconf 87' lang='lat' dir='ltr'>perpetuo</span> <span class='ocrx_word' id='word_1_357' title='bbox 1469 4818 1692 4903; x_wconf 88' lang='lat' dir='ltr'>possidendam</span> 
     </span>
    </p>

    <p class='ocr_par' dir='ltr' id='par_1_13' title="bbox 288 4921 1693 5112">
     <span class='ocr_line' id='line_1_39' title="bbox 289 4921 1693 5009; baseline 0 -24"><span class='ocrx_word' id='word_1_358' title='bbox 289 4926 323 4985; x_wconf 89' lang='lat' dir='ltr'>et</span> <span class='ocrx_word' id='word_1_359' title='bbox 343 4921 521 4986; x_wconf 89' lang='lat' dir='ltr'>habendam</span> <span class='ocrx_word' id='word_1_360' title='bbox 539 4944 598 5009; x_wconf 90' lang='lat' dir='ltr'>pro</span> <span class='ocrx_word' id='word_1_361' title='bbox 622 4926 734 5009; x_wconf 88' lang='lat' dir='ltr'>viginti</span> <span class='ocrx_word' id='word_1_362' title='bbox 757 4926 872 4988; x_wconf 88' lang='lat' dir='ltr'>marcis</span> <span class='ocrx_word' id='word_1_363' title='bbox 893 4925 949 4987; x_wconf 90' lang='lat' dir='ltr'>fini</span> <span class='ocrx_word' id='word_1_364' title='bbox 973 4926 1105 5009; x_wconf 87' lang='lat' dir='ltr'>argenti,</span> <span class='ocrx_word' id='word_1_365' title='bbox 1127 4945 1185 5009; x_wconf 88' lang='lat' dir='ltr'>per</span> <span class='ocrx_word' id='word_1_366' title='bbox 1207 4926 1335 4989; x_wconf 90' lang='lat' dir='ltr'>eosdem</span> <span class='ocrx_word' id='word_1_367' title='bbox 1358 4924 1440 4987; x_wconf 91' lang='lat' dir='ltr'>filios</span> <span class='ocrx_word' id='word_1_368' title='bbox 1454 4922 1632 5003; x_wconf 88' lang='lat' dir='ltr'>Bencenhc,</span> <span class='ocrx_word' id='word_1_369' title='bbox 1655 4925 1693 4985; x_wconf 91' lang='lat' dir='ltr'>nt</span> 
     </span>
     <span class='ocr_line' id='line_1_40' title="bbox 288 5023 1691 5112; baseline -0.001 -24"><span class='ocrx_word' id='word_1_370' title='bbox 288 5025 385 5089; x_wconf 90' lang='lat' dir='ltr'>iidem</span> <span class='ocrx_word' id='word_1_371' title='bbox 406 5026 568 5109; x_wconf 84' lang='lat' dir='ltr'>dixerunt,</span> <span class='ocrx_word' id='word_1_372' title='bbox 591 5048 611 5091; x_wconf 92' lang='lat' dir='ltr'>a</span> <span class='ocrx_word' id='word_1_373' title='bbox 631 5028 725 5092; x_wconf 75' lang='grc'><em>1119119</em></span> <span class='ocrx_word' id='word_1_374' title='bbox 746 5027 820 5092; x_wconf 89' lang='lat' dir='ltr'>liliis</span> <span class='ocrx_word' id='word_1_375' title='bbox 843 5027 920 5092; x_wconf 85' lang='lat' dir='ltr'>Ohel</span> <span class='ocrx_word' id='word_1_376' title='bbox 942 5027 1036 5112; x_wconf 88' lang='lat' dir='ltr'>plone</span> <span class='ocrx_word' id='word_1_377' title='bbox 1059 5028 1173 5091; x_wconf 87' lang='lat' dir='ltr'>habitis</span> <span class='ocrx_word' id='word_1_378' title='bbox 1196 5034 1228 5092; x_wconf 91' lang='grc'>91</span> <span class='ocrx_word' id='word_1_379' title='bbox 1249 5029 1414 5112; x_wconf 88' lang='lat' dir='ltr'>perceptis.</span> <span class='ocrx_word' id='word_1_380' title='bbox 1438 5026 1538 5091; x_wconf 82' lang='lat' dir='ltr'>Cuius</span> <span class='ocrx_word' id='word_1_381' title='bbox 1562 5023 1691 5107; x_wconf 91' lang='lat' dir='ltr'>quidem</span> 
     </span>
    </p>

    <p class='ocr_par' dir='ltr' id='par_1_14' title="bbox 219 5129 1692 5526">
     <span class='ocr_line' id='line_1_41' title="bbox 219 5129 1692 5215; baseline 0 -24"><span class='ocrx_word' id='word_1_382' title='bbox 219 5134 257 5190; x_wconf 78' lang='lat' dir='ltr'>lo</span> <span class='ocrx_word' id='word_1_383' title='bbox 291 5134 394 5194; x_wconf 89' lang='lat' dir='ltr'>terrae</span> <span class='ocrx_word' id='word_1_384' title='bbox 409 5135 512 5194; x_wconf 86' lang='lat' dir='ltr'>metae</span> <span class='ocrx_word' id='word_1_385' title='bbox 527 5151 584 5196; x_wconf 87' lang='lat' dir='ltr'>son</span> <span class='ocrx_word' id='word_1_386' title='bbox 600 5132 736 5213; x_wconf 83' lang='lat' dir='ltr'>termini,</span> <span class='ocrx_word' id='word_1_387' title='bbox 759 5133 842 5197; x_wconf 87' lang='lat' dir='ltr'>siout</span> <span class='ocrx_word' id='word_1_388' title='bbox 856 5151 898 5196; x_wconf 81' lang='lat' dir='ltr'>ex</span> <span class='ocrx_word' id='word_1_389' title='bbox 913 5138 1023 5196; x_wconf 89' lang='lat' dir='ltr'>tenore</span> <span class='ocrx_word' id='word_1_390' title='bbox 1041 5132 1206 5196; x_wconf 89' lang='lat' dir='ltr'>memorati</span> <span class='ocrx_word' id='word_1_391' title='bbox 1227 5131 1385 5215; x_wconf 84' lang='lat' dir='ltr'>privilegii</span> <span class='ocrx_word' id='word_1_392' title='bbox 1407 5130 1527 5194; x_wconf 91' lang='lat' dir='ltr'>domini</span> <span class='ocrx_word' id='word_1_393' title='bbox 1539 5129 1692 5213; x_wconf 89' lang='lat' dir='ltr'>Stephani</span> 
     </span>
     <span class='ocr_line' id='line_1_42' title="bbox 289 5233 1691 5320; baseline 0 -23"><span class='ocrx_word' id='word_1_394' title='bbox 289 5233 373 5316; x_wconf 87' lang='lat' dir='ltr'>regia</span> <span class='ocrx_word' id='word_1_395' title='bbox 395 5234 573 5318; x_wconf 88' lang='lat' dir='ltr'>didicimus,</span> <span class='ocrx_word' id='word_1_396' title='bbox 596 5236 651 5299; x_wconf 93' lang='lat' dir='ltr'>tali</span> <span class='ocrx_word' id='word_1_397' title='bbox 673 5236 785 5300; x_wconf 89' lang='lat' dir='ltr'>ordine</span> <span class='ocrx_word' id='word_1_398' title='bbox 807 5236 1056 5319; x_wconf 88' lang='lat' dir='ltr'>distinguuntur.</span> <span class='ocrx_word' id='word_1_399' title='bbox 1090 5235 1207 5320; x_wconf 90' lang='lat' dir='ltr'>Incipit</span> <span class='ocrx_word' id='word_1_400' title='bbox 1229 5237 1313 5300; x_wconf 87' lang='lat' dir='ltr'>enim</span> <span class='ocrx_word' id='word_1_401' title='bbox 1330 5236 1433 5319; x_wconf 90' lang='lat' dir='ltr'>prima</span> <span class='ocrx_word' id='word_1_402' title='bbox 1455 5238 1539 5298; x_wconf 86' lang='lat' dir='ltr'>meta</span> <span class='ocrx_word' id='word_1_403' title='bbox 1561 5238 1691 5316; x_wconf 84' lang='lat' dir='ltr'>aparte</span> 
     </span>
     <span class='ocr_line' id='line_1_43' title="bbox 289 5336 1692 5423; baseline 0.001 -24"><span class='ocrx_word' id='word_1_404' title='bbox 289 5336 435 5401; x_wconf 79' lang='grc'><em>9119111911</em></span> <span class='ocrx_word' id='word_1_405' title='bbox 464 5358 484 5402; x_wconf 92' lang='lat' dir='ltr'>a</span> <span class='ocrx_word' id='word_1_406' title='bbox 505 5344 590 5403; x_wconf 87' lang='lat' dir='ltr'>meta</span> <span class='ocrx_word' id='word_1_407' title='bbox 610 5346 713 5403; x_wconf 87' lang='lat' dir='ltr'>terrae</span> <span class='ocrx_word' id='word_1_408' title='bbox 735 5339 875 5404; x_wconf 90' lang='lat' dir='ltr'>Iuanche</span> <span class='ocrx_word' id='word_1_409' title='bbox 905 5339 1081 5423; x_wconf 91' lang='lat' dir='ltr'>iobagionis</span> <span class='ocrx_word' id='word_1_410' title='bbox 1109 5339 1204 5402; x_wconf 85' lang='lat' dir='ltr'>cashi</span> <span class='ocrx_word' id='word_1_411' title='bbox 1227 5339 1378 5403; x_wconf 71' lang='lat' dir='ltr'>albensis</span> <span class='ocrx_word' id='word_1_412' title='bbox 1398 5337 1607 5419; x_wconf 81' lang='lat' dir='ltr'>Transiluani,</span> <span class='ocrx_word' id='word_1_413' title='bbox 1636 5336 1692 5401; x_wconf 93' lang='lat' dir='ltr'>ubi</span> 
     </span>
     <span class='ocr_line' id='line_1_44' title="bbox 289 5436 1691 5526; baseline 0.005 -24"><span class='ocrx_word' id='word_1_414' title='bbox 289 5436 385 5507; x_wconf 74' lang='lat' dir='ltr'>hebet</span> <span class='ocrx_word' id='word_1_415' title='bbox 411 5446 530 5507; x_wconf 85' lang='lat' dir='ltr'>metam</span> <span class='ocrx_word' id='word_1_416' title='bbox 557 5448 694 5508; x_wconf 85' lang='lat' dir='ltr'>terream</span> <span class='ocrx_word' id='word_1_417' title='bbox 722 5444 816 5508; x_wconf 79' lang='lat' dir='ltr'>iuxta</span> <span class='ocrx_word' id='word_1_418' title='bbox 842 5447 958 5507; x_wconf 88' lang='lat' dir='ltr'>matam</span> <span class='ocrx_word' id='word_1_419' title='bbox 988 5443 1089 5526; x_wconf 86' lang='lat' dir='ltr'>ipsius</span> <span class='ocrx_word' id='word_1_420' title='bbox 1117 5442 1267 5525; x_wconf 85' lang='lat' dir='ltr'>Iuanahe,</span> <span class='ocrx_word' id='word_1_421' title='bbox 1295 5443 1388 5506; x_wconf 80' lang='lat' dir='ltr'>iuxta</span> <span class='ocrx_word' id='word_1_422' title='bbox 1409 5441 1586 5525; x_wconf 85' lang='lat' dir='ltr'>Moriaium,</span> <span class='ocrx_word' id='word_1_423' title='bbox 1616 5441 1691 5509; x_wconf 83' lang='lat' dir='ltr'>inde</span> 
     </span>
    </p>
   </div>
   <div class='ocr_carea' id='block_1_8' title="bbox 0 0 2055 6292">
    <p class='ocr_par' dir='ltr' id='par_1_15' title="bbox 0 0 2055 6292">
     <span class='ocr_line' id='line_1_45' title="bbox 0 0 2055 6292; baseline 0 0"><span class='ocrx_word' id='word_1_424' title='bbox 0 0 2055 6292; x_wconf 95' lang='lat' dir='ltr'> </span> 
     </span>
    </p>
   </div>
  </div>
 </body>
</html>
