4048 6284
938 603 986 665 -59

885 688 1040 698 ιι...-

416 793 589 876 Gregorius
611 793 788 876 episcopus
811 839 909 854 .....
932 788 1168 854 venerabilibus
1192 787 1343 852 fratribus
1366 831 1375 850 .
1398 785 1437 865 .¹)
1466 786 1661 870 patriarchae

261 896 460 978 Aquileiensi
483 902 516 960 et
537 939 547 959 .
570 894 611 973 .⁸)
634 895 867 978 archiepiscopo
891 892 1101 976 strigoniensi
1122 893 1257 956 salutem
1273 941 1372 954 .....
1401 890 1517 955 Dilecti
1538 889 1595 952 filii
1618 933 1628 952 .
1651 935 1660 952 .

261 999 411 1082 magister
441 1003 474 1063 et
502 999 616 1062 fratres
645 998 810 1081 hospitalis
840 1003 967 1061 sanctae
989 995 1107 1059 Maniae
1132 996 1400 1059 Theutonicorum
1428 992 1540 1056 humili
1568 992 1661 1055 nobis

261 1108 294 1165 et
314 1103 446 1166 instanti
468 1103 699 1184 conquestione
714 1106 942 1180 monstrarunt
966 1101 1053 1182 quod
1074 1119 1149 1163 oum
1170 1100 1351 1163 carissimus
1373 1099 1406 1161 in
1429 1096 1554 1161 Christo
1576 1095 1661 1159 filius

208 1216 225 1270 5
261 1210 369 1270 noster
390 1206 537 1270 Andreas
559 1205 719 1290 Ungariae
748 1224 808 1269 rex
837 1204 970 1269 illustris
992 1223 1104 1267 eorum
1133 1204 1242 1267 domui
1271 1208 1389 1266 terram
1410 1200 1515 1263 Burze
1544 1197 1661 1282 11111-

262 1307 425 1372 beralitate
447 1308 605 1390 donasset
628 1309 712 1372 sicut
733 1310 765 1371 in
789 1309 890 1392 ipsius
911 1308 1077 1392 privilegio
1100 1326 1197 1371 aurea
1218 1306 1306 1370 bulla
1327 1304 1451 1368 munito
1474 1303 1567 1387 plene
1589 1321 1661 1385 per-

260 1411 425 1494 speximus
455 1412 620 1493 contineri,
650 1413 711 1496 ipsi
732 1433 789 1496 pro
813 1412 946 1476 colenda
967 1417 1000 1475 et
1029 1410 1203 1474 munienda
1230 1415 1315 1474 terra
1335 1409 1455 1490 eadem,
1485 1424 1661 1490 perquam

260 1513 411 1579 Cumanis
441 1534 578 1598 regnum
605 1516 764 1600 Ungariae
793 1514 1010 1599 multipliciter
1038 1513 1299 1597 perturbantibus
1329 1512 1481 1594 frequens
1511 1510 1661 1573 introitus

260 1624 292 1682 11
306 1619 415 1683 exitus
432 1618 616 1702 habebatur,
636 1638 839 1685 numerosam
853 1619 1022 1702 pecuniam
1037 1617 1269 1700 expenderim,
1288 1616 1421 1680 ibicum
1436 1614 1537 1678 multo
1552 1613 1661 1677 labore

192 1732 226 1787 10
261 1728 294 1786 et
314 1723 435 1806 proprii
449 1723 606 1787 effusione
621 1724 743 1787 cruoris
767 1724 910 1804 quinque
924 1726 1028 1785 111111
1049 1722 1144 1784 fortia
1157 1720 1381 1784 construendo.
1404 1718 1466 1783 Sed
1480 1719 1556 1783 11111
1576 1718 1661 1781 idem

262 1844 321 1889 rex
343 1826 389 1890 eis
410 1830 527 1890 terram
549 1825 733 1890 abstulisset
751 1825 893 1908 eandem,
915 1826 1016 1908 ipsam
1038 1823 1167 1887 tandem
1185 1823 1332 1901 restituit
1354 1829 1392 1887 ut
1415 1821 1558 1902 debebat
1582 1821 1660 1903 quin

261 1929 356 1993 etiam
385 1949 443 2013 pro
473 1929 766 2012 recompensatione
796 1928 984 1991 damnorum
1014 1928 1092 2012 ipsis
1120 1927 1355 1990 ultramontes
1385 1927 1510 1990 nivium
1538 1928 1661 2008 partem

261 2033 396 2096 contulit
426 2032 611 2114 Oomaniae,
641 2033 673 2095 in
706 2051 771 2114 qua
799 2051 872 2094 cum
902 2031 978 2094 dicti
1014 2031 1164 2113 magister
1186 2036 1218 2094 et
1243 2030 1357 2094 fratres
1386 2035 1526 2093 castrum
1555 2027 1660 2091 muni-

260 2136 419 2199 tissimum
447 2135 712 2217 construxissent
743 2135 878 2199 Cumani
906 2133 1066 2218 perterriti
1093 2138 1126 2197 et
1147 2134 1292 2197 dolentes
1322 2132 1500 2216 ademptam
1529 2130 1660 2196 11111111-

194 2249 226 2302 15
261 2257 389 2322 gressus
404 2244 437 2303 11
451 2238 559 2303 exitus
575 2238 766 2321 facultatem,
782 2242 973 2321 congregata
986 2237 1107 2320 ingenti
1122 2237 1327 2301 multitudine
1341 2235 1533 2300 bellatorum
1547 2235 1661 2298 fratres

259 2342 338 2405 inibi
352 2348 587 2406 commorantes
602 2342 759 2406 hostiliter
772 2340 912 2425 aggressi
935 2340 1074 2421 fuerumt
1093 2341 1154 2404 ‚sed
1176 2339 1305 2403 domino
1327 2339 1518 2424 propitiante
1533 2338 1658 2419 devicti,

260 2445 384 2509 confusi
414 2450 447 2508 et
468 2445 599 2509 reveriti
622 2444 821 2525 destiterunt,
853 2443 933 2525 quin
963 2445 1058 2507 etiam
1081 2443 1209 2525 quidam
1236 2463 1279 2506 ex
1301 2443 1364 2507 11111
1394 2442 1486 2506 dictis
1508 2440 1661 2505 fratribus

260 2568 295 2612 se
323 2548 501 2629 reddentes
528 2567 601 2611 cum
631 2548 789 2611 uxoribus
818 2552 851 2611 et
871 2546 1015 2630 parvulis
1037 2547 1077 2610 ad
1106 2546 1255 2631 baptismi
1284 2546 1416 2628 gratiam
1439 2545 1660 2608 convolarunt

259 2651 304 2714 At
325 2671 384 2715 rex
405 2651 587 2735 praedictus
614 2656 730 2714 terram
752 2652 853 2735 ipsam
868 2652 1050 2734 ingrediens
1072 2651 1256 2733 cidtamque
1275 2649 1471 2734 prospiciens
1493 2649 1606 2711 fratres
1621 2647 1661 2710 de

194 2762 228 2817 20
261 2755 414 2818 tenacis
435 2773 493 2837 per
515 2754 622 2819 sedem
638 2755 842 2838 apostolicam
865 2753 1050 2819 confirmata
1071 2763 1104 2820 et
1122 2753 1182 2817 sub
1205 2752 1274 2816 eius
1296 2753 1493 2837 protectione
1515 2756 1663 2835 suscepta

259 2856 384 2940 expulit
398 2856 555 2920 violenter
569 2876 635 2920 non
650 2857 772 2939 absque
786 2857 948 2922 Romanae
963 2859 1114 2923 ecclesiae
1129 2858 1247 2921 iniuria
1263 2857 1439 2936 manifesta,
1461 2875 1535 2919 cum
1550 2855 1660 2918 eadem

259 2965 344 3025 terra
365 2960 491 3024 nuHum
511 2964 639 3045 praeter
653 2959 833 3024 Romanum
855 2960 1037 3045 pontificem
1057 2962 1177 3025 habens
1199 2962 1383 3044 episcopum
1399 2960 1449 3023 vel
1473 2958 1659 3042 praelatum,

259 3063 362 3128 eidem
383 3064 535 3128 ecclesiae
557 3063 715 3127 censualis
738 3064 862 3127 existat
888 3063 930 3128 Et
953 3067 1100 3146 quamvis
1113 3063 1185 3147 piae
1206 3064 1376 3127 memoriae
1391 3061 1557 3127 Honorius
1579 3081 1661 3145 papa

259 3166 482 3250 praedecessor
493 3171 602 3231 noster
617 3187 654 3231 ac
664 3186 724 3231 nos
739 3168 942 3251 postmodum
953 3168 1073 3251 pluries
1087 3166 1249 3252 praedicto
1265 3167 1333 3250 regi
1348 3166 1536 3230 affectuosae
1549 3183 1661 3249 preces

194 3278 227 3332 25
260 3275 294 3333 et
313 3270 436 3334 monita
464 3270 628 3353 diligentia
650 3270 870 3350 direxerimus,
901 3274 938 3332 ut
959 3270 1006 3333 eis
1034 3270 1206 3334 liberaliter
1235 3269 1382 3334 redderet
1411 3274 1528 3333 terram
1549 3269 1660 3351 ipsam,

261 3392 464 3455 nequaquam
485 3378 593 3437 tamen
607 3373 728 3436 fuimus
752 3372 904 3453 exauditi,
932 3373 1011 3455 quin
1025 3374 1132 3456 potius
1146 3374 1215 3456 ipse
1230 3373 1379 3455 magister
1394 3373 1433 3436 ad
1448 3372 1660 3456 praesentiam

259 3475 343 3557 regis
371 3474 407 3538 in
428 3494 485 3558 spe
511 3481 645 3540 vocatus
674 3476 828 3541 accedens
857 3476 1030 3540 frustratus
1050 3476 1153 3557 rediit
1183 3475 1332 3559 fatigatus
1361 3475 1472 3540 multis
1497 3474 1660 3539 laboribus

260 3583 292 3641 et
312 3578 472 3662 expensis,
494 3578 572 3642 alias
595 3580 688 3642 domo
711 3598 770 3643 sua
784 3583 914 3663 propter
935 3579 995 3642 boc
1023 3580 1131 3643 attrita
1159 3581 1257 3644 variis
1286 3584 1319 3644 et
1348 3580 1532 3645 enormibus
1563 3579 1660 3642 detri-

259 3682 382 3745 mentis.
416 3679 521 3757 Quare
542 3680 639 3744 iidem
660 3682 810 3765 magister
832 3688 864 3746 et
885 3682 999 3746 fratres
1021 3683 1206 3766 suppliciter
1230 3683 1422 3768 flagitarunt
1444 3687 1483 3746 ut
1503 3701 1577 3745 cum
1599 3700 1658 3743 rex

173 3856 178 3863 ,
195 3793 228 3848 311
261 3785 411 3848 seductus
423 3784 681 3867 suggestionibus
692 3785 904 3868 malignorum
918 3786 1124 3849 inexorabilis
1139 3787 1295 3869 videatur,
1309 3787 1355 3849 nil
1366 3786 1452 3849 aliud
1464 3803 1659 3865 asseverans,

259 3888 322 3952 nisi
351 3888 437 3970 qnod
467 3888 625 3953 restitutio
655 3888 756 3971 ipsius
784 3894 887 3953 terrae
917 3909 975 3973 pro
1006 3909 1053 3970 eo,
1084 3890 1170 3971 quod
1200 3910 1315 3973 magna
1341 3896 1398 3972 est
1428 3890 1495 3953 suis
1523 3888 1597 3951 filiis
1628 3892 1660 3951 et

259 3990 432 4055 baronibus
455 3991 642 4075 displiceret
665 3992 842 4056 faceremus
864 3993 924 4057 sibi
946 3994 1102 4057 iustitiam
1124 3993 1275 4057 exhiberi.
1302 3993 1351 4056 Ne
1374 3993 1471 4076 igitur
1493 3992 1660 4055 videamur

260 4093 384 4159 deferre
405 4095 525 4158 homini
540 4100 652 4158 contra
673 4095 779 4177 deum,
802 4097 855 4159 cui
877 4101 926 4160 est
941 4101 1053 4160 contra
1068 4116 1178 4159 omnes
1199 4096 1344 4159 homines
1364 4094 1580 4176 deferendum,
1596 4094 1659 4156 fra·

259 4199 400 4262 ternitafi
429 4204 563 4279 vestrae,
593 4198 633 4263 de
660 4217 799 4280 quorum
828 4199 1110 4283 circumspectione
1139 4199 1267 4282 plenam
1292 4200 1327 4262 in
1354 4199 1482 4262 dominc
1508 4196 1659 4261 fiduciam

194 4308 227 4363 31
261 4301 448 4382 obtinemus,
477 4321 535 4385 per
556 4302 730 4385 apostolica
751 4304 869 4386 scripta
888 4304 924 4365 in
954 4304 1073 4366 virtute
1103 4302 1300 4366 obedientiae
1325 4302 1547 4386 praecipiendo
1569 4319 1659 4363 man-

261 4402 383 4486 damus,
414 4408 572 4485 quatenus
602 4407 740 4469 eundem
762 4425 869 4490 regem
899 4414 931 4469 et
953 4406 1063 4470 Belam
1092 4405 1194 4469 filium
1217 4407 1295 4488 eius,
1325 4409 1363 4470 ut
1388 4405 1659 4487 conquerentibus

259 4507 430 4571 restituant
451 4511 567 4571 terram
589 4509 699 4593 ipsam,
726 4510 765 4573 de
787 4509 911 4573 damnis
932 4508 1030 4573 illatis
1052 4514 1084 4572 et
1098 4509 1245 4593 irrogatis
1265 4510 1390 4574 iniuriis
1412 4508 1659 4573 satisfactionem

259 4628 432 4693 congruam
460 4610 683 4694 impendendo,
713 4612 837 4677 sublato
861 4613 1021 4676 dilationis
1051 4613 1224 4695 obstaculo,
1253 4613 1409 4676 moneatis
1430 4612 1606 4695 prudenter
1627 4617 1660 4675 et

260 4712 429 4777 efficaciter
439 4713 605 4778 inducatis.
621 4714 752 4792 Quodsi
764 4717 845 4780 forte
857 4717 986 4780 monitis
1000 4735 1066 4779 non
1078 4716 1305 4798 acquieverint
1320 4714 1464 4799 partibus
1475 4714 1658 4778 convocatis

196 4823 228 4878 1ο
261 4816 396 4880 audiatis
411 4836 539 4882 causam
562 4827 595 4881 et
609 4819 637 4882 si
652 4819 691 4883 de
706 4820 846 4902 ipsarum
872 4820 1037 4882 voluntate
1052 4819 1250 4902 processerit
1272 4818 1335 4882 fine
1353 4818 1458 4883 debito
1483 4818 1659 4882 terminetis

260 4919 419 5000 facientes,
450 4921 537 5002 quod
560 4922 773 5003 decreveritis,
802 4942 860 5007 per
888 4942 1041 4987 censuras
1070 4922 1297 4987 ecclesiasticas
1323 4921 1457 4986 firmiter
1487 4921 1657 4986 observari.

260 5022 393 5086 Proviso
408 5042 449 5086 ne
470 5025 505 5086 in
521 5031 639 5088 terram
653 5025 754 5109 ipsius
768 5027 852 5109 regis
867 5026 1205 5090 excommunicationis
1226 5025 1278 5088 vel
1292 5025 1452 5088 interdicti
1467 5025 1657 5089 sententiam

261 5126 435 5209 proferatis,
457 5127 518 5190 nisi
549 5127 735 5192 mandatum
764 5147 861 5212 super
888 5128 947 5191 hoo
970 5148 989 5191 a
1010 5128 1103 5192 nobis
1125 5129 1307 5213 receperitis
1329 5127 1472 5211 speciale.
1503 5126 1656 5210 Alioquin

262 5228 343 5292 infra
363 5248 480 5293 novem
502 5248 627 5294 menses
655 5237 730 5314 post
751 5232 984 5314 susceptionem
1005 5233 1223 5314 'praesentium
1249 5251 1319 5296 eam
1341 5233 1509 5296 remittatis
1536 5232 1575 5294 ad
1598 5251 1658 5296 nos

197 5361 232 5415 Ab
292 5391 295 5397 ·
415 5366 437 5433 ¹)
454 5364 610 5420 Bertcldus.

413 5450 436 5519 ¹)
454 5450 598 5508 1111111111.
