4088 6292
934 567 1089 663 —ro-r-

306 753 518 836 comparando
542 753 671 817 totalem
689 755 890 819 medietatem
913 757 1080 820 cuiusdam
1102 757 1310 821 hereditariae
1332 762 1435 822 terrae
1458 777 1544 839 suae,
1566 765 1604 823 ut
1625 759 1708 824 idem

307 856 397 939 dixit,
420 856 601 921 Gerebenes
617 864 757 939 vocatae,
780 858 813 920 in
829 858 981 922 scrutatu
1002 859 1042 923 de
1056 859 1159 923 horda
1181 861 1348 925 existentis
1364 881 1438 925 cum
1453 863 1602 927 omnibus
1625 864 1710 927 utili-

307 959 427 1023 tatibus
456 961 524 1023 suis
546 966 578 1024 et
600 962 801 1044 pertinentiis
824 963 884 1026 sub
907 963 1025 1027 eisdem
1052 965 1194 1045 antiquis
1216 966 1317 1046 metis,
1348 966 1446 1049 signis
1469 985 1527 1030 seu
1557 968 1709 1050 terminis,

308 1063 426 1144 quibus
448 1083 518 1127 eam
534 1064 644 1129 habuit
666 1072 698 1129 et
719 1066 869 1149 possedit
893 1067 987 1148 dedit,
1010 1066 1141 1130 donavit
1159 1073 1192 1131 et
1212 1068 1463 1134 irrevocabiliter
1478 1069 1614 1135 contulit
1636 1090 1709 1154 cog·

256 1177 272 1228 5
307 1168 391 1231 natis
422 1169 492 1231 eius
514 1166 673 1251 Stephano
697 1169 817 1233 scihcet
843 1177 876 1234 et
896 1171 1045 1235 Andreae
1067 1169 1141 1234 filiis
1162 1172 1349 1257 Helemban,
1379 1174 1495 1258 genitis
1517 1194 1559 1238 ex
1582 1175 1711 1238 domina

308 1290 416 1336 sorore
436 1272 589 1355 praedicti
603 1273 755 1337 Ehelleus
777 1276 876 1358 patris
899 1275 949 1338 sui
972 1281 1004 1338 et
1025 1293 1083 1357 per
1105 1294 1160 1338 eos
1182 1277 1358 1341 eorundem
1380 1278 1617 1342 successoribus
1638 1279 1709 1343 iure

307 1381 461 1459 perpetuo
476 1376 700 1460 possidendam
724 1384 756 1442 et
778 1378 963 1443 habendam.
986 1378 1025 1441 In
1048 1379 1141 1442 cuius
1156 1380 1203 1442 rei
1226 1382 1442 1445 testimonium
1458 1387 1710 1465 perpetuamque

306 1479 488 1543 firmitatem
511 1481 551 1543 ad
573 1481 758 1564 petitionem
781 1489 812 1546 et
834 1483 1018 1547 instantiam
1035 1485 1270 1567 praedictorum
1289 1491 1472 1570 praesentes
1494 1486 1710 1552 concessimus

307 1582 414 1647 literas
429 1585 606 1648 munimine
622 1586 723 1649 nostri
738 1587 833 1669 sigilli
854 1587 1027 1652 roboratas.
1049 1587 1168 1652 Datum
1185 1590 1336 1673 magistro
1352 1588 1506 1654 Michaele
1520 1590 1709 1674 praeposito,

241 1694 274 1747 10
309 1686 461 1769 Gregorio
478 1695 617 1769 cantore,
632 1689 733 1754 Paulo
749 1692 890 1771 custode,
910 1692 1005 1756 Petro
1021 1692 1241 1756 archidiacono
1258 1693 1298 1757 de
1313 1692 1399 1775 Glus,
1423 1694 1543 1758 decano
1559 1694 1710 1759 ecclesiae

309 1798 437 1856 nostrae
459 1792 684 1877 existentibus,
706 1814 791 1859 anno
814 1795 934 1859 domini
957 1795 1013 1860 Me
1037 1795 1111 1860 00⁰.
1134 1798 1340 1881 nonagesimo
1365 1803 1488 1879 quarto.

968 2141 1056 2226 267.

385 2324 497 2393 1294.
544 2321 621 2393 Dos
661 2321 941 2415 Weissenborper
975 2323 1121 2414 Kupitel
1154 2324 1304 2415 beaeupt,
1346 2324 1427 2396 duaa
1461 2322 1604 2397 Jotana
1637 2325 1712 2397 med

314 2441 449 2532 (ἕτερον
474 2466 537 2515 oon
557 2424 800 2533 Serica-Uitia
825 2444 901 2516 itare
918 2443 1109 2535 Besitauaq
1134 2444 1218 2517 Pete
1244 2444 1321 2517 dem
1339 2444 1612 2517 Nonaeakloater
1631 2467 1711 2517 aum

241 2580 275 2632 15
311 2562 457 2654 heiligen
488 2563 585 2636 Geiet
609 2566 648 2636 ia
682 2564 923 2657 Weissenburq
946 2566 1127 2658 perchentt
1152 2565 1271 2637 bahem

464 2728 622 2795 Abecbrift:
640 2728 763 2798 Keratny
779 2729 902 2798 Diplom.
921 2730 1051 2798 supplem.
1070 2730 1115 2797 11,
1132 2733 1185 2785 375
1204 2729 1275 2784 nudi
1292 2729 1341 2783 der
1358 2728 1710 2799 Beptaotiqunqsorkondc

412 2814 459 2868 das
483 2813 707 2884 Weissenburpcr
724 2815 853 2885 Kopiteta
871 2833 924 2870 oon
943 2820 1019 2884 1347,
1039 2815 1229 2884 abacbriftlicb
1246 2814 1342 2870 Bmtd
1359 2814 1507 2869 Monuatr.

463 2936 576 2991 aruer.-
595 2936 682 3005 raja
702 2936 792 2992 aaa
813 2937 883 3005 rrr,
900 2942 927 3005 2,
946 2942 1005 2993 rra

465 3111 646 3195 Capitulum
677 3114 827 3178 ecclesiae
856 3114 939 3177 beati
970 3114 1132 3179 Michaelis
1162 3111 1342 3197 archangeli
1363 3111 1607 3176 'lhanssiluanae
1637 3112 1710 3176 uni·

239 3221 274 3275 20
309 3215 409 3278 versis
425 3215 542 3279 Christi
563 3215 710 3280 fidelibus
732 3223 797 3280 tam
819 3219 1040 3301 praesentibus
1059 3238 1156 3301 quam
1178 3218 1297 3281 futuris
1319 3236 1470 3302 praesens
1485 3216 1639 3300 scriptum
1661 3217 1710 3279 in-

308 3320 465 3402 specturis
480 3319 615 3383 salutem
638 3320 670 3383 in
687 3322 829 3385 omnium
846 3322 1011 3386 salvatore.
1035 3322 1269 3387 Universorum
1284 3321 1415 3384 notitiae
1430 3321 1543 3384 harum
1559 3320 1640 3384 serie
1656 3320 1710 3385 de·

308 3423 474 3504 claramus,
498 3424 585 3506 quod
600 3424 764 3488 Johannes
785 3425 871 3488 fflius
886 3426 1017 3489 Iwanlra
1039 3426 1078 3491 de
1092 3426 1158 3489 Eos
1179 3446 1237 3509 pro
1261 3445 1294 3490 se
1310 3430 1343 3489 et
1364 3444 1421 3509 pro
1438 3423 1590 3507 Gregorio
1613 3424 1711 3491 tratre

309 3546 367 3589 suo
397 3528 606 3610 personaliter
629 3535 751 3593 astante
784 3550 820 3592 ac
843 3550 1034 3594 consensum
1058 3529 1228 3594 exhibente
1256 3528 1416 3611 quandam
1438 3533 1557 3593 terram
1586 3526 1710 3591 heredi·

309 3631 429 3711 teriam,
461 3637 498 3695 ut
526 3632 637 3697 eodem
669 3634 824 3697 referente
847 3639 1033 3715 perpetuam
1056 3633 1227 3698 Pethelaha
1257 3639 1402 3696 vocatam
1424 3633 1458 3694 in
1488 3631 1641 3695 comitatu
1671 3631 1710 3695 de

240 3742 274 3794 25
310 3734 415 3798 Kulus
430 3737 621 3799 existentem
644 3757 717 3800 cum
740 3737 889 3800 omnibus
903 3736 1095 3801 utilitatibus
1117 3738 1183 3801 suis
1206 3743 1238 3802 et
1256 3735 1456 3820 pertinentiis
1478 3735 1539 3799 sub
1562 3735 1632 3799 eius
1654 3756 1710 3798 an·

310 3838 408 3920 tiquis
430 3839 532 3920 metis,
555 3841 654 3923 signis
669 3860 727 3904 seu
742 3840 895 3918 terminis,
918 3840 1036 3922 quibus
1058 3861 1129 3905 eam
1145 3841 1326 3904 habuerunt
1347 3846 1380 3904 et
1401 3839 1622 3923 possederunt
1644 3845 1709 3903 tam

309 3962 351 4006 ex
380 3948 470 4025 parte
499 3963 558 4007 sua
581 3964 677 4026 quarn
700 3949 854 4027 exparte
884 3943 958 4006 dicti
981 3944 1087 4007 iratris
1113 3944 1163 4007 sui
1185 3943 1226 4007 ob
1248 3944 1423 4008 remedium
1454 3943 1577 4007 animae
1606 3943 1710 4007 bonae

310 4047 480 4111 memoriae
510 4048 656 4110 dominae
678 4047 874 4129 Aelysabeth
904 4049 1022 4111 sororis
1052 4048 1235 4129 eorundem,
1265 4046 1412 4111 monialis
1434 4047 1586 4111 ecclesiae
1608 4048 1711 4111 sancti

309 4151 439 4234 spiritus
454 4153 493 4215 de
508 4151 600 4233 Albo,
623 4152 717 4231 dedit,
740 4151 872 4215 donavit
886 4156 919 4215 et
937 4151 1188 4215 irrevocabiliter
1203 4150 1339 4214 contulit
1353 4155 1544 4214 memoratae
1560 4149 1710 4215 ecelesiae

240 4260 275 4315 30
310 4255 411 4318 sancti
433 4255 564 4339 spiritus
586 4261 618 4318 et
639 4275 696 4338 per
718 4256 817 4338 ipsam
839 4254 1030 4318 monialibus
1052 4255 1084 4317 in
1108 4255 1218 4318 eadem
1233 4274 1291 4338 pro
1313 4254 1383 4337 ipsa
1405 4253 1618 4318 existentibus
1639 4253 1710 4318 iure

308 4364 461 4443 perpetuo
477 4358 700 4442 possidendam
716 4365 748 4423 et
759 4359 944 4423 habendam.
966 4358 1005 4421 In
1019 4378 1156 4440 quorum
1172 4359 1219 4422 rei
1230 4358 1448 4422 testimonium
1458 4363 1711 4442 perpetuamque

309 4463 491 4526 firmitatem
521 4462 560 4525 ad
589 4463 776 4545 petitionem
806 4468 837 4525 et
866 4461 1049 4526 instantiam
1076 4463 1228 4546 praedicti
1257 4462 1393 4526 Joanais
1422 4466 1605 4545 praesentes
1634 4481 1710 4525 con·

309 4568 462 4631 cessimus
478 4567 585 4631 literas
602 4566 779 4630 munimine
802 4567 901 4629 nostri
925 4565 1018 4649 sigilli
1041 4566 1213 4630 roboratas.
1236 4565 1355 4631 Datum
1379 4565 1528 4649 magistro
1545 4564 1711 4646 Mychaele

309 4671 498 4754 praeposito,
529 4669 680 4753 Gregorio
711 4676 849 4751 cantore,
879 4669 981 4734 Paulo
1013 4670 1154 4752 custode,
1185 4670 1280 4735 Petro
1310 4670 1531 4733 archidiacono
1562 4669 1602 4732 de
1624 4668 1710 4751 Glus,

240 4779 274 4832 35
310 4776 430 4838 decano
446 4775 596 4839 ecclesiae
612 4780 739 4838 nostrae
755 4774 977 4857 existentibus,
996 4794 1080 4837 anno
1097 4774 1217 4837 domini
1232 4773 1274 4837 Μ.
1290 4773 1349 4837 CO.
1365 4772 1569 4856 nonagesimo
1586 4777 1709 4855 quarto.

968 5083 1060 5167 268.

396 5265 638 5358 Weaaeaborp
663 5269 768 5338 1295
792 5265 898 5359 April
928 5270 960 5337 6.
997 5265 1073 5336 Der
1098 5262 1389 5356 siebeahbrgisoda
1414 5262 1568 5353 Biaebof
1585 5262 1712 5336 Poene

311 5388 478 5460 beatimmt
504 5387 631 5460 Recbte
656 5389 731 5460 arrd
756 5387 924 5478 Pjtiobtca
950 5387 1013 5460 der
1038 5385 1235 5460 Dcutarben
1260 5407 1326 5459 voa
1352 5382 1457 5461 dard.
