4088 6292
960 541 1115 680 aa

336 770 439 835 tribus
460 771 525 836 illic
546 772 760 837 residentibus
782 779 814 837 et
834 773 978 855 quinque
1000 775 1152 839 iratribus
1175 776 1214 840 de
1229 776 1369 840 (landele
1390 797 1427 840 ac
1450 777 1559 841 decem
1582 778 1734 843 tratribus

335 874 611 939 Praedicatoribus
626 876 666 939 de
680 874 848 959 Segusvar,
870 896 931 941 nec
948 880 1037 962 prius
1060 879 1147 943 adire
1162 880 1280 944 debent
1300 881 1517 964 possessiones
1534 888 1732 965 memoratas,

335 979 397 1044 nisi
419 979 509 1062 prins
532 980 765 1063 qninquaginta
787 1000 910 1045 marcae
933 989 1136 1073 praenotatae
1158 986 1335 1048 secundum
1363 985 1493 1048 modum
1517 992 1590 1049 ante
1613 987 1733 1050 dictum

333 1084 428 1167 plene
450 1090 483 1149 et
504 1084 626 1168 integre
648 1085 769 1149 tuerint
790 1086 978 1169 persolutae.
1009 1087 1158 1151 Ceterum
1180 1094 1278 1153 totam
1301 1089 1533 1152 ordinationem
1556 1091 1670 1153 iactam
1693 1091 1733 1154 de

334 1187 433 1252 verbo
463 1189 504 1251 ad
534 1188 667 1254 verbum
697 1194 800 1253 totum
834 1190 1008 1273 capitulum
1041 1192 1192 1256 ecclesiae
1225 1200 1353 1256 nostrae
1385 1192 1475 1256 nullo
1509 1193 1548 1257 de
1581 1194 1733 1258 tratribus
1768 1202 1784 1254 5

335 1293 572 1357 contradicente
594 1293 755 1357 humiliter
777 1314 850 1357 cum
873 1295 1047 1377 gratiarum
1069 1297 1193 1360 actione
1209 1316 1315 1360 coram
1338 1295 1430 1360 nobis
1445 1302 1607 1380 gratanter
1622 1317 1731 1382 accep-

336 1397 424 1461 tavit.
446 1396 486 1461 In
508 1397 601 1461 cuius
622 1397 669 1460 rei
691 1402 799 1480 gestae
821 1399 1038 1463 testimonium
1060 1400 1100 1463 ad
1122 1401 1309 1484 petitionem
1330 1401 1428 1483 partis
1451 1400 1621 1482 utriusque
1642 1419 1734 1485 prae·

338 1506 444 1566 sentes
465 1501 663 1585 appositione
686 1502 780 1585 sigilli
802 1503 903 1566 nostri
925 1503 1058 1568 fecimus
1080 1506 1278 1569 communiri.
1315 1502 1433 1568 Datum
1456 1504 1566 1587 Albae,
1596 1506 1629 1567 in
1653 1505 1733 1569 festo

336 1605 448 1670 saue
469 1605 667 1689 Magarsus
689 1605 830 1689 virginis,
854 1625 938 1670 anno
961 1608 1080 1672 oomni
1099 1584 1140 1673 ir.
1164 1587 1249 1674 cbo.

993 1900 1082 1985 287.
1772 1928 1806 1983 10

414 2066 522 2135 1300
538 2062 618 2135 Jali
633 2067 692 2136 13.
721 2064 798 2138 Dos
819 2063 1100 2157 Wcaseabarqer
1116 2067 1261 2158 Kopitcl
1278 2066 1423 2159 bossuyt,
1452 2068 1533 2139 dass
1546 2067 1735 2155 Elisabeth,

344 2186 467 2259 Wilrm
479 2184 667 2275 Hcrbords,
696 2187 751 2259 die
768 2188 1000 2279 Basitaaapca
1021 2185 1208 2279 Voradpyo
1226 2188 1300 2261 aad
1316 2187 1549 2278 Domasfelda
1566 2191 1643 2261 dam
1659 2189 1736 2260 Ka-

331 2307 422 2400 pitcl
445 2310 619 2380 oemocbt
645 2309 715 2381 bat.

495 2470 570 2540 θήρ.
589 2471 670 2541 Perp.
688 2472 896 2542 Kapitelarchic
918 2472 1085 2540 Karlsburp‚
1112 2471 1189 2527 Οἱπα
1213 2474 1329 2542 capituli
1347 2474 1430 2528 Face.
1453 2478 1472 2527 2
1494 2473 1548 2528 Nr.
1571 2477 1613 2527 32.
1650 2472 1738 2542 Siapel

440 2573 500 2613 war
518 2574 557 2612 aa
573 2559 682 2613 wasser
693 2559 877 2628 Hansschnar
895 2560 1058 2630 anpehdnqt.
1083 2559 1143 2612 Eia
1160 2559 1265 2614 awriten
1286 2559 1361 2629 Θήρ.
1383 2561 1464 2629 Perp.
1484 2560 1534 2613 mil
1550 2559 1666 2629 pleidm
1684 2559 1736 2614 Be·
1774 2562 1806 2615 15

440 2644 579 2715 magduno
596 2646 781 2701 ebendacrlbst
797 2652 878 2701 unta-r
896 2646 1044 2716 Stpactar:
1065 2646 1142 2701 Gisia
1159 2647 1275 2715 capituli
1293 2647 1377 2701 Faec.
1395 2651 1412 2703 5
1429 2647 1483 2701 Nr.
1496 2651 1538 2701 16.

493 2766 944 2823 Druck:SreredaiNotitia17.
969 2768 1056 2834 Feja
1076 2768 1166 2822 Codex
1189 2768 1258 2836 VH,
1276 2773 1301 2835 2,
1319 2772 1379 2823 206.
1406 2769 1517 2823 Teatacb
1536 2786 1563 2822 a.
1577 2768 1738 2823 Firnbabcr

442 2853 515 2910 stab.
538 2854 620 2910 Urltb.
638 2855 665 2922 Ι,
682 2858 743 2909 218.
767 2854 876 2909 Wcrwel
897 2854 961 2909 Ood.
979 2856 1088 2924 Arpad.
1111 2855 1143 2922 V,
1161 2860 1222 2910 247.
1246 2855 1430 2909 Densusinau
1447 2856 1614 2910 Documento
1631 2858 1691 2910 550.
1781 2914 1785 2917 .

494 2975 607 3047 Reponi:
629 2975 792 3030 Tdrttaelmi
809 2975 855 3029 tdr
875 2980 950 3043 1889,
969 2980 1029 3031 577.

495 3148 617 3236 [N]os¹)
640 3151 815 3234 capitulum
834 3152 985 3217 ecclesiae
1007 3152 1091 3216 beati
1104 3151 1279 3233 Myohaelis
1300 3153 1480 3236 archangeli
1495 3153 1738 3217 Transsiluanae
1773 3157 1808 3211 20

339 3256 510 3320 memoriae
539 3256 798 3320 commendantes
827 3261 938 3320 tenore
968 3257 1182 3340 praesentium
1217 3256 1335 3337 quibus
1365 3257 1494 3340 expedit
1524 3254 1739 3338 significamus

338 3360 507 3438 universis,
530 3359 616 3441 quod
639 3360 768 3422 domina
789 3358 951 3422 Elisabeth
976 3358 1085 3424 relicta
1107 3359 1231 3423 comitis
1245 3359 1404 3424 Harbordi
1426 3359 1483 3423 lilii
1503 3359 1678 3442 Henningii
1700 3357 1740 3421 de

339 3465 444 3528 Vinch
466 3464 618 3545 inferiori,
641 3463 823 3527 volentibus
846 3469 879 3527 et
900 3463 1173 3527 consentientibus
1194 3462 1259 3526 lilio
1283 3465 1412 3528 nomine
1431 3463 1598 3528 Herbordo
1621 3468 1655 3526 et
1675 3460 1741 3525 filia

339 3568 501 3632 Elisabeth
516 3573 709 3651 nuncupata,
732 3587 769 3631 ac
783 3568 899 3631 comite
913 3566 1055 3648 Daniele,
1077 3566 1143 3630 filio
1158 3566 1308 3631 (lhelouis
1322 3568 1419 3631 tratre
1435 3568 1578 3632 eiusdem
1593 3566 1739 3630 dominae

339 3692 465 3736 necnon
480 3677 513 3736 et
534 3672 649 3735 comite
670 3670 785 3734 Hanch
807 3671 846 3735 de
861 3670 966 3734 Vinch
987 3671 1130 3734 inferiori
1152 3690 1189 3733 ac
1209 3670 1304 3734 Petro
1327 3670 1463 3754 plebano
1486 3671 1525 3735 de
1539 3669 1651 3750 Sebns,
1673 3668 1738 3732 filio
1774 3676 1808 3731 25

339 3775 463 3840 comitis
486 3775 525 3840 de
540 3775 713 3857 Wasmodi,
736 3774 913 3839 astantibus
936 3775 1116 3859 praesentia
1136 3774 1296 3857 personali
1314 3795 1420 3838 coram
1445 3774 1537 3838 nobis
1558 3774 1740 3854 constituta,

341 3879 437 3944 deum
465 3878 585 3944 habeus
614 3898 690 3962 prae
722 3879 822 3942 oculis
845 3883 876 3942 et
898 3880 1040 3962 cogitans
1064 3878 1103 3942 de
1125 3878 1291 3960 supremis,
1321 3878 1361 3942 de
1388 3878 1588 3961 possessione
1617 3877 1741 3941 comitis

339 3983 499 4047 Herbordi
523 3982 683 4064 qnondam
700 3983 805 4046 mariti
827 3982 877 4046 sui
893 3981 1056 4067 praelibati
1079 3981 1119 4044 ad
1138 4001 1208 4045 eam
1225 3981 1384 4062 devoluta,
1408 3983 1466 4063 qui
1480 3982 1589 4045 divino
1604 3987 1740 4045 vocante

339 4087 457 4152 iudicio
480 4087 565 4150 viam
580 4087 750 4150 universae
771 4086 875 4149 carnis
898 4092 947 4149 est
971 4086 1143 4169 ingressus,
1166 4087 1287 4150 Warde
1306 4092 1427 4169 vocate,
1449 4086 1544 4150 simul
1559 4105 1634 4149 cum
1656 4091 1741 4149 terra

340 4189 564 4255 Damasafeldu
587 4195 780 4272 nuncupata,
803 4188 858 4252 nbi
881 4188 1152 4272 ecclesialapidea
1174 4189 1347 4252 inhonore
1370 4194 1498 4252 sanctae
1520 4188 1670 4251 trinitatis
1692 4194 1741 4251 est
1775 4196 1810 4249 30

340 4300 531 4373 constructa,
555 4312 637 4376 quae
653 4294 692 4358 de
707 4293 800 4357 bonis
814 4293 919 4355 mariti
934 4293 985 4356 sui
1000 4312 1098 4376 supra
1120 4293 1229 4377 scripti
1244 4297 1277 4356 et
1291 4293 1428 4376 propriis
1443 4298 1519 4355 suut
1533 4296 1741 4374 comparatae,

340 4399 436 4463 talem
458 4398 690 4463 ordinationem
712 4397 825 4461 iecisse
847 4402 942 4460 etex
965 4403 1040 4460 voto
1065 4397 1152 4478 quod
1177 4397 1399 4479 praesentibus
1421 4394 1588 4460 confirmat
1608 4393 1741 4459 firmiter

343 4502 584 4567 observaturam
614 4501 796 4585 promisisse
818 4505 867 4564 est
889 4500 1042 4582 cordessa,
1073 4501 1221 4564 videlicet
1252 4500 1338 4582 quod
1361 4500 1388 4564 si
1410 4501 1479 4584 ipsa
1500 4504 1627 4563 mortua
1655 4497 1742 4562 filius

341 4614 374 4672 et
401 4606 468 4671 filia
496 4607 741 4690 superviverent
769 4609 802 4668 et
831 4624 885 4669 eos
915 4624 1066 4669 successu
1093 4610 1272 4688 temporum
1303 4604 1424 4686 absque
1446 4604 1600 4668 heredum
1629 4602 1742 4668 solatio

341 4712 494 4776 decedere
515 4710 715 4792 contingeret
736 4714 793 4771 aut
815 4714 918 4772 tractu
941 4710 1092 4793 temporis
1107 4702 1308 4774 successores
1332 4728 1389 4773 seu
1412 4708 1544 4772 heredes
1566 4708 1741 4771 eorundem
1775 4713 1810 4768 35

340 4816 397 4880 filii
419 4815 568 4880 videlicet
589 4820 622 4878 et
641 4813 726 4877 filiae
747 4813 918 4896 utriusque
941 4832 1039 4878 sexus
1062 4820 1126 4876 tam
1153 4813 1193 4877 de
1216 4812 1301 4877 linea
1322 4813 1476 4876 feminina
1498 4831 1595 4894 quam
1618 4831 1741 4875 mascu-

340 4920 415 5002 lina,
445 4939 487 4984 ex
517 4924 595 4983 tuuc
625 4918 709 4981 dicta
737 4916 896 5007 possessio
919 4916 1040 4980 Warda
1069 4916 1165 4980 simul
1187 4937 1260 4981 cum
1283 4923 1368 4981 terra
1389 4915 1614 4980 Damasateldu
1645 4935 1743 4999 supra

341 5025 425 5089 dicta
447 5044 521 5088 cum
543 5022 693 5087 omnibus
714 5011 897 5085 adjacentiis
920 5025 952 5084 et
973 5020 1173 5101 utilitatibus,
1204 5020 1403 5099 molendinis,
1430 5020 1542 5101 vineis,
1566 5019 1663 5099 silvis,
1687 5038 1743 5082 ne-

341 5127 493 5209 moribus,
525 5126 625 5210 pratis
647 5146 684 5189 ac
706 5131 800 5208 portu
824 5125 956 5188 navium
977 5143 1051 5187 oum
1076 5124 1172 5187 naulo
1204 5124 1244 5187 ad
1267 5125 1368 5208 ipsam
1399 5123 1506 5186 villam
1528 5122 1650 5187 Warda
1671 5142 1742 5205 per-

342 5231 456 5296 tinenti
485 5235 518 5295 et
548 5229 618 5293 aliis
647 5228 846 5313 pertinentiis
870 5229 1017 5292 omnibus
1040 5228 1079 5291 ad
1105 5229 1189 5311 ipsas
1212 5227 1332 5292 Warda
1360 5233 1393 5292 et
1414 5225 1639 5291 Damasateldu
1663 5245 1742 5308 quo·
1776 5231 1813 5287 40

341 5334 515 5399 modolibet
544 5332 760 5418 spectantibus
790 5352 831 5397 ex
854 5338 928 5396 voto
951 5339 984 5397 et
1014 5332 1213 5397 ordinatione
1243 5352 1330 5396 nunc
1352 5331 1436 5396 facta
1464 5332 1498 5395 in
1527 5332 1579 5395 ius
1608 5336 1641 5395 et
1670 5349 1743 5414 pro·

498 5475 519 5538 ¹)
538 5470 631 5527 Reum
647 5469 698 5537 far
715 5467 749 5525 N
762 5468 816 5523 leer
832 5467 965 5538 edacem.
