4048 6284
931 529 1085 622 33—
1104 538 1106 542 a

302 720 415 784 usibus
442 716 646 803 dep[uta]tor.
680 718 794 783 Libera
824 737 953 799 quoque
983 719 1052 781 fora
1074 723 1106 780 et
1132 716 1251 780 tributa
1276 717 1419 780 tororum
1442 716 1584 780 eiusdem
1606 720 1709 780 terrae

303 824 442 888 totaliter
470 823 562 887 vobis
591 822 732 903 indulsit,
763 822 880 886 liberos
909 822 1056 885 denarios
1086 828 1118 885 et
1144 821 1286 904 pondera
1308 820 1399 883 vobis
1427 819 1635 883 nihilominus
1659 838 1709 883 re-

303 927 457 992 mittendo
472 933 505 992 et
518 926 679 991 reddendo
697 947 754 989 vos
769 926 808 989 ab
825 926 911 988 omni
926 926 1093 989 exactione
1107 925 1225 988 liberos
1248 931 1280 988 at
1294 926 1462 1005 immunes,
1477 944 1514 987 ac
1530 924 1709 1005 statuendo,

305 1033 391 1114 quod
414 1032 493 1095 nnn
509 1031 662 1094 vaivodae
678 1050 774 1114 super
790 1049 847 1092 vos
861 1030 955 1093 liceat
969 1030 1085 1093 habere
1101 1030 1297 1093 descensum.
1324 1029 1431 1111 Ipsam
1447 1045 1576 1108 quoque
1592 1032 1709 1090 terram

247 1144 265 1195 5
303 1136 398 1200 cartis
428 1136 575 1199 distinxit
600 1132 780 1219 l[im]itibus
802 1134 870 1197 sive
892 1134 993 1214 metis,
1024 1154 1161 1215 quarum
1183 1133 1285 1216 prima
1305 1133 1416 1215 incipit
1445 1131 1483 1194 ab
1506 1130 1709 1213 indaginibus

302 1239 397 1303 castd
419 1234 576 1321 Almag[e]
601 1243 632 1301 et
654 1237 797 1320 procedit
819 1257 923 1319 usque
938 1238 977 1300 ad
1001 1237 1166 1320 indagines
1189 1238 1283 1300 castri
1300 1235 1463 1319 Noilgiant
1484 1239 1517 1298 et
1538 1233 1612 1296 inda
1635 1252 1708 1316 pro·

301 1342 445 1425 graditur
473 1361 578 1424 usqne
607 1342 648 1405 ad
669 1341 834 1423 indagines
864 1341 1021 1423 Nicolym,
1052 1342 1107 1404 nbi
1138 1361 1223 1423 aqua
1245 1340 1357 1404 defluit
1383 1358 1465 1421 quae
1488 1344 1622 1402 vocatur
1643 1337 1708 1412 An,

302 1446 348 1509 sic
369 1446 569 1510 ascendendo
592 1465 649 1529 per
671 1445 727 1508 Alt
749 1463 853 1526 usqua
875 1445 1027 1509 Tertillou
1055 1445 1139 1508 cadit
1160 1447 1195 1507 in
1217 1444 1274 1509 hlt
1299 1445 1470 1508 etiterum
1492 1442 1582 1505 radit
1602 1460 1708 1523 usque

301 1547 342 1611 ad
354 1554 459 1611 ortum
471 1548 613 1613 eiusdem
624 1548 785 1629 Tartillou,
800 1556 833 1612 et
847 1549 972 1612 abortu
987 1569 1099 1631 aquea,
1116 1568 1198 1631 quae
1208 1549 1305 1612 'limis
1320 1553 1460 1629 vocatur,
1475 1546 1677 1630 progreditur
1687 1538 1707 1617 ¹)

229 1661 266 1715 10
304 1671 406 1734 usque
428 1652 469 1715 ad
484 1651 642 1716 effluxum
657 1672 768 1734 aquae,
793 1672 874 1734 quae
890 1654 1006 1718 dicitur
1021 1654 1122 1717 Borsa
1144 1659 1176 1716 et
1195 1652 1318 1733 deinde,
1341 1652 1424 1715 sieut
1439 1657 1563 1714 montes
1584 1650 1708 1713 nivium

301 1761 418 1817 terram
433 1755 688 1839 complectuntur
703 1757 846 1839 eandam,
869 1776 973 1837 usque
989 1757 1028 1819 ad
1044 1756 1222 1840 Almagiam
1242 1777 1276 1821 se
1291 1756 1443 1820 extendit.
1465 1753 1599 1817 Addidit
1613 1754 1708 1817 etiam

300 1859 503 1942 postmodum
540 1860 654 1935 idem2)
693 1879 751 1924 rex
789 1861 952 1923 donationi
989 1861 1168 1943 praedictae
1202 1867 1350 1941 castrum,
1390 1858 1476 1942 quod
1509 1858 1706 1933 Ouzabure⁸l

299 1964 484 2029 nominatur
505 1965 545 2028 de
567 1984 652 2027 novo
676 1970 895 2029 constructum
918 1984 938 2027 a
960 1964 1051 2028 vobis
1073 1984 1147 2028 cum
1168 1966 1267 2049 pratis
1289 1963 1506 2029 adiacentibus
1529 1964 1613 2028 eirca
1627 1962 1707 2028 illud

300 2087 360 2132 nac
382 2088 448 2131 non
469 2088 489 2131 a
510 2069 646 2132 termino
676 2069 776 2152 ipsius
803 2069 898 2131 castri
928 2074 1044 2132 terram
1074 2068 1242 2150 quandam,
1272 2087 1354 2151 quaa
1375 2068 1518 2152 procedit
1540 2087 1644 2149 usque
1666 2068 1706 2132 ad

227 2182 263 2234 15
301 2171 454 2234 terminos
475 2171 709 2254 prodnicorum,
732 2176 765 2235 et
783 2172 822 2235 ab
841 2171 1044 2256 indaginibus
1059 2172 1203 2255 Almagie
1225 2173 1260 2235 in
1275 2176 1364 2256 parte
1387 2170 1486 2235 altera
1507 2171 1708 2254 protenditur

300 2274 466 2355 usquead
497 2281 602 2338 ortum
625 2295 737 2357 aquae,
769 2295 852 2358 quae
874 2276 980 2339 Burza
1003 2282 1144 2357 vocatur,
1176 2276 1303 2339 atinde
1334 2275 1374 2338 ad
1395 2273 1579 2338 Danubium
1602 2294 1707 2357 usque

299 2378 449 2462 procedit
472 2378 637 2443 Concessit
658 2381 752 2443 etiarn
775 2380 875 2459 vobis,
902 2386 940 2443 ut
961 2399 1058 2463 supar
1079 2379 1214 2443 fluvium
1237 2380 1366 2443 nomine
1388 2379 1444 2442 Alt
1466 2398 1524 2443 sex
1547 2398 1646 2443 navas
1669 2398 1707 2443 ac

300 2482 431 2547 totidem
454 2503 551 2567 super
572 2483 707 2547 fluvium
723 2485 852 2548 nomina
867 2483 955 2547 Mors
977 2483 1093 2547 liberas
1107 2483 1258 2565 habeatis
1280 2502 1338 2567 per
1354 2488 1456 2546 toturn
1479 2502 1614 2565 ragnum
1637 2483 1706 2547 aius

299 2587 396 2651 salam
421 2587 642 2651 descendendo
673 2588 811 2651 ferentes
833 2597 866 2650 et
893 2588 1067 2651 referentes
1096 2606 1148 2651 res
1171 2587 1248 2651 alias
1270 2585 1479 2650 ascendendo.
1517 2585 1706 2650 Salifodinas

224 2699 263 2754 20
300 2692 395 2755 etiam
417 2710 499 2772 quaa
515 2692 628 2755 Akana
648 2698 805 2755 vocantur
827 2690 1022 2755 sufficientes
1044 2691 1084 2754 ad
1106 2692 1283 2775 praedictas
1304 2689 1471 2754 duodecim
1493 2709 1592 2753 naves
1607 2689 1705 2754 libare

299 2795 493 2878 ubicumque
509 2795 675 2858 volueritis
690 2795 781 2858 vobis
796 2796 882 2879 regia
896 2795 1083 2859 liberalitate
1105 2795 1270 2877 concessit,
1293 2793 1505 2875 concedende,
1528 2800 1565 2856 ut
1580 2793 1705 2857 nullum

299 2900 471 2963 teneamini
493 2903 654 2983 praestare
677 2899 832 2963 tributum
856 2919 915 2963 nec
931 2900 1025 2962 etiam
1047 2899 1192 2962 homines
1215 2898 1323 2979 vestri,
1346 2918 1420 2961 cum
1442 2917 1500 2982 per
1521 2897 1703 2962 Siculorum

298 3009 415 3066 terram
438 3004 622 3067 transierint
643 3008 699 3066 aut
721 3003 920 3066 Blaohorum.
950 3003 1002 3066 Ad
1024 3003 1101 3066 haec
1131 3003 1283 3085 homines,
1316 3003 1371 3085 qui
1393 3008 1510 3066 terram
1524 3003 1632 3095 ¹ipsam
1655 3003 1705 3065 in·

298 3105 490 3190 habitabant,
521 3106 650 3188 quando
681 3106 764 3169 dicta
792 3105 920 3170 donatio
943 3107 1025 3170 iacta
1053 3106 1114 3169 fuit
1136 3106 1227 3169 vobis
1255 3112 1287 3170 et
1309 3106 1418 3170 domui
1440 3112 1565 3170 restrae
1587 3105 1704 3170 liberos

223 3217 260 3272 25
299 3211 368 3274 sine
382 3211 591 3292 requisitione
605 3211 732 3292 dimisit,
747 3229 899 3293 expresso
916 3216 954 3274 ut
968 3210 994 3274 si
1010 3211 1109 3292 aliqui
1124 3210 1163 3274 de
1179 3210 1360 3275 hominibus
1375 3212 1445 3274 eius
1460 3211 1511 3274 rel
1527 3209 1705 3293 hospitibus

299 3320 403 3379 terrae
434 3334 511 3379 suae
534 3315 574 3378 ad
596 3335 655 3379 vos
678 3315 717 3378 de
739 3322 844 3378 cetero
867 3314 1170 3397 transmigraverint
1203 3333 1258 3379 eos
1288 3314 1414 3397 exinde,
1445 3333 1542 3396 quam
1570 3315 1634 3377 cito
1664 3314 1704 3377 ad

297 3419 442 3482 notitiam
458 3425 597 3482 vestram
612 3418 825 3501 pervenerint,
848 3418 1022 3502 expellatis.
1049 3419 1176 3482 Adiecit
1189 3419 1330 3501 insuper,
1352 3424 1390 3481 ut
1409 3417 1542 3500 quilibet
1556 3418 1589 3480 in
1605 3437 1704 3501 regno

297 3523 375 3603 eius,
399 3523 454 3605 qui
469 3523 695 3607 proprietatem
710 3541 801 3585 suam
816 3522 908 3586 robis
927 3522 959 3585 in
983 3523 1188 3586 elemosinam
1210 3523 1349 3586 voluerit
1363 3521 1497 3606 elargiri,
1520 3522 1553 3585 id
1568 3521 1704 3586 faciendi

297 3625 410 3691 habeat
424 3627 555 3690 liberam
570 3626 761 3690 facultatem.
789 3625 837 3688 Ea
858 3626 953 3689 etiarn
970 3647 1026 3689 vos
1042 3627 1198 3691 concessit
1213 3627 1357 3690 libertate
1373 3627 1520 3710 gaudere,
1542 3630 1580 3689 ut
1594 3625 1704 3690 nullus

221 3738 260 3791 30
298 3731 546 3795 monetariorum
562 3730 646 3794 ultra
661 3729 757 3793 silvas
781 3736 897 3793 terram
912 3735 1050 3793 vestram
1064 3730 1184 3794 intrare
1207 3730 1259 3794 vel
1281 3749 1339 3793 vos
1361 3731 1395 3793 in
1411 3730 1519 3812 aliquo
1534 3730 1704 3794 molestare

297 3842 485 3916 praesumat,
508 3829 624 3914 totu[m
646 3833 697 3896 ins
720 3840 752 3897 at
767 3834 944 3903 utilitatem.
968 3854 1064 3916 qnam
1086 3835 1121 3897 in
1141 3840 1225 3898 terra
1247 3840 1354 3898 vestra
1376 3833 1511 3898 debebat
1532 3835 1703 3918 percipere,

297 3938 389 4002 vobis
411 3938 550 4002 totaliter
578 3938 795 4022 indulg]endo.
833 3938 868 4000 ld
900 3934 1076 4021 p[ensando
1106 3939 1283 4022 specialiter
1309 3939 1343 4001 in
1365 3939 1703 4024 reoo]mpensationem

297 4038 533 4125 [dalmnlorum
566 4042 660 4125 quae]
683 4043 825 4125 perpessi
847 4043 962 4123 fuistis,
993 4043 1121 4125 quando
1153 4044 1223 4106 eius
1244 4043 1293 4105 ira
1314 4048 1426 4106 contra
1454 4061 1510 4104 vos
1531 4046 1705 4125 provocata

297 4146 487 4228 praedictam
510 4143 641 4227 te[rram
664 4145 756 4210 vobis
778 4145 951 4230 praecelpit
972 4146 1108 4228 aufferri,
1131 4166 1168 4210 ac
1190 4148 1285 4210 etiam
1309 4142 1413 4229 [iden]
1446 4146 1533 4227 quod
1554 4146 1589 4207 in
1612 4146 1703 4230 regni

219 4257 257 4309 35
296 4248 433 4313 confinio
464 4247 571 4333 p[ositi
601 4248 799 4332 frequelntas
829 4269 1025 4333 paganorum
1056 4250 1220 4314 sustinetis
1249 4250 1399 4331 insultus,
1430 4269 1488 4314 vos
1516 4269 1575 4333 pro
1603 4268 1702 4332 regno

295 4354 389 4416 morti
420 4362 572 4436 tanquam
602 4350 753 4436 [firmum]
784 4353 1061 4438 propugnaculum
1091 4360 1296 4438 opponentes,
1330 4358 1551 4418 verumtamen
1581 4352 1702 4416 nullam

294 4463 483 4540 potestatem
505 4453 670 4541 hab[eatis]
701 4457 839 4521 cudendi
862 4475 1098 4538 quamcumque
1127 4463 1286 4520 monetam
1313 4457 1435 4540 absque
1462 4458 1546 4541 regis
1574 4457 1703 4522 licentia

294 4561 430 4645 speciali.
464 4561 532 4625 Nos
554 4580 629 4645 ergo
652 4561 768 4625 vestris
798 4560 891 4624 iustis
913 4560 1061 4644 precibus
1092 4561 1267 4645 benignum
1289 4562 1505 4645 impertientes
1527 4581 1702 4644 assensum,

294 4665 470 4748 praedictas
493 4672 594 4729 terras
616 4684 690 4729 curn
712 4663 911 4729 libertatibus
942 4670 974 4727 at
995 4664 1250 4728 immunitatibus
1273 4665 1348 4747 suis,
1380 4665 1462 4729 sicut
1483 4685 1537 4729 aas
1559 4666 1643 4730 iuste
1666 4685 1703 4729 ac

216 4775 257 4827 40
293 4768 422 4852 pacifice
453 4768 602 4833 obtinetis
632 4775 664 4833 et
692 4769 725 4831 in
756 4767 930 4851 privilegiis
957 4767 1032 4831 dicti
1059 4769 1142 4851 regis
1172 4769 1297 4851 plenius
1327 4770 1519 4851 conductam,
1549 4764 1641 4832 vobis
1671 4776 1703 4834 et

293 4870 402 4932 domui
417 4875 543 4934 vestrae
565 4872 753 4935 auctoritate
776 4870 948 4954 apostolica
965 4870 1190 4935 confirmamus
1213 4877 1246 4937 et
1267 4874 1443 4957 praesentis
1465 4873 1574 4957 scripti
1596 4880 1702 4958 patro-

291 4974 375 5037 cinio
391 4976 635 5038 communimus.
657 4973 688 5037 N
689 4974 745 5037 ulli
768 4993 843 5057 ergo
861 4975 990 5037 omnino
1015 4976 1180 5040 hominum
1195 4977 1288 5041 liceat
1309 4978 1391 5040 hano
1405 4977 1554 5060 paginam
1573 4982 1702 5041 nostrae

290 5077 542 5143 confirmationis
563 5073 736 5162 infringere
758 5076 814 5167 rel¹
834 5079 863 5166 ei
886 5099 968 5142 ausu
990 5075 1158 5144 temerario
1174 5081 1339 5167 contraire.
1362 5080 1395 5145 si
1419 5081 1492 5162 quis
1513 5088 1619 5146 autem
1642 5081 1702 5145 hoc

452 5236 473 5299 ¹)
494 5230 772 5302 crisparentur.

213 5321 254 5375 45
450 5321 472 5386 ¹)
493 5318 568 5389 Θήρ.
586 5319 655 5373 iden.

448 5406 470 5471 ⁸)
491 5402 580 5458 Codex
596 5404 631 5456 A.
650 5408 708 5458 18..·
731 5403 906 5473 Crooaabnrg.
