4064 6288
927 584 1082 680 *0-0-

304 772 428 834 minuta
442 770 569 835 villicus
583 773 726 855 ipsorum
741 776 774 835 et
788 772 909 836 iudices
923 773 1047 856 possint
1062 778 1094 837 et
1109 773 1245 838 debeant
1259 773 1540 839 determinabiliter
1553 774 1703 856 iudicare,

304 877 339 937 in
369 876 439 959 ipsa
459 874 614 956 libertate,
645 894 741 957 quam
763 876 903 960 hospites
924 877 1026 940 nostri
1056 876 1095 940 de
1118 877 1234 940 Zoloch
1256 884 1288 941 et
1310 877 1349 942 de
1372 878 1516 957 Zotmar;
1539 883 1703 961 practerea

304 980 337 1040 in
367 977 480 1042 officiis
510 981 626 1042 nostris
656 979 836 1043 comitibus
854 999 997 1044 cameras
1026 987 1155 1045 nostrae
1185 982 1353 1062 concessis,
1383 980 1424 1043 ad
1455 998 1550 1044 usum
1581 981 1703 1045 servitii

304 1081 396 1145 nobis
418 1082 590 1147 exhibendi
611 1083 672 1165 ipsi
695 1083 835 1166 hospites
857 1088 906 1146 tot
928 1088 960 1147 et
982 1089 1088 1148 tantos
1110 1085 1192 1148 sales
1217 1085 1257 1148 ad
1279 1083 1416 1147 fluvium
1438 1084 1556 1148 Zomus
1578 1084 1702 1148 deferre

253 1193 269 1245 0
303 1186 435 1268 possint
467 1191 545 1267 quot
572 1191 605 1249 et
635 1192 772 1267 quantos
803 1186 942 1269 hospites
966 1187 1004 1250 de
1026 1186 1202 1269 Desakana,
1228 1188 1289 1250 hcc
1311 1188 1443 1270 adiecto,
1467 1188 1554 1270 quod
1575 1189 1702 1252 tertiam

303 1294 426 1372 partem
447 1288 562 1352 salium
576 1295 760 1353 nostrorum
783 1290 817 1353 in
839 1296 935 1373 portu
950 1289 1049 1373 Regio
1072 1291 1334 1355 descendentium
1349 1311 1446 1375 snper
1466 1291 1567 1355 fluvio
1583 1291 1701 1355 Zomus

304 1392 426 1457 deferre
448 1398 628 1475 teneantur,
650 1413 710 1458 nec
731 1394 792 1457 hoc
807 1394 1096 1478 praetermittimus,
1113 1394 1199 1474 quod
1214 1394 1249 1456 in
1270 1395 1373 1477 prima
1393 1395 1447 1457 via
1461 1394 1584 1457 vernuli
1598 1394 1701 1478 primo

303 1500 336 1559 et
357 1495 573 1580 principaliter
594 1497 627 1558 in
650 1516 716 1559 uno
740 1497 818 1561 curb
841 1503 955 1560 vocato
979 1496 1061 1560 sales
1082 1502 1209 1560 nostros
1232 1496 1384 1579 deferant,
1413 1499 1448 1561 in
1470 1497 1607 1561 navibus
1634 1498 1701 1562 suis

302 1599 481 1681 cumulatis,
504 1599 539 1661 in
561 1618 646 1681 aqua
667 1605 859 1683 praenotata
904 1599 1048 1664 Dicimus
1070 1602 1174 1682 etiam,
1197 1600 1284 1682 quod
1307 1600 1346 1663 de
1369 1599 1488 1664 tributo
1511 1600 1701 1666 vaivodatus

236 1707 269 1762 10
303 1704 472 1766 comitatus
490 1703 530 1767 de
545 1703 657 1767 Zonulr
680 1723 716 1767 ac
739 1705 834 1767 etiam
856 1705 1008 1768 comitum
1030 1723 1173 1768 cameram
1195 1709 1323 1768 nostrae
1344 1704 1378 1766 iu
1400 1710 1486 1768 terra
1507 1710 1540 1767 et
1560 1705 1594 1767 in
1617 1724 1703 1786 aqua

302 1806 443 1870 medium
464 1806 622 1871 tributum
644 1808 719 1872 dare
738 1813 916 1885 teneantur,
933 1807 1014 1871 sales
1036 1826 1114 1871 vero
1136 1807 1295 1889 hiemales
1311 1808 1338 1871 si
1354 1825 1436 1888 qnos
1449 1808 1546 1870 iidem
1560 1808 1701 1892 hospites

301 1909 398 1973 rebus
420 1928 532 1973 eorum
562 1912 815 1994 comparaverint
845 1929 948 1992 usque
980 1916 1108 1975 octavas
1130 1910 1214 1974 beati
1237 1910 1365 1994 Georgii
1395 1911 1553 1993 martyris,
1580 1916 1645 1974 taur
1666 1912 1701 1975 in

302 2032 515 2096 equaquam
545 2015 579 2077 iu
609 2020 694 2078 terra
722 2013 854 2078 liberam
884 2014 1021 2078 habeant
1050 2014 1214 2078 deferendi
1243 2032 1300 2077 seu
1327 2013 1487 2077 vendendi
1509 2013 1701 2098 facultatem,

301 2118 496 2199 itascilicet
518 2123 616 2201 prout
637 2118 836 2181 haecomnia
857 2118 889 2179 in
913 2117 1013 2182 literis
1028 2117 1125 2182 Belae
1147 2117 1302 2180 carissimi
1316 2116 1416 2200 patris
1438 2117 1539 2180 nostri
1560 2116 1701 2181 vidimus

235 2225 268 2279 15
303 2221 396 2305 plene
419 2226 452 2285 et
472 2221 600 2306 plenius
615 2222 778 2285 contineri
801 2220 944 2297 Quarum
960 2223 1090 2303 quidem
1105 2227 1263 2285 terrarum
1278 2240 1298 2283 a
1311 2219 1568 2303 progenitoribus
1582 2221 1701 2285 nostris

302 2325 347 2389 eis
370 2344 591 2388 concessarum
608 2330 693 2388 meta
707 2324 779 2388 talis
794 2329 850 2405 est
873 2329 911 2387 ut
924 2324 1027 2407 prima
1048 2324 1192 2387 initiatur
1213 2324 1247 2386 in
1269 2329 1364 2407 portu
1378 2324 1543 2401 Vmeew¹l
1566 2330 1598 2388 et
1612 2325 1701 2389 vadit

301 2429 334 2490 in
358 2429 518 2509 quandam
540 2428 689 2492 silvulam
704 2428 867 2491 Gurtauus
882 2433 1027 2491 vocatam
1049 2427 1177 2491 atinde
1199 2428 1401 2511 protenditur
1421 2429 1456 2491 in
1477 2447 1596 2511 pagum
1617 2427 1701 2492 Kald

300 2550 405 2613 usque
435 2531 475 2595 ad
508 2530 645 2596 fluvium
668 2531 818 2595 Gelrenus
848 2536 881 2594 et
908 2549 965 2614 per
994 2532 1134 2595 eundem
1161 2529 1298 2594 flurium
1331 2532 1473 2595 ascendit
1502 2530 1542 2594 ad
1572 2530 1701 2616 'l'urpen

300 2653 414 2698 versus
436 2634 632 2699 occidentem
663 2640 695 2698 et
724 2633 838 2697 abhinc
868 2634 1031 2698 descendit
1064 2634 1104 2698 ad
1125 2633 1263 2698 fluvium
1285 2633 1406 2698 Cantus
1435 2639 1468 2697 et
1490 2634 1535 2698 sic
1558 2635 1701 2699 ascendit

232 2738 267 2794 20
300 2738 413 2801 iterato
435 2757 493 2821 per
515 2738 653 2802 eundem
675 2736 811 2800 fluvium
841 2737 882 2801 ad
904 2739 1152 2821 septentrionem
1173 2737 1406 2821 Nimigeholma
1430 2743 1584 2821 vocatam,
1607 2744 1639 2802 et
1660 2738 1700 2802 ab

302 2841 414 2904 eodem
434 2860 492 2925 per
524 2841 683 2923 quendam
713 2840 850 2905 fluvium
871 2840 993 2905 Melsed
1014 2846 1163 2903 vocatum
1189 2839 1379 2905 determinat
1401 2861 1421 2905 a
1441 2842 1700 2925 generationibus

301 2944 422 3028 Goplon
444 2963 550 3026 nsque
570 2943 707 3032 fluvium
729 2944 846 3008 Zomus
878 2950 910 3008 et
931 2943 976 3007 ibi
997 2944 1197 3007 ascendendo
1220 2963 1277 3027 per
1304 2944 1424 3008 dictum
1446 2944 1564 3009 Zomus
1585 2946 1701 3010 transit

300 3048 340 3110 ad
361 3047 456 3111 Bolta
476 3053 509 3111 et
530 3048 644 3111 abhinc
665 3049 700 3110 in
721 3047 890 3112 Balvanlru
920 3053 953 3112 et
974 3048 1013 3112 ab
1036 3048 1148 3111 eodem
1171 3048 1315 3111 ascendit
1334 3049 1370 3110 in
1393 3054 1535 3123 montem
1556 3049 1644 3132 Bela,
1667 3055 1700 3113 et

298 3150 373 3215 inde
396 3150 560 3215 descendit
581 3151 621 3213 od
644 3152 798 3215 orientem
821 3152 861 3215 ad
891 3151 1052 3233 quandam
1081 3156 1198 3214 metam
1227 3157 1364 3216 terream
1392 3150 1584 3233 Iicoshatar‚
1617 3170 1700 3233 quae

230 3257 264 3311 25
299 3254 469 3318 comitatur
490 3253 590 3318 fluvio
612 3254 716 3318 Ilmod
738 3261 860 3337 vocato,
884 3256 941 3337 qui
962 3254 1083 3319 fluvius
1105 3255 1326 3319 descendendo
1350 3255 1391 3318 ad
1411 3260 1535 3339 partem
1549 3255 1698 3319 meridio-

299 3356 405 3420 nalem
427 3357 595 3440 distinguit
617 3364 649 3422 et
671 3358 861 3422 determinat
882 3378 901 3421 a
922 3364 1008 3422 terra
1028 3356 1199 3438 Kazarvar,
1223 3377 1305 3440 quae
1327 3358 1411 3422 cedit
1432 3359 1465 3421 in
1489 3359 1541 3423 ius
1562 3356 1699 3424 Dionisii

299 3460 424 3524 comitis
446 3480 550 3543 usque
572 3462 613 3524 ad
634 3479 787 3544 magnum
808 3460 945 3525 fluvium
960 3461 1086 3526 Zomus.
1109 3461 1155 3525 Ut
1177 3468 1284 3525 autem
1305 3462 1382 3525 haec
1405 3462 1548 3545 ipsorum
1568 3461 1699 3528 libertas

299 3582 357 3627 seu
380 3565 602 3628 commentatio
633 3569 790 3628 terrarum
821 3564 909 3628 salva
941 3584 1066 3649 semper
1088 3571 1120 3629 et
1142 3566 1333 3628 inconcussa
1353 3570 1538 3648 permaneat
1560 3584 1620 3629 nec
1642 3586 1700 3651 per

300 3667 479 3750 quempiam
495 3667 600 3731 valeat
614 3667 736 3749 violari,
759 3672 942 3751 praesentes
962 3669 1177 3732 concessimus
1198 3667 1308 3733 literas
1323 3669 1458 3752 duplicis
1481 3669 1574 3753 sigilli
1597 3671 1699 3734 nostri

228 3776 264 3830 00
299 3770 475 3833 munimine
496 3769 669 3834 roboratas.
691 3769 809 3833 Datum
831 3789 888 3854 per
917 3790 1032 3836 manus
1053 3772 1196 3854 magistri
1217 3770 1382 3836 Benedicti
1405 3773 1576 3857 praepositi
1598 3772 1696 3838 Zebe-

298 3873 427 3954 niensis,
449 3873 541 3937 aulae
563 3880 690 3937 nostrae
712 3874 969 3956 vicecancellarii,
992 3894 1075 3938 anno
1099 3875 1275 3939 dominicae
1289 3875 1516 3940 iucarnationis
1530 3876 1698 3942 millesimo

299 3976 517 4041 ducentesimo
540 3977 739 4060 sexagesimo
762 3977 873 4061 primo.

962 4269 1028 4353 ab.

373 4433 482 4501 1261.
512 4429 665 4522 Stephon
690 4455 752 4503 rea
768 4433 1019 4523 primoqcaitue
1042 4432 1201 4523 bcstdtiot
1226 4433 1293 4504 deo
1309 4431 1504 4505 Doutsohen
1525 4455 1590 4505 000
1606 4432 1698 4507 Dea

227 4568 263 4621 aa
299 4551 355 4623 dic
380 4574 445 4622 000
470 4551 554 4623 Bou
579 4552 701 4643 Emey
727 4551 905 4624 denselbca
931 4553 1109 4625 ertbeiltcu
1135 4553 1342 4626 Freibeitea.

452 4714 655 4784 Einpccclsoltct
677 4731 731 4769 000
753 4714 848 4783 Ktotq
872 4713 1027 4769 Ladialcus
1050 4715 1106 4770 IV.
1131 4720 1200 4771 1279
1224 4717 1283 4770 und
1305 4717 1355 4770 mit
1378 4717 1467 4772 dieser
1489 4716 1620 4772 Urtuudc
1643 4733 1697 4772 000

402 4799 496 4870 Kdotq
507 4801 637 4855 Andreas
655 4800 717 4855 III.
737 4805 813 4866 1291,
834 4801 910 4871 Orio.
924 4800 1099 4855 Stcdtcrcbio
1111 4802 1191 4857 Deba
1213 4803 1269 4857 Mit
1280 4802 1373 4857 diesen
1389 4803 1539 4859 Urkundco
1557 4803 1627 4858 0000
1638 4804 1695 4858 ein·

398 4887 542 4955 0000οῑ00
559 4903 612 4941 oon
630 4887 725 4956 Kdnio
748 4887 922 4942 Wludislous
940 4887 984 4941 II.
1004 4891 1080 4955 1504,
1101 4887 1176 4958 Orto.
1195 4888 1373 4943 810000οώ070
1390 4889 1471 4944 Dete.

451 5007 562 5062 Druck:
592 5008 705 5063 Teaucb
727 5026 754 5062 0.
780 5008 941 5063 I'trnhcber
964 5007 1036 5062 sue.
1066 5008 1147 5063 orae.
1172 5008 1198 5077 I,
1227 5014 1267 5064 72.
1302 5008 1504 5080 Hebdosbcroer
1530 5011 1696 5081 &women

225 5092 261 5147 40
401 5097 476 5160 1862,
494 5098 536 5149 01.
567 5093 676 5147 chzel
696 5093 760 5149 God.
778 5095 886 5163 Arpod.
910 5093 998 5161 VIII,
1015 5098 1041 5149 8.
1060 5094 1243 5151 Dcosusicna
1261 5095 1427 5150 Documotc
1444 5100 1505 5151 206.

457 5213 681 5284 Uuoollstrinds'p:
699 5214 785 5282 chtr
806 5213 896 5270 codex
918 5214 1006 5282 VIII,
1027 5218 1110 5282 7,96.
1135 5215 1258 5271 &tcta
1275 5216 1378 5272 Archiv
1395 5216 1421 5284 I,
1439 5219 1482 5272 66.

452 5354 472 5419 ¹)
489 5352 601 5406 Vzreew
617 5369 671 5407 ooo
687 5352 763 5407 einer
776 5351 865 5407 Hand
876 5354 924 5408 dec
942 5355 983 5407 15.
995 5352 1201 5408 Johrhundcrts
1217 5354 1285 5408 tiber
1296 5354 1349 5410 das
1365 5355 1398 5409 in
1414 5356 1463 5411 dar
1474 5354 1550 5411 Zeila
1561 5355 1694 5424 00100000,

295 5436 453 5492 uodcutltcb
469 5439 626 5508 0000000000
649 5437 729 5493 Wort
745 5438 925 5509 ycacbrc'ebcn.
