4106 6294
996 605 1152 701 gm-

530 792 611 856 11000
634 796 703 856 0010
728 793 797 857 0100
818 794 1013 876 praeiudicio
1037 797 1124 877 quod
1152 795 1248 859 fidem
1271 796 1421 879 facerent,
1451 798 1538 879 qnod
1561 805 1697 881 negatur
1718 818 1776 863 ex-

375 915 494 978 presse,
518 896 706 979 excipiendo
731 898 807 961 dicit
837 897 921 961 idem
943 897 1110 982 Philippus
1132 905 1320 981 procurator
1350 901 1552 983 substitutus
1583 903 1670 983 quod
1699 902 1775 965 dicti

377 999 554 1064 Gobolinus
576 1007 609 1064 ct
630 1000 783 1065 Nicolaus
805 1022 842 1065 ac
865 1003 1058 1067 universitas
1081 1002 1272 1067 Cibiniensis
1300 1010 1376 1068 sunt
1406 1005 1555 1088 capitales
1581 1006 1701 1069 inimici
1724 1026 1775 1069 ca·

373 1104 466 1186 pituli
497 1110 529 1168 et
559 1105 709 1168 ecclesiae
731 1106 973 1174 Transsiluanae
1004 1107 1190 1190 praedictae,
1221 1113 1252 1170 et
1281 1108 1326 1171 sic
1356 1127 1468 1173 eorum
1497 1110 1714 1173 testimonium
1743 1115 1776 1175 et

376 1206 468 1270 litera
490 1227 548 1271 seu
571 1209 729 1292 scriptura
750 1215 861 1272 contra
884 1210 1003 1273 dictum
1034 1210 1209 1293 capitulum
1231 1212 1355 1275 admitti
1380 1232 1445 1275 non
1469 1213 1570 1278 debet.
1604 1213 1685 1277 (1000
1707 1215 1776 1297 ipsa
1809 1222 1827 1275 0

375 1312 567 1375 universitas
590 1332 673 1375 anno
698 1312 817 1375 domini
840 1290 881 1376 ll.
905 1292 964 1377 (ld.
984 1293 1150 1379 LXXVlI.
1173 1317 1206 1378 in
1230 1316 1390 1379 dominica
1406 1317 1655 1393 Reminisoere1)
1678 1337 1774 1402 00000

373 1416 506 1479 eandem
530 1416 694 1480 ecclesiam
717 1417 929 1481 cathedralem
952 1437 1050 1482 manu
1071 1426 1191 1483 armata
1217 1419 1386 1503 irruentes,
1417 1422 1517 1505 ipsam
1548 1422 1704 1486 hostiliter
1725 1423 1774 1485 in-

373 1526 526 1583 vaserunt
541 1520 764 1585 comburentes
777 1522 810 1584 in
825 1521 935 1584 eadem
948 1521 1079 1585 ecclesia
1094 1523 1175 1588 bene
1190 1524 1230 1587 ad
1243 1525 1307 1588 duo
1323 1524 1411 1588 001110
1424 1526 1589 1589 hominum
1604 1527 1774 1609 utriusque

373 1642 481 1704 sexus,
504 1629 537 1686 et
559 1624 737 1706 specialiter
757 1625 931 1707 Agabitum
954 1626 1210 1691 archidiaconum
1233 1629 1375 1693 eiusdem
1398 1629 1558 1710 ecclesiae,
1588 1629 1773 1694 Michaelem

372 1727 628 1791 archidiaconum
652 1728 691 1792 de
716 1728 791 1809 Ozd,
820 1729 1079 1793 Bartholomeum
1107 1731 1362 1796 archidiaconum
1394 1733 1434 1797 de
1456 1732 1772 1815 Kukullu,·Racham
1809 1738 1843 1794 10

372 1831 543 1915 plebanum
567 1840 599 1895 et
621 1834 810 1895 canonicum
825 1833 999 1896 Albensem
1013 1833 1272 1898 Transsiluanum
1294 1844 1326 1900 et
1342 1856 1438 1918 quam
1453 1837 1561 1920 010000
1576 1837 1655 1901 alios
1670 1856 1772 1901 sacer·

372 1936 462 1999 dotes
484 1942 517 1999 et
539 1935 670 1999 clericos
686 1936 901 2001 comburendo
918 1943 950 2000 01
964 1937 1138 2001 auterendo
1155 1940 1261 2002 omnia
1275 1946 1470 2023 ornamenta,
1492 1941 1591 2005 libros
1606 1947 1638 2005 01
1652 1941 1772 2005 instru-

371 2045 479 2104 menta
495 2041 597 2104 dictae
619 2040 770 2105 ccclesiae
793 2047 825 2104 et
840 2041 901 2104 alia
916 2060 998 2122 quae
1021 2043 1106 2106 dicta
1120 2043 1253 2107 ecclesia
1267 2045 1346 2107 inibi
1361 2044 1503 2109 habebat
1534 2045 1670 2129 Propter
1685 2047 1772 2129 quod

371 2144 455 2208 dicta
477 2145 670 2209 universitas
692 2151 725 2208 et
744 2145 921 2229 singulares
943 2165 1097 2229 personae
1120 2147 1262 2211 eiusdem
1282 2149 1621 2213 excommunicationis
1643 2155 1771 2214 senten·

371 2248 448 2311 tiam
469 2249 684 2330 incurrerunt,
707 2269 726 2311 a
749 2268 813 2331 qua
835 2249 978 2313 nondum
1002 2249 1135 2313 relaxati
1151 2251 1290 2331 luerunt,
1313 2258 1409 2335 prout
1424 2253 1463 2317 de
1478 2253 1648 2338 praedictis
1670 2260 1719 2317 est
1741 2258 1772 2318 et
1807 2260 1840 2313 15

372 2352 487 2415 101110
512 2371 610 2434 regno
633 2352 794 2435 Vugariae
816 2353 944 2436 publica
965 2374 1030 2417 vox
1053 2360 1086 2417 01
1109 2355 1192 2418 lama
1214 2356 1298 2419 inter
1319 2357 1580 2440 archiepiscopos,
1607 2357 1772 2440 episcopos

371 2460 405 2518 et
425 2454 582 2537 praelatos
605 2474 641 2516 ac
663 2454 799 2521 barones
822 2464 854 2521 et
876 2457 954 2521 alios
977 2458 1052 2520 dicti
1074 2460 1173 2541 regni.

526 2558 606 2621 Item
630 2559 740 2623 literae
762 2560 997 2643 praedictorum
1016 2561 1164 2626 Gobolini
1187 2570 1219 2627 et
1241 2563 1364 2628 Nicolai
1387 2584 1423 2627 ac
1445 2564 1663 2628 0010000110110
1686 2563 1770 2628 Cibi·

371 2663 491 2727 niensis
514 2670 678 2745 tamquam
700 2663 867 2727 rebellium
890 2673 1017 2729 sanctae
1032 2666 1194 2731 Romanae
1217 2668 1376 2747 ecclesiae,
1399 2668 1519 2731 domini
1542 2668 1636 2751 legati
1660 2669 1770 2732 01010-

371 2768 449 2830 mini
473 2767 577 2831 Caroli
599 2768 683 2850 regis
706 2767 865 2851 Vngan'ae
888 2788 952 2832 non
976 2770 1098 2833 1001001
1120 2769 1224 2853 fidem,
1256 2791 1315 2835 000
1337 2773 1383 2836 010
1413 2778 1463 2836 001
1484 2771 1562 2835 fides
1585 2772 1694 2854 aliqua
1715 2773 1769 2836 ad·
1805 2777 1840 2833 20

370 2871 515 2953 hibenda,
538 2891 612 2935 cunr
635 2872 696 2954 ipsi
718 2873 862 2935 nitantur
889 2879 922 2936 et
943 2874 1005 2936 nisi
1027 2875 1147 2937 fuerint
1168 2875 1372 2939 introducere
1397 2877 1431 2939 10
1452 2896 1588 2959 regnum
1611 2876 1770 2960 Vngan'ae

371 2974 520 3039 Ottonem
543 2976 582 3039 de
598 2975 734 3039 Baveria
755 2997 814 3059 pro
837 2996 911 3059 rege
927 2977 1002 3040 dicti
1017 2979 1108 3061 regni
1123 2986 1155 3043 et
1169 2979 1275 3062 ipsmn
1290 2980 1324 3042 in
1339 2980 1495 3063 principio
1510 2981 1770 3061 introduxerunt,

370 3085 402 3143 et
423 3080 628 3144 inimicantur
643 3080 745 3144 eidem
762 3081 913 3144 ecclesiae
929 3087 961 3145 01
975 3080 1123 3164 00011010,
1140 3082 1216 3163 quia
1231 3082 1342 3147 dicunt
1355 3084 1460 3167 ipsum
1478 3083 1628 3148 Ottonem
1642 3093 1771 3169 captum

371 3184 470 3249 101000
492 3184 623 3248 00001110
647 3191 680 3248 01
702 3184 823 3249 auxilio
846 3187 985 3269 episcopi
1008 3191 1040 3249 01
1062 3186 1193 3269 00011011
1214 3187 1438 3252 'lhanssiluani
1468 3188 1510 3253 Et
1532 3190 1573 3253 ob
1603 3190 1663 3254 hoc
1685 3209 1770 3254 anno

369 3289 538 3372 praeterito
554 3288 594 3351 de
609 3307 718 3352 mense
734 3288 898 3353 Februarii
914 3291 993 3354 feria
1007 3291 1148 3355 secunda
1162 3298 1235 3374 post
1249 3291 1439 3356 dominicam
1454 3292 1603 3377 Exsurge
1614 3291 1636 3373 ²)
1659 3294 1769 3358 eadem
1804 3298 1839 3353 20

370 3393 560 3457 Cibiniensis
583 3393 775 3456 universitas
798 3400 830 3457 et
851 3396 1064 3459 communitas
1086 3414 1159 3458 cum
1183 3395 1401 3459 sacerdotibus
1416 3397 1589 3461 decanatus
1612 3398 1651 3461 de
1667 3397 1769 3463 Sabus

368 3496 516 3560 manibus
538 3496 667 3559 armatis
690 3496 855 3560 ecclesiam
881 3496 966 3561 beati
988 3497 1150 3561 Michaelis
1171 3499 1470 3563 Transsiluanorum
1501 3501 1658 3566 hostiliter
1679 3504 1770 3566 1000-

369 3600 489 3681 dentes,
511 3600 545 3662 10
568 3599 700 3663 01001000
723 3607 755 3664 01
777 3601 956 3665 sacerdotes
979 3602 1121 3665 eiusdem
1145 3602 1295 3667 ecclesiae
1319 3623 1433 3668 manus
1455 3605 1612 3669 violentas
1634 3592 1799 3690 turpiter

368 3703 554 3784 iniecerunt,
577 3721 682 3783 usque
704 3703 744 3766 ad
767 3704 924 3768 cancellos
947 3710 979 3769 et
1005 3706 1178 3769 sacristiam
1202 3707 1343 3770 eiusdem
1378 3708 1535 3772 trudendo
1566 3715 1598 3773 et
1629 3689 1768 3793 stigando

369 3806 506 3886 eosdem,
529 3807 665 3870 exsertis
688 3805 800 3888 gladiis
823 3814 855 3870 et
870 3808 994 3891 sagittis
1017 3817 1129 3872 contra
1143 3829 1207 3892 eos,
1230 3818 1326 3894 prout
1349 3812 1387 3875 de
1410 3812 1459 3875 his
1482 3819 1531 3876 001
1551 3813 1679 3897 publica
1701 3834 1768 3877 vox
1799 3812 1839 3872 ’30

369 3915 401 3973 01
422 3910 506 3972 fama
529 3911 563 3972 10
585 3930 684 3991 regno
700 3910 860 3993 Vngariae
876 3917 908 3974 et
923 3912 1066 3994 partibus
1089 3913 1160 3977 illis.
1195 3915 1330 3998 Propter
1345 3935 1427 3997 quae
1450 3923 1482 3980 01
1504 3917 1565 3979 0110
1587 3918 1663 3981 dicit
1684 3919 1768 3981 idem

367 4020 556 4096 procurator
578 4014 670 4076 dictis
692 4015 792 4078 literis
814 4015 909 4079 fidem
932 4016 1074 4080 adhiberi
1102 4038 1166 4080 non
1191 4018 1315 4100 debere,
1346 4025 1378 4082 01
1400 4020 1484 4102 ipsas
1515 4021 1635 4084 nullam
1658 4028 1770 4085 contra

369 4118 488 4181 dictum
512 4118 686 4201 capitulum
711 4124 742 4181 et
764 4120 943 4202 specialiter
964 4121 997 4182 in
1021 4121 1079 4184 hac
1103 4128 1191 4204 parte
1213 4122 1309 4185 fidem
1332 4123 1444 4207 100000,
1469 4122 1605 4188 offerens
1627 4145 1661 4189 00
1684 4126 1767 4190 idem

369 4230 565 4305 procurator,
580 4222 740 4305 praedicta
756 4223 782 4285 si
799 4242 927 4286 necesse
943 4225 1040 4288 fuerit
1054 4226 1264 4308 probaturum
1280 4225 1349 4289 loco
1366 4233 1399 4289 et
1414 4233 1555 4311 tempore
1571 4231 1767 4311 condecenti,

368 4347 435 4391 non
457 4328 635 4409 astringens
658 4346 691 4389 se
714 4326 753 4389 ad
770 4326 895 4409 singula
909 4328 1081 4410 probanda,
1103 4329 1164 4391 nisi
1187 4330 1226 4392 ad
1243 4349 1281 4393 ea
1296 4336 1430 4410 tantum,
1454 4352 1536 4414 quae
1559 4333 1618 4396 sibi
1635 4333 1768 4417 probata
1802 4340 1836 4395 35

369 4415 537 4511 sufficiant,
560 4448 657 4513 super
679 4429 797 4510 quibus
819 4432 898 4513 petit
927 4432 1011 4494 idern
1042 4437 1231 4515 procurator
1252 4434 1416 4497 dominum
1440 4435 1630 4500 Bertuldum
1652 4457 1767 4520 procu·

368 4540 505 4598 ratorem
527 4535 626 4616 partis
648 4533 801 4597 adversae
822 4553 880 4617 per
902 4542 1136 4599 sacramentum
1158 4538 1346 4620 interrogari
1368 4543 1401 4602 01
1423 4540 1616 4622 respondere
1639 4541 1766 4604 eisdem

523 4635 647 4712 Quibus
669 4637 798 4719 quidem
822 4639 1066 4722 exceptionibus
1088 4641 1247 4723 exhibitis,
1278 4649 1315 4706 ut
1343 4649 1393 4706 est
1422 4644 1551 4725 dictum,
1584 4644 1689 4707 dictus
1711 4645 1767 4708 do-

368 4742 474 4806 minus
496 4741 623 4804 auditor
645 4742 820 4823 assignavit
835 4744 1006 4806 terminum
1022 4745 1106 4808 dicto
1130 4746 1257 4809 domino
1273 4745 1424 4810 Bertoldo
1446 4748 1646 4830 procuratori
1668 4748 1767 4831 000110

368 4844 520 4908 adversae
539 4844 579 4907 ad
593 4845 813 4928 replicandum
828 4847 855 4910 si
871 4847 1009 4911 voluerit
1026 4853 1058 4912 et
1072 4848 1149 4913 ahos
1164 4850 1204 4912 ad
1219 4850 1456 4934 procedendum
1470 4852 1505 4915 in
1520 4871 1616 4915 causa
1629 4851 1707 4934 ipsa,
1729 4857 1767 4916 ut
1800 4860 1835 4915 40

368 4949 407 5011 de
428 4949 499 5012 iure
522 4949 619 5013 100011
641 4950 681 5013 ad
704 4950 788 5013 diem
809 4949 920 5015 Martis
941 4953 1087 5034 proxime
1110 4954 1255 5018 futurum
1278 4956 1312 5017 in
1335 4956 1485 5039 vesperis.

523 5050 583 5116 Die
598 5052 710 5117 Martis
733 5055 826 5118 tertio
848 5056 968 5119 mensis
982 5056 1082 5140 Junii,
1104 5058 1283 5141 praedictae
1304 5059 1487 5124 indictionis
1509 5060 1766 5143 comparentibus

367 5156 401 5218 10
423 5156 541 5220 1001010
564 5177 670 5221 coram
693 5158 776 5221 dicto
800 5159 929 5222 domino
951 5160 1096 5225 auditore
1123 5163 1293 5246 praedictis
1314 5164 1574 5248 procuratoribus
1596 5166 1766 5247 utriusque

308 5261 313 5272 '
368 5259 466 5341 partis
488 5259 592 5323 dictus
615 5261 764 5325 dominus
786 5261 958 5327 Bertoldus
980 5266 1199 5348 procuratorio
1222 5267 1350 5332 0000100
1375 5287 1439 5349 quo
1462 5288 1559 5352 supra
1573 5269 1720 5333 exhibuit
1734 5275 1767 5334 et

524 5398 545 5464 ¹)
564 5395 694 5450 Febraor
710 5401 754 5452 21.
1179 5448 1182 5453 ,
1318 5461 1320 5466 ,
1799 5407 1834 5460 45

522 5482 545 5552 ¹)
563 5485 633 5537 1308
649 5483 780 5538 Femur
798 5488 840 5540 19.
