4048 6284
964 575 1005 637 39

277 763 474 845 mandamus,
497 770 657 845 quatenus
672 764 712 828 ad
726 764 797 827 loca
811 765 880 847 ipsa
901 764 1109 848 personaliter
1128 764 1322 843 accedentes,
1344 762 1460 826 limites
1482 763 1515 825 in
1538 763 1679 846 praefato

278 869 442 953 privilegio
466 868 540 932 dicti
568 869 652 951 regis
675 887 844 951 expressos
874 869 992 931 curetis
1024 867 1180 950 inspicere
1211 867 1386 950 diligenter,
1415 872 1447 930 et
1476 867 1502 929 si
1536 866 1680 930 videritis

278 973 363 1055 ipsos
392 973 507 1035 fratres
537 971 657 1053 aliquid
681 977 773 1035 extra
798 971 926 1035 eosdem
957 972 1109 1034 terminos
1132 978 1251 1034 temere
1281 990 1462 1054 occupasse,
1495 978 1606 1034 nostra
1633 971 1680 1034 eis

278 1077 465 1140 anctoritate
494 1076 661 1157 iniungere
691 1075 878 1159 procuretis
908 1080 945 1138 ut
975 1094 1013 1138 ea
1034 1075 1175 1157 praefato
1198 1075 1265 1157 regi
1293 1074 1392 1139 libere
1418 1077 1589 1139 restituant
1610 1075 1679 1138 sine

223 1187 241 1238 5
279 1199 374 1242 mora
407 1177 564 1260 Quicquid
588 1180 776 1243 inveneritis
797 1199 895 1262 supra
924 1179 1106 1262 praemissis
1128 1187 1161 1242 et
1182 1179 1329 1261 feceritis,
1352 1177 1445 1242 nobis
1472 1178 1608 1241 fideliter
1630 1197 1679 1241 re·

277 1284 383 1365 laturi,
406 1290 444 1347 ut
458 1283 485 1346 si
502 1283 579 1364 quid
594 1284 782 1347 remanserit
804 1284 1010 1364 quaestionis,
1032 1289 1160 1347 nostrae
1185 1283 1378 1366 provisionis
1400 1282 1506 1346 studio
1529 1282 1679 1366 sopiatur.

278 1387 330 1450 Ad
351 1388 429 1450 haec
451 1386 673 1450 mandavimus
696 1387 779 1451 dicto
802 1387 878 1469 regi,
901 1392 938 1450 ut
960 1393 992 1450 et
1011 1406 1069 1450 vos
1091 1387 1253 1470 praedicta
1273 1386 1372 1450 libere
1393 1386 1586 1469 investigare
1607 1405 1679 1469 per-

277 1492 382 1554 mittat
412 1496 444 1555 et
474 1510 550 1554 suos
576 1511 648 1553 crim
680 1492 795 1554 vestris
824 1491 928 1555 mittat
950 1493 1095 1573 nuncios,
1125 1490 1152 1554 si
1182 1490 1242 1554 sibi
1265 1491 1426 1554 videbitur
1448 1490 1608 1573 expedire,
1630 1491 1679 1552 in-

276 1595 495 1678 vestigationis
518 1594 699 1657 huiusmodi
722 1595 835 1657 seriem
858 1595 1067 1678 inspecturos,
1098 1600 1205 1658 certus
1229 1594 1315 1676 quod
1338 1596 1422 1658 sieut
1443 1596 1562 1658 iniusta
1584 1613 1679 1678 saepe

205 1703 242 1757 10
278 1698 435 1761 dictorum
469 1698 603 1761 fratrum
636 1699 821 1781 gravaurina
850 1699 1008 1762 sustinere
1030 1700 1064 1760 in
1093 1698 1244 1782 patientia
1272 1698 1432 1781 nolumus,
1466 1699 1511 1761 sic
1540 1699 1611 1762 iura
1633 1698 1679 1762 eis

276 1801 386 1866 illaesa
407 1802 468 1865 sibi
490 1802 640 1865 volumus
658 1821 857 1883 conservare,
880 1822 954 1865 cum
977 1802 1116 1866 eundem
1139 1808 1301 1883 tamquam
1327 1802 1489 1885 egregium
1512 1807 1544 1865 et
1571 1802 1679 1864 catho-

274 1906 373 1970 licum
402 1907 578 1991 principem
607 1905 780 1969 habeamus
809 1906 843 1969 in
874 1905 1049 1969 visceribus
1079 1905 1226 1969 caritatis.
1279 1904 1373 1982 Quod
1406 1905 1433 1969 si
1468 1924 1533 1968 non
1568 1924 1679 1968 omnes

276 2057 377 2072 .....
400 2008 518 2073 Datum
548 2010 672 2091 Tibure,
694 2009 734 2073 Π.
757 2009 835 2073 Idus
857 2009 957 2091 Junii,
979 2029 1064 2086 anno
1087 2028 1183 2073 nono.

944 2353 1010 2437 47.

201 2557 238 2609 15
358 2536 467 2609 divali
491 2539 597 2608 1225
613 2536 704 2608 Jant
729 2539 788 2607 12.
816 2536 925 2627 Popst
942 2535 1119 2608 Honorius
1137 2534 1216 2606 HI.
1245 2534 1443 2626 dcoaftrapt
1468 2533 1535 2606 dan
1555 2540 1677 2627 papst-

275 2660 386 2732 licbca
421 2658 576 2750 chotcn
607 2657 775 2744 Grattius,
812 2658 867 2728 die
897 2680 972 2729 corn
998 2656 1108 2748 Papst
1134 2680 1181 2727 on
1206 2656 1324 2745 Kdnip
1349 2653 1511 2727 Andreas
1538 2655 1593 2727 ΙΙ.
1618 2678 1678 2747 pc-

273 2782 415 2853 ricbtcte
434 2779 537 2851 Bulla
554 2779 739 2869 datrcffcad
763 2779 830 2850 den
847 2779 1028 2850 dcabcban
1051 2776 1167 2849 Ordan
1185 2779 1233 2847 im
1247 2775 1475 2848 Buramland
1491 2777 1679 2849 araeden

274 2903 385 2974 durch
411 2904 509 2974 ciaon
536 2900 646 2972 Buten
672 2900 876 2971 aaamtcllan
903 2899 977 2971 aad
1001 2899 1062 2969 ibn
1087 2921 1152 2969 aar
1172 2897 1371 2988 Befolptmp
1397 2891 1571 2970 dcrsalbea
1597 2899 1678 2987 caf-

273 3023 474 3112 ausordcrn.

201 3186 240 3241 20
432 3186 558 3256 Rapum
581 3185 790 3240 Vctikoniscltca
807 3185 918 3240 Arabio.

433 3309 544 3362 Draclt:
563 3308 650 3375 Fejtr
665 3306 755 3362 Codex
767 3306 830 3373 III,
848 3311 873 3373 2,
893 3310 934 3361 47.
961 3305 1084 3360 Schrader
1096 3304 1199 3359 Archiv
1212 3305 1238 3371 1,
1255 3308 1316 3359 245.
1345 3305 1457 3359 Taatscb
1475 3322 1502 3359 a.
1516 3305 1678 3361 Firaltober

380 3395 451 3450 aaa.
475 3394 557 3450 urta.
578 3396 602 3461 1,
620 3399 662 3448 32.
691 3393 807 3448 lbciner
824 3392 902 3447 Mon.
922 3393 1017 3463 Huap.
1037 3393 1062 3459 Ι,
1081 3396 1123 3447 58.
1148 3391 1332 3446 Darentiaca
1350 3391 1518 3446 Documenta
1535 3396 1578 3447 90.

433 3517 544 3586 cheat:
562 3515 690 3570 Pottboat
709 3514 825 3584 Etpasto
843 3514 897 3568 Nr.
914 3519 987 3569 7432.

429 3692 595 3756 Honorius
617 3691 785 3774 episcopus
808 3740 906 3753 .....
930 3690 1103 3755 vonerabili
1125 3691 1215 3755 fratri
1238 3733 1247 3751 .
1271 3689 1311 3767 .¹)
1334 3688 1481 3774 episcopo
1504 3689 1677 3756 Portuensi

200 3801 237 3855 25
275 3794 466 3879 apostolicae
488 3794 572 3858 sedis
594 3794 698 3877 legato
714 3794 850 3887 salutem
872 3844 1000 3857 .....
1025 3793 1167 3870 Qualiter
1188 3793 1404 3859 scribebamus
1412 3794 1435 3871 ¹)
1457 3795 1620 3858 carissimo
1643 3795 1678 3858 in

275 3898 401 3963 Christo
424 3897 488 3962 filio
511 3904 620 3962 nostro
643 3897 761 3961 illustri
782 3899 850 3981 regi
869 3897 1029 3981 Ungariae
1059 3917 1155 3983 snper
1177 3896 1423 3982 gravaminibus,
1450 3917 1533 3980 quae
1556 3896 1679 3962 dilectis

274 4001 348 4065 filiis
369 4002 521 4064 nabibus
544 4001 658 4064 domus
680 4007 807 4065 sanctae
829 4000 948 4065 Mariae
968 4001 1233 4065 Theotonicorum
1255 4002 1289 4064 in
1312 4006 1397 4063 terra
1409 4000 1512 4064 Borze
1535 4020 1572 4065 ac
1593 4000 1680 4065 ultra
1782 4006 1790 4019 '

274 4112 399 4169 montes
421 4106 544 4169 nivium
568 4104 685 4168 dicitur
706 4103 861 4184 intulisse,
881 4108 974 4166 tenor
987 4102 1161 4187 literarum,
1177 4125 1257 4187 quas
1273 4123 1371 4188 super
1384 4104 1444 4167 hoc
1459 4104 1489 4168 ei
1504 4104 1678 4188 dummoc,

275 4217 307 4274 te
329 4210 455 4293 plenius
477 4207 629 4273 edocebit
675 4206 832 4284 Quocirca
861 4208 1051 4271 fraternitati
1080 4215 1155 4273 tuae
1176 4229 1234 4293 per
1255 4208 1428 4292 apostolica
1450 4209 1568 4291 scripta
1588 4228 1678 4271 man-

198 4320 239 4375 ³0
276 4313 398 4394 damus,
421 4318 579 4394 quatenus
601 4311 709 4374 literae
732 4317 857 4375 nostras
876 4313 995 4395 exponi
1018 4312 1114 4376 facias
1136 4311 1332 4395 perfidelem
1348 4312 1503 4375 nuncium
1525 4311 1585 4395 ipsi
1610 4312 1678 4395 regi

275 4424 307 4480 et
329 4417 434 4499 ipsum
456 4416 495 4478 ad
518 4414 700 4478 faciendum
730 4435 775 4495 ea,
807 4435 889 4497 quae
912 4417 1119 4480 continentur
1139 4418 1173 4480 in
1196 4416 1267 4499 illis,
1291 4435 1421 4480 moneas
1443 4415 1622 4497 efficaciter,
1645 4423 1678 4480 et
1776 4464 1778 4471 .

273 4521 409 4584 inducas
440 4528 472 4584 et
494 4520 521 4583 si
551 4538 585 4583 se
615 4519 649 4581 in
672 4519 732 4581 hoc
755 4518 872 4582 durum
901 4519 987 4583 ultra
1017 4540 1113 4602 quarn
1144 4520 1254 4585 deceat
1276 4518 1466 4601 exhibuerit,
1498 4520 1602 4584 eidem
1623 4520 1678 4584 de·

274 4624 427 4687 nunciare
442 4643 603 4708 procures,
627 4623 714 4704 quod
729 4622 818 4685 nullo
833 4623 928 4686 modo
945 4623 1055 4688 deesse
1070 4625 1245 4707 poterimus
1260 4624 1295 4686 in
1317 4643 1376 4687 sua
1390 4623 1511 4687 iustitia
1525 4623 1676 4689 trabibus

273 4734 347 4791 ante
371 4727 472 4809 dictis,
494 4727 580 4809 quod
611 4732 907 4808 quantumcumque
937 4729 1042 4811 regiae
1072 4727 1196 4791 deferre
1227 4726 1413 4791 sublimitati
1437 4726 1582 4808 velimus,
1609 4745 1675 4790 non

195 4841 233 4894 35
272 4831 427 4895 debemus
449 4838 555 4895 tamen
578 4831 701 4894 deferre
723 4831 843 4893 homini
865 4836 977 4894 contra
999 4831 1102 4894 deum.
1125 4829 1244 4894 Datum
1265 4830 1390 4913 Tibure,
1412 4830 1453 4894 Π.
1475 4829 1554 4895 Idus
1575 4828 1675 4913 Junii,

271 4956 358 5001 anno
381 4956 476 5000 nono.

430 5108 451 5174 ¹)
471 5104 607 5161 anam

429 5195 451 5260 ἱ)
474 5190 605 5262 raupa
623 5191 799 5269 anama„
