4084 6302
958 607 1112 701 joa—

334 790 537 856 detestandae
558 791 736 857 infidelitati
759 795 974 877 proponendo,
997 799 1136 859 castrum
1152 794 1306 876 becbou
1323 802 1471 859 vocatum
1487 801 1615 860 nostrae
1639 797 1734 860 maie·

334 893 406 957 stati
430 895 578 976 restituit,
610 917 668 960 nos
690 899 907 981 possessiones
930 898 1184 979 sconthgutnart,
1216 899 1328 983 Chsgc,
1353 900 1526 981 Zazzyluas
1549 906 1581 963 et
1603 900 1734 963 Soenth-

335 1017 429 1079 ywan
465 1006 592 1063 vocatas
621 1001 655 1063 in
685 1001 828 1084 partibus
857 1002 1074 1066 Transiluanis
1104 1003 1287 1069 existentes.
1321 1024 1384 1066 non
1416 1004 1627 1067 communiter
1662 1024 1733 1067 cum

333 1100 486 1165 iratribus
516 1109 548 1166 et
575 1103 730 1186 proximis
760 1106 836 1185 suis,
870 1106 925 1169 sed
956 1105 1015 1168 sibi
1046 1106 1103 1169 soli
1135 1114 1167 1169 et
1188 1127 1245 1189 per
1275 1127 1347 1171 oum
1372 1108 1439 1170 suis
1469 1107 1638 1171 heredibus
1666 1108 1735 1171 iure

334 1210 488 1289 perpetuo
511 1206 714 1290 contulimus
743 1209 814 1273 ideo
844 1210 1001 1291 volumus,
1033 1211 1119 1292 quod
1150 1210 1258 1273 nullus
1288 1210 1421 1274 fratrum
1453 1216 1485 1274 et
1514 1212 1733 1294 proximorum
1770 1220 1786 1267 ‚v

334 1324 467 1373 suorum
491 1309 680 1374 divisionem
710 1318 741 1375 et
764 1313 941 1395 portionem
964 1313 1003 1375 ab
1029 1313 1139 1377 eodem
1166 1314 1281 1377 comite
1303 1313 1434 1377 Nicolao
1458 1315 1567 1378 nraiori
1591 1322 1623 1378 et
1645 1316 1734 1379 hore-

334 1411 429 1477 'dibus
451 1413 519 1477 suis
542 1433 695 1496 quaerere
717 1417 817 1498 possit
838 1418 872 1479 in
895 1417 1149 1500 possessionibus
1170 1418 1372 1501 praenotatis.
1407 1416 1507 1481 Vobis
1529 1419 1627 1501 igitur
1648 1417 1735 1500 pala·

334 1517 411 1600 tino,
440 1517 538 1581 iudici
568 1519 675 1583 cunae
698 1525 833 1602 nostrae,
855 1520 931 1584 item
963 1520 1114 1584 vaivodae
1143 1528 1174 1583 et
1196 1521 1421 1584 viocvaivodae
1444 1541 1480 1584 ac
1503 1528 1625 1586 vestras
1648 1522 1734 1585 vir-es

334 1620 519 1705 gerentibus
542 1624 719 1705 ceterisque
742 1624 902 1688 iudicibus
924 1631 956 1688 et
978 1624 1155 1688 justitiariis
1177 1626 1267 1707 regni
1292 1625 1390 1688 nostri
1414 1626 1592 1710 specialiter
1614 1627 1646 1688 in
1664 1646 1735 1709 par-

335 1725 421 1790 tibus
435 1725 651 1791 lbansiluanis
674 1748 760 1791 nunc
783 1736 815 1793 et
838 1750 894 1812 pro
919 1738 1060 1812 tempore
1075 1729 1265 1807 constitutis
1290 1729 1406 1810 quibus
1429 1735 1612 1812 praesentes
1627 1736 1733 1793 ostan—
1772 1736 1804 1789 10

336 1831 466 1913 duntur,
488 1829 621 1894 firmiter
644 1836 675 1893 et
697 1829 839 1894 districte
860 1833 947 1914 regio
972 1833 1074 1896 edicto
1101 1832 1322 1915 praecipiendo
1347 1835 1543 1915 mandamus,
1566 1840 1734 1915 quatenus,

335 1934 362 1999 si
377 1935 434 2017 qui
449 1934 584 1998 fratrum
598 1935 816 2018 proximorum
833 1942 864 1999 et
879 1937 1190 2020 consanguineorum
1206 1936 1307 2024 ipsius
1322 1938 1445 1999 comitis
1457 1937 1580 2000 Nicolai
1596 1936 1733 2000 eundem

335 2039 388 2103 vel
410 2058 487 2102 suos
510 2038 641 2102 heredes
663 2058 760 2122 super
781 2040 950 2122 praedietis
969 2039 1223 2124 possessionibus
1245 2039 1500 2123 Scentbguthart,
1523 2039 1637 2123 Choge,
1660 2040 1735 2103 Zaz-

335 2144 449 2225 zyluas
471 2148 503 2207 et
515 2142 728 2224 Scenthywan
753 2144 872 2206 vocatis
888 2145 921 2206 in
937 2151 1075 2208 vestram
1093 2145 1303 2228 praesentiam
1318 2145 1487 2208 citaverint
1509 2149 1541 2208 et
1555 2145 1733 2227 portionem

335 2248 387 2312 vel
418 2247 608 2311 divisionem
637 2247 670 2308 in
701 2247 819 2310 eisdam
843 2247 1068 2329 quaesiverint,
1099 2254 1176 2310 tunc
1206 2267 1264 2311 vos
1294 2248 1447 2311 iudicium
1480 2267 1576 2332 super
1602 2248 1733 2311 hiisdem
1774 2256 1805 2306 15

335 2350 590 2435 possessionibus
620 2351 723 2414 iacere
755 2371 818 2414 non
848 2352 1000 2432 audeatis,
1034 2351 1088 2414 sed
1122 2353 1207 2434 ipsas
1239 2352 1457 2434 possessiones
1490 2352 1592 2415 eidem
1627 2352 1734 2414 comiti

335 2447 466 2520 Nicolao
490 2462 522 2519 ct
544 2456 611 2519 suis
641 2453 811 2518 heredibus
833 2454 962 2538 pacifice
984 2456 1156 2537 dimittatis,
1188 2457 1271 2520 sicut
1293 2476 1350 2539 per
1372 2463 1513 2519 nostram
1538 2456 1734 2519 maiestatem

336 2558 396 2623 sibi
425 2558 485 2622 soli
507 2558 638 2623 Nicolao
666 2557 750 2621 dicto
773 2558 852 2621 Wos
883 2559 993 2622 maiori
1025 2568 1101 2623 sunt
1123 2559 1255 2623 collatae
1281 2560 1351 2623 iure
1374 2559 1545 2644 perennali.
1583 2558 1685 2621 Immo
1708 2559 1735 2622 si

337 2663 393 2745 qui
415 2668 559 2726 vestrum
582 2666 692 2725 contra
723 2660 804 2724 banc
834 2663 966 2744 gratiam
997 2684 1054 2748 per
1076 2683 1135 2726 nos
1158 2665 1272 2727 iactam
1298 2663 1508 2748 procederent
1530 2670 1562 2726 et
1584 2663 1734 2743 iacerent,

335 2765 415 2829 illud
437 2766 524 2848 quod
547 2766 689 2839 iecerint,
713 2767 899 2830 auctoritate
914 2770 1129 2849 praesentium
1152 2788 1321 2845 cassamus,
1345 2786 1533 2831 revocamus
1553 2772 1585 2828 et
1606 2765 1735 2849 penitus
1771 2774 1807 2827 20

335 2869 549 2935 annihilamus
571 2877 604 2934 et
625 2871 752 2935 casdem
774 2873 991 2954 possessiones
1021 2872 1080 2954 ipsi
1110 2872 1217 2935 comiti
1239 2871 1371 2934 Nicolao
1405 2877 1437 2934 et
1467 2870 1533 2933 suis
1556 2868 1734 2951 heredibus,

336 2976 420 3039 sicut
441 2994 483 3039 ex
513 2994 609 3056 nuno,
640 2976 685 3038 sic
709 2995 749 3039 ex
773 2983 850 3039 tunc
872 2974 1002 3059 pacifice
1025 2976 1213 3039 dimittimus
1239 2982 1391 3059 perpetuo
1414 2974 1621 3058 possidendas
1645 2993 1735 3058 prae-

336 3080 475 3144 sentium
505 3099 562 3164 per
591 3080 741 3163 vigorem.
778 3079 895 3144 Datum
927 3081 961 3143 in
983 3079 1059 3142 Alto
1082 3084 1194 3159 castro,
1226 3079 1276 3142 die
1307 3079 1465 3142 dominico
1494 3079 1640 3161 proximo
1662 3084 1736 3161 post

336 3184 454 3247 testum
476 3182 663 3267 epiphaniae
686 3182 815 3265 domini,
838 3202 922 3246 anno
945 3183 1088 3246 eiusdem
1111 3181 1167 3244 Ma
1191 3181 1291 3246 000⁰.
1314 3181 1481 3245 xxxx?

995 3494 1086 3576 552.
1772 3520 1807 3573 25

423 3676 627 3767 Wisseprcd
651 3681 757 3748 1340
782 3678 925 3748 Januor
951 3681 983 3746 9.
1013 3676 1129 3766 Kdoip
1156 3677 1250 3747 Kort
1276 3677 1435 3765 bastdtipt
1463 3676 1629 3747 Nicotaus
1656 3676 1737 3748 Wos

337 3800 411 3871 mad
427 3798 546 3870 dassen
565 3798 684 3870 Erbeu
701 3801 740 3870 ia
758 3800 834 3872 dem
854 3798 970 3870 Bestia
996 3820 1060 3868 oon
1079 3795 1338 3887 Saaatpothorrt
1373 3798 1487 3887 Caspe,
1508 3797 1737 3869 Sadsasailvds

336 3920 410 3991 aad
436 3917 629 3991 Saeotivda.

494 4065 607 4119 Druck:
625 4066 722 4119 Huzai
740 4064 884 4119 obleviltdr
901 4070 953 4119 220
971 4066 1043 4119 nach
1060 4066 1120 4118 dem
1140 4064 1216 4134 Orip.
1235 4066 1316 4134 Pcrp.
1336 4064 1437 4118 Archiv
1454 4065 1503 4119 der
1518 4064 1626 4133 Grafan
1644 4065 1734 4132 Woss,

445 4152 534 4221 Carpe.
552 4151 710 4222 Rinpsiepel
720 4168 779 4205 war
798 4152 854 4219 auf
861 4151 909 4205 der
922 4152 1065 4207 Ritclrseitc
1083 4152 1270 4221 aufpcdriickt.
1280 4182 1314 4191 -
1324 4150 1388 4206 sien
1405 4152 1450 4205 dic
1467 4152 1596 4207 Uritande
1609 4152 1661 4206 Nr.
1674 4156 1734 4207 551.
1770 4154 1806 4206 30

410 4395 413 4403 ,
493 4328 561 4392 Nos
589 4327 727 4391 Karolus
757 4326 807 4390 dei
837 4327 938 4409 gratia
967 4346 1027 4391 rex
1056 4327 1240 4409 Hungariae
1275 4328 1445 4392 memoriae
1478 4328 1737 4392 commendantes

338 4426 449 4497 tencre
477 4431 691 4515 praesentium
721 4430 936 4513 significamus
967 4431 1083 4512 quibus
1114 4430 1244 4513 expedit
1275 4431 1441 4513 universis,
1476 4452 1549 4495 cum
1581 4452 1639 4495 nos
1661 4451 1737 4495 con·

338 4535 483 4600 sideratis
511 4533 715 4598 fidelitatibus
745 4540 776 4597 et
805 4534 947 4598 fidelium
978 4534 1182 4598 servitiorum
1211 4535 1333 4598 maritis
1363 4536 1487 4599 comitis
1509 4534 1632 4599 Nicolai
1662 4535 1735 4597 dicti

338 4639 418 4704 Wos
440 4639 578 4721 maioris,
602 4637 719 4720 quibos
734 4639 817 4701 idern
834 4646 961 4702 nostrae
978 4639 1132 4702 maiestati
1155 4637 1193 4701 ab
1209 4638 1405 4702 infidelitatis
1421 4640 1546 4703 tramite
1562 4637 1735 4719 redeundo,

338 4763 411 4808 cum
433 4762 576 4807 summae
605 4741 766 4807 fidelitatis
796 4744 976 4807 constantia
1004 4743 1036 4804 in
1068 4742 1269 4806 restitutione
1299 4743 1393 4806 castri
1416 4742 1577 4823 Ohychow
1608 4747 1735 4805 nostrae
1771 4750 1804 4802 35

338 4848 523 4913 sublimitati
546 4848 629 4911 farta
651 4846 851 4910 laudabiliter
873 4847 995 4909 studuit
1017 4845 1213 4929 complacere
1235 4854 1266 4910 et
1289 4867 1322 4910 sc
1346 4867 1421 4929 erga
1437 4867 1495 4909 nos
1518 4845 1643 4909 efficere
1666 4866 1737 4928 gra-

338 4953 465 5034 tiosum,
496 4951 640 5015 volentes
669 4951 772 5034 ipsum
804 4971 861 5033 pro
891 4970 929 5014 eo
959 4951 1045 5033 regio
1077 4956 1269 5034 pertractare
1291 4972 1327 5014 aa
1349 4951 1500 5035 prosequi
1532 4950 1683 5013 donativo
1706 4957 1738 5012 et

337 5058 456 5140 favore,
488 5056 642 5139 quasdam
663 5056 881 5140 possessiones
903 5054 1178 5138 Scenthgutharth,
1209 5054 1322 5138 Chege,
1352 5054 1526 5136 Zazzyluas
1552 5060 1585 5117 et
1606 5053 1738 5117 Scenth-

338 5180 432 5242 ywan
457 5165 586 5223 vocatas
608 5180 665 5242 pro
689 5159 755 5223 suis
770 5160 940 5224 meritoriis
961 5157 1167 5222 fidelitatibus
1182 5159 1213 5221 in
1231 5159 1431 5223 restitutione
1454 5158 1548 5222 castri
1572 5158 1738 5222 memorati

338 5264 430 5328 nobis
461 5264 622 5348 impensis,
652 5263 712 5327 sibi
739 5269 772 5326 et
794 5262 861 5326 suis
883 5262 1061 5345 heredibus,
1091 5263 1233 5347 exceptis
1255 5264 1323 5327 suis
1345 5261 1498 5326 tratribus
1520 5269 1552 5326 et
1573 5261 1736 5346 proximis,
1771 5267 1807 5322 40

339 5369 379 5434 de
400 5369 506 5452 regiae
529 5368 654 5452 pictatis
676 5367 843 5431 clementia
866 5366 1091 5431 donaverimus
1107 5372 1139 5431 et
1160 5367 1391 5431 contulerimus
1413 5366 1620 5450 possidendas
1643 5365 1737 5449 pleno

339 5474 417 5538 iure.
439 5472 543 5557 Igitur
557 5472 649 5537 vobis
663 5471 812 5557 palatina
835 5471 933 5535 iudici
949 5471 1056 5535 curiae
1073 5478 1209 5555 nostrae,
1231 5472 1308 5535 item
1324 5471 1488 5554 vaivodae,
1511 5470 1737 5535 vicevaivodae
