4086 6300
898 602 1054 699 *sso—

274 795 385 857 noster
399 790 494 856 homo
510 791 550 855 ad
565 800 625 856 nos
644 791 771 856 rediens
786 790 878 874 dixit,
893 798 931 856 ut
945 792 1113 870 eundem1)
1128 793 1271 857 tanetum
1287 794 1391 858 eidem
1405 796 1568 859 statuisset
1582 793 1676 878 pleno

274 897 353 961 iure.
385 895 432 959 Ut
454 900 561 960 autem
583 895 656 959 talis
678 896 809 960 statutio
833 915 890 979 per
912 916 971 960 nos
993 897 1092 974 retal)
1116 902 1148 961 et
1169 895 1262 959 firma
1270 895 1291 976 ⁸)
1316 904 1470 979 teneatun
1492 918 1552 962 nos
1574 899 1677 963 eidem

277 1005 403 1064 nostras
425 999 534 1063 literas
556 999 702 1063 dedimus
724 1006 834 1063 nostro
858 999 960 1082 sigillo
976 1000 1148 1065 roboratas.
1176 1000 1294 1064 Datum
1311 1020 1406 1078 anno,
1429 1001 1480 1065 die
1496 1007 1528 1065 et
1542 1003 1677 1066 termino

276 1103 479 1187 praenotatis.

931 1344 1024 1426 395.

350 1510 457 1579 1322
482 1506 620 1598 August
649 1509 683 1579 5.
725 1508 843 1598 Kfiaip
869 1507 965 1579 Korl
999 1508 1122 1578 aimmt
1156 1509 1331 1601 Mupister
1359 1510 1543 1598 Nikatoris,
1585 1509 1678 1582 Sota

279 1622 486 1702 Corrordus'
521 1652 586 1700 voa
616 1628 802 1716 Telmessii,
838 1630 877 1700 ia
911 1630 1028 1700 scinco
1056 1628 1181 1700 Sobata
1215 1632 1289 1702 aad
1320 1632 1463 1703 cerleibt
1489 1631 1677 1702 dentsclbca

275 1750 504 1842 Laaqcatbol,
532 1749 755 1841 Feipeadorfi
783 1749 910 1821 Ponod
933 1750 1008 1821 aad
1033 1748 1200 1822 Sabinou.

431 1913 636 1984 Eiapeacitoltet
653 1930 707 1968 von
718 1912 814 1983 Kdaip
826 1913 902 1967 Korl
921 1917 992 1967 1327
1006 1914 1065 1967 aad
1084 1914 1133 1967 mit
1151 1913 1240 1968 dieser
1257 1914 1387 1970 Urtandc
1400 1931 1454 1969 von
1465 1916 1525 1970 dem
1543 1915 1677 1970 Weissen-

207 2001 241 2055 10
380 2000 480 2069 berger
497 1999 612 2068 Kapitel
630 2003 707 2067 1370,
729 1999 805 2070 Orip.
829 2000 932 2070 Unger.
952 2000 1161 2054 Latadeoarcbio
1178 2002 1330 2069 Budapeat.
1348 2031 1382 2041 -
1400 2002 1456 2055 Dis
1479 2002 1608 2056 Urkurzdc
1624 2019 1679 2055 voa

381 2089 451 2139 1370
462 2086 499 2139 iat
510 2085 699 2155 anpcsctaltet
712 2102 766 2140 eoa
779 2087 895 2140 Palatia
907 2087 1010 2155 Josept
1023 2091 1064 2141 16.
1076 2087 1207 2141 Februar
1221 2092 1298 2154 1841,
1311 2087 1499 2155 ahscbriftlich
1511 2089 1543 2142 ia
1556 2088 1679 2143 Troascb

381 2171 504 2239 Duplam.
527 2172 677 2226 Trommlv.
698 2172 802 2227 Socors.
821 2173 847 2241 1,
866 2174 934 2228 ohne
953 2174 1070 2243 Anpobe
1086 2174 1136 2228 der
1155 2174 1253 2244 Qualia.

433 2294 545 2347 Druck.-
563 2295 648 2364 Napy
668 2294 732 2349 Ood.
751 2294 960 2365 Andepaoenais
978 2295 1022 2362 Π,
1040 2299 1083 2350 39.
1113 2295 1297 2349 Detractant
1315 2296 1482 2350 Documento
1499 2301 1560 2351 585.

433 2415 545 2485 Myrai:
564 2415 651 2482 Fejar
672 2415 763 2470 (lodan
780 2415 838 2483 XI,
856 2420 917 2469 467.

209 2583 242 2635 15
433 2572 572 2637 Karolus
595 2573 646 2637 dei
661 2574 763 2656 gratia
777 2574 971 2658 Hungariae,
994 2572 1183 2657 Dalmaciae,
1207 2574 1365 2656 Oroaciae,
1387 2574 1514 2657 Ramae,
1537 2574 1678 2660 Samiae,

276 2675 435 2761 Gallicae,
457 2676 673 2760 Lodomeriaa
696 2678 870 2742 (lomaniae
884 2679 1119 2762 Bulgariaeque
1142 2699 1201 2743 rex
1224 2680 1372 2744 omnibus
1392 2679 1508 2743 Christi
1530 2678 1678 2744 fidelibus
1701 2700 1704 2703 ·

275 2782 497 2865 praesentibus
526 2783 645 2866 pariter
674 2787 707 2845 et
735 2782 853 2846 futuris
875 2789 1072 2866 praesentem
1096 2784 1243 2866 paginam
1274 2784 1465 2868 inspecturis
1487 2783 1622 2848 salutem
1644 2784 1678 2847 in

276 2886 406 2950 domino
437 2887 669 2970 sempiternam.
715 2885 856 2969 Regibus
888 2887 998 2950 innata
1032 2886 1211 2970 benignitas
1244 2908 1310 2951 non
1345 2888 1448 2952 solum
1478 2887 1678 2951 subditorum

277 3007 410 3051 suorum
439 2988 479 3051 ad
512 3008 546 3053 se
576 2991 807 3053 revertentium
837 2990 974 3073 ignoscit
997 2990 1090 3054 solita
1112 2992 1228 3075 pietate
1251 2992 1375 3075 delicta
1403 2991 1576 3056 sedetiam
1599 2992 1680 3055 solet

208 3101 243 3155 20
277 3092 396 3175 gratiae
421 3111 498 3156 suae
520 3092 644 3157 efficere
666 3094 843 3177 participes,
867 3113 949 3175 quos
972 3094 1110 3158 maxime
1133 3096 1377 3178 praeteritorum
1392 3102 1523 3158 actuum
1543 3093 1679 3158 fidelitas

279 3200 312 3261 et
333 3197 535 3260 servitiorum
558 3196 700 3262 fidelium
722 3198 836 3262 merita
857 3198 1125 3262 recommendant.
1147 3198 1287 3263 Proinde
1310 3199 1350 3262 ad
1372 3199 1597 3262 universorum
1621 3217 1678 3261 no·

276 3302 378 3365 titiam
408 3301 522 3365 harum
552 3302 633 3366 serie
656 3301 806 3365 volumus
828 3302 1007 3385 pervenire,
1041 3303 1127 3384 quod
1151 3303 1227 3385 quia
1248 3302 1398 3385 magister
1420 3301 1571 3365 Nicolaus
1593 3300 1679 3366 filius

277 3403 426 3468 Corrardi
455 3405 495 3468 de
522 3405 670 3470 Tolmach
700 3405 792 3469 nobis
825 3411 858 3469 et
886 3424 1023 3469 coronae
1056 3425 1164 3470 sacrae
1193 3404 1331 3470 fideliter
1360 3406 1560 3470 adhaerendo
1590 3412 1680 3489 grata

278 3508 395 3590 iugiter
424 3509 525 3571 multa
552 3514 584 3572 et
613 3515 742 3592 accepta
770 3509 899 3573 servitia
933 3509 967 3571 in
1000 3509 1258 3592 expeditionibus
1287 3510 1377 3592 regni
1410 3510 1512 3572 nostri
1545 3509 1680 3572 diversis

208 3619 243 3673 25
278 3616 390 3675 contra
411 3610 555 3675 infideles
577 3618 610 3676 et
632 3612 765 3676 rebelles
789 3618 914 3676 nostros
945 3613 1099 3696 impendit
1128 3621 1160 3676 et
1182 3612 1328 3676 exhibuit
1350 3614 1384 3675 in
1407 3630 1445 3675 eo
1467 3612 1678 3696 potissimum,

279 3714 366 3796 quod
388 3734 462 3778 cum
477 3714 643 3780 ladislaus
664 3716 750 3780 filius
765 3715 900 3780 Ladislai
926 3717 1086 3798 quondam
1110 3717 1265 3780 vaivodae
1278 3715 1496 3779 Transsiluani
1518 3735 1592 3778 cum
1613 3715 1679 3778 suis

278 3819 430 3882 iratribus
452 3819 526 3882 elafi
549 3820 699 3904 superbia
712 3821 971 3904 praesumptione
993 3821 1160 3885 temeraria
1181 3824 1294 3884 contra
1315 3825 1457 3883 nostram
1479 3819 1675 3882 maiestatem

278 3942 344 3986 non
367 3924 437 3986 sine
466 3921 661 3988 infidelitatis
691 3930 768 3987 nota
797 3944 831 3988 se
854 3924 1014 3988 rebelliter
1044 3925 1267 4008 opposuissent
1289 3943 1354 3986 non
1376 3921 1533 3985 modicam
1555 3926 1679 4006 partem

278 4028 368 4111 regni
392 4028 494 4091 nostri
514 4027 549 4090 in
571 4028 715 4110 partibus
729 4027 962 4091 Transsiluanis
985 4028 1145 4091 damnosis
1159 4028 1333 4092 insultibus
1356 4032 1388 4091 ct
1408 4027 1585 4108 tyrannicis
1607 4045 1679 4089 vas-

209 4137 245 4191 30
279 4131 424 4195 titatibus
445 4131 627 4194 invadendo
650 4131 866 4214 multipliciter
889 4131 1096 4196 dilacerantes
1127 4137 1159 4196 et
1180 4132 1298 4196 nostris
1320 4130 1521 4216 processibus
1543 4129 1679 4213 plurima

278 4235 505 4319 impedimenta
534 4240 740 4319 praestantes,
772 4235 875 4298 dictus
898 4235 1050 4298 Nicolaus
1078 4234 1164 4299 filius
1192 4235 1340 4299 Corrardi
1369 4235 1403 4297 in
1433 4234 1679 4317 oppressionem,

279 4338 528 4402 humiliationem
559 4343 591 4402 et
619 4338 915 4401 exterminationem
938 4339 1171 4420 praedictorum
1204 4346 1388 4402 nostrorum
1414 4336 1590 4400 infidelium
1613 4337 1679 4400 sin·

279 4461 370 4506 cerae
390 4441 552 4506 fidehtatis
574 4441 727 4523 obsequie
750 4447 782 4505 et
803 4442 926 4505 fervido
950 4460 1044 4524 opere
1067 4441 1235 4506 efficaciter
1249 4442 1348 4507 astitit
1370 4461 1459 4507 suam
1483 4458 1679 4523 suorumque

279 4565 431 4630 personas
447 4546 553 4610 dubiis
567 4547 714 4610 fortunae
730 4546 855 4609 casibus
877 4564 935 4628 pro
951 4544 1144 4609 exaltatione
1159 4548 1261 4610 nostri
1276 4546 1438 4629 regiminis
1454 4543 1678 4608 submittendo.

211 4656 245 4709 35
280 4650 417 4735 Insuper
445 4651 530 4715 idem
552 4649 704 4714 Nicolaue
734 4668 811 4713 suae
840 4648 1000 4713 fidohtafis
1030 4649 1243 4713 sinceritatem
1274 4656 1305 4713 et
1326 4667 1440 4733 puram
1465 4648 1581 4711 mentis
1604 4666 1679 4709 con-

280 4755 430 4818 stantiam
460 4755 643 4839 exprimens
673 4760 810 4817 castrum
835 4752 928 4836 Salgo
963 4758 1183 4837 nuncupatum
1212 4755 1245 4816 in
1275 4753 1418 4837 partibus
1447 4749 1680 4815 Transsiluanis

281 4858 499 4939 constitutum,
531 4858 617 4939 quod
640 4857 775 4921 habebat
805 4862 837 4920 et
867 4856 1036 4937 detinebat,
1066 4857 1106 4920 ad
1130 4876 1243 4920 manus
1265 4863 1391 4921 nostras
1417 4854 1554 4919 reddidit
1576 4859 1608 4917 et
1630 4872 1679 4916 re·

281 4962 386 5025 stituit
408 4981 481 5025 cum
504 4980 621 5025 novem
651 4960 736 5024 villis
759 4960 940 5043 nazareos,
963 4959 1081 5042 Omlas,
1104 4960 1292 5042 Fehetewyz
1315 4967 1348 5025 et
1369 4956 1599 5040 Warolyaiolw
1622 4976 1680 5020 no·

280 5065 408 5129 minatis
437 5087 474 5130 ac
496 5065 566 5129 aliis
597 5065 740 5147 quinque
770 5064 855 5127 villis
878 5063 1001 5127 Olaceis
1032 5064 1070 5127 ad
1094 5064 1178 5127 idem
1201 5071 1339 5128 castrum
1361 5061 1604 5147 pertinentibus,
1637 5080 1679 5124 ex

211 5173 247 5227 40
282 5170 375 5234 ouius
397 5172 492 5233 castri
515 5174 547 5233 et
569 5169 716 5232 villarum
732 5168 932 5232 restitutione
947 5173 1074 5252 praeter
1088 5169 1380 5251 augmentationem
1395 5165 1496 5229 nostri
1517 5164 1679 5248 regiminis

438 5306 459 5373 ¹)
477 5304 514 5360 So
537 5303 664 5374 Vorlape.

438 5391 460 5458 ¹)
483 5390 616 5460 Vortcpa:
634 5393 728 5444 ratum.

437 5477 459 5547 ⁸)
482 5475 614 5548 Vorlapc:
632 5477 744 5531 firmum.
