4048 6284
1057 593 1099 656 36

533 778 644 833 Druck:
669 779 756 846 Fejir
777 778 867 833 Codes
884 780 948 845 ΙΙΙ,
971 784 997 847 2,
1014 784 1057 834 41.
1085 781 1208 835 36161161
1226 780 1329 835 Arabio
1347 782 1373 847 1,
1390 786 1450 836 240.
1483 782 1596 837 Tema
1612 783 1672 837 aad
1690 783 1777 838 Firu-

372 862 375 867 ‘
479 865 564 920 babor
582 864 654 919 Set.
672 864 754 919 Uret.
773 867 799 932 1,
817 870 860 920 31.
889 866 1006 920 11161661
1024 867 1101 921 Mon.
1121 868 1217 936 Huap.
1236 868 1262 934 Ι,
1280 872 1323 921 58.
1348 868 1533 922 Deaouaiana
1551 869 1718 924 noeumane
1735 876 1778 925 89.

533 986 648 1056 Repeti:
666 986 793 1041 Poliboat
812 986 929 1056 Repente
947 987 1001 1073 Il'r.
1017 991 1091 1042 7427.

530 1146 695 1210 Honorius
718 1146 886 1230 episcopus
909 1196 1038 1210 .....
1062 1147 1184 1211 dilectis
1210 1149 1244 1211 in
1267 1148 1391 1212 Christo
1421 1147 1494 1214 filiis
1517 1196 1525 1212 .
1549 1194 1558 1212 .
1581 1153 1777 1234 praeceptori

376 1257 409 1314 61
439 1250 591 1314 fratribus
618 1250 732 1314 domus
762 1258 889 1314 sanctae
912 1249 1031 1314 Mariae
1053 1251 1318 1316 Theotonicorum
1341 1253 1374 1315 in
1396 1252 1500 1318 Borza
1529 1255 1776 1320 consistentibus
1811 1263 1827 1314 5

375 1354 510 1419 salutem
532 1403 631 1417 .....
650 1353 841 1438 Recepimus
873 1353 996 1436 literas,
1033 1375 1112 1437 quas
1146 1376 1243 1440 super
1275 1357 1513 1440 gravaminibus
1548 1364 1645 1440 atque
1681 1360 1776 1422 minis

374 1458 466 1523 vobis
499 1479 518 1522 a
549 1458 711 1522 carissimo
745 1459 780 1521 in
813 1459 937 1523 Christo
970 1458 1035 1522 filio
1070 1466 1180 1523 nostro
1204 1504 1212 1521 .
1236 1459 1278 1536 .¹)
1312 1460 1428 1525 illustn‘
1463 1480 1537 1545 rege
1570 1461 1774 1546 Ungarorum

373 1562 477 1644 1116116,
505 1567 611 1626 vestra
637 1561 729 1625 nobis
756 1561 903 1626 discretio
928 1563 1107 1643 destinavit,
1132 1564 1260 1627 virtutis
1282 1571 1407 1628 restrae
1429 1567 1638 1629 constantiam
1662 1567 1695 1629 in
1719 1568 1774 1631 do·

372 1668 460 1730 mino
483 1664 751 1746 commendantes,
775 1666 861 1747 quod
885 1667 968 1730 sicut
997 1667 1126 1731 eaedem
1153 1666 1263 1730 literae
1293 1667 1507 1747 continebant
1537 1688 1611 1731 cum
1633 1669 1774 1734 militetis

373 1770 433 1833 sub
464 1768 662 1833 obedientiae
693 1768 777 1851 iugo,
807 1788 865 1851 pro
888 1769 985 1832 nullis
1014 1771 1109 1834 minis
1132 1771 1200 1834 sire
1223 1771 1397 1835 terroribus
1428 1778 1543 1835 terram
1567 1772 1773 1837 demitteretis
1811 1779 1843 1832 10

372 1874 506 1938 eandem
536 1874 605 1937 sine
637 1880 746 1936 nostra
768 1872 818 1935 vel
850 1874 991 1955 magistri
1014 1874 1111 1936 vestri
1142 1873 1268 1937 licentia
1298 1875 1432 1957 speciali.
1467 1875 1628 1939 Noveritis
1657 1882 1773 1955 autem,

372 1978 514 2062 nosipsi
546 1978 613 2061 regi
636 1983 667 2041 61
690 1976 759 2039 aliis
785 1984 910 2039 nostras
942 1996 1038 2060 super
1069 1978 1127 2040 boc
1150 1978 1257 2041 literas
1287 1978 1471 2057 destinasse,
1502 1979 1613 2060 quales
1636 1980 1774 2043 vidimus

371 2082 591 2166 expedirent
617 2082 677 2144 deo
700 2088 829 2145 6661616
852 2081 1085 2164 itaproridere
1116 2083 1307 2162 curabimus,
1331 2082 1416 2163 quod
1440 2102 1505 2145 nou
1536 2083 1694 2165 oportebit
1715 2105 1773 2147 ros

372 2187 538 2251 demittere
555 2193 671 2250 terram
693 2186 803 2269 ipsam,
826 2185 882 2247 sed
905 2204 973 2248 eam
997 2184 1145 2248 tenebitis
1167 2205 1241 2247 cum
1263 2185 1372 2249 farore
1394 2206 1431 2249 ac
1454 2186 1676 2251 benovolentia
1697 2188 1771 2251 dicti

370 2291 462 2374 regis.
506 2289 574 2352 Vos
596 2308 671 2371 ergo
699 2289 782 2352 sicut
804 2289 895 2365 viril)
916 2289 1090 2371 prudentes
1122 2296 1238 2352 terram
1260 2290 1360 2373 ipsam
1390 2290 1499 2354 domui
1530 2298 1654 2355 vestrae
1686 2292 1772 2373 regia
1809 2299 1861 2351 15.

369 2393 557 2458 liberalitate
580 2393 728 2455 donatam
751 2398 783 2455 et
806 2412 824 2455 a
846 2392 920 2455 sede
943 2393 1116 2475 apostolica
1138 2391 1364 2473 confirmatam,
1396 2393 1489 2457 solita
1511 2395 1674 2478 diligentia
1695 2415 1770 2459 cou-

370 2498 513 2578 servetis,
545 2495 649 2560 securi
680 2495 719 2558 de
749 2502 859 2557 nostra
888 2505 919 2557 61
951 2495 1140 2579 apostolicae
1174 2496 1257 2559 sedis
1291 2497 1392 2578 616116
1421 2507 1454 2560 61
1483 2498 1599 2561 favore.
1652 2497 1769 2561 Datum

368 2599 493 2683 Tibure,
515 2599 571 2663 IV.
593 2599 672 2662 Idus
693 2598 794 2680 Junii,
816 2618 901 2661 anno
924 2618 1018 2664 nono.

1037 2858 1106 2940 45.

450 3021 560 3096 Tivoli
593 3024 699 3094 1225
737 3019 828 3094 June
862 3024 921 3092 12.
971 3020 1080 3113 Ρ6661
1119 3021 1296 3094 Honorias
1332 3022 1411 3094 ΙΙΙ.
1452 3023 1611 3096 armabat
1651 3025 1768 3115 Kone
1803 3042 1838 3096 20

366 3144 529 3216 Andreas
556 3142 624 3232 ΙΙ,
660 3144 736 3215 11616
772 3143 954 3215 1166166161
985 3141 1101 3214 06166
1137 3142 1201 3214 dos
1227 3143 1464 3257 Barsealand·
1481 3145 1766 3236 arabena.

523 3307 649 3377 Regiam
671 3307 880 3362 Vatikaaiscbea
898 3306 1009 3361 Arcbiv.

521 3428 633 3483 Druck.-
652 3429 740 3497 Fejer
755 3429 845 3484 (161161
856 3429 919 3494 ΙΙΙ,
937 3432 963 3495 2,
981 3432 1023 3482 43.
1050 3427 1173 3482 Sclaaller
1186 3427 1289 3482 Arabio
1302 3429 1327 3494 I,
1345 3432 1405 3482 241.
1434 3429 1547 3483 Teatacb
1565 3447 1592 3483 6.
1606 3429 1768 3484 Firnbaber

469 3516 541 3571 san.
566 3517 648 3572 Urleb.
667 3518 693 3583 Ι,
711 3521 754 3571 32.
783 3516 898 3570 11161661
917 3515 994 3568 Μ66.
1014 3515 1110 3584 Hanp.
1129 3515 1154 3581 Ι,
1173 3519 1216 3578 58,
1244 3515 1427 3569 1166666666
1444 3515 1612 3570 Donationis
1629 3521 1671 3572 91.
1703 3515 1766 3570 Das

468 3619 521 3656 666
534 3603 668 3672 Rapum
680 3603 784 3657 111661.
797 3602 891 3668 XIII,
909 3606 962 3656 318
977 3602 1120 3671 6611661116
1132 3602 1305 3656 Brucbslilclt
1322 3602 1412 3656 dieser
1428 3600 1558 3656 Urlraade
1575 3601 1665 3655 beben
1677 3603 1764 3672 Prny,
1802 3602 1835 3657 25

470 3688 574 3756 Raso,
593 3690 717 3757 Kotoaa,
736 3689 867 3758 Bdrdoay
884 3689 943 3742 aad
960 3688 1075 3742 Bethlea
1093 3705 1119 3741 6.
1139 3705 1166 3741 a.
1188 3688 1219 3743 O.
1237 3688 1444 3757 maneamne.

521 3810 634 3881 Repente
653 3810 780 3865 Pottbast
798 3810 915 3879 11696616
933 3810 1077 3864 1117431.

518 3987 683 4052 Honorius
713 3987 881 4071 episcopus
907 4035 1005 4049 .....
1030 3986 1192 4050 carissimo
1222 3987 1258 4049 in
1285 3985 1409 4049 Christo
1439 3985 1505 4050 filio
1540 3984 1616 4065 ..ll
1648 3985 1766 4051 illustri

363 4091 431 4175 regi
455 4090 615 4174 Ungan'ae
638 4091 773 4155 sulutem
796 4139 896 4153 .....
920 4088 1082 4171 11616666,
1113 4090 1239 4172 quoties
1269 4089 1425 4171 audimus,
1457 4095 1488 4153 16
1510 4089 1632 4172 aliquid
1653 4090 1765 4170 166616,

363 4195 450 4277 6661
473 4195 575 4259 lamae
591 4202 665 4259 tuae
680 4194 788 4258 obviet
803 4200 835 4258 61
850 4194 955 4275 saluti,
978 4195 1194 4258 desiderantes
1216 4200 1254 4257 ut
1275 4212 1314 4257 ea
1335 4212 1460 4276 semper
1474 4193 1580 4276 iacias,
1601 4211 1659 4276 661
1681 4210 1763 4274 quae
1799 4198 1834 4253 30

362 4299 422 4363 deo
438 4305 471 4363 et
486 4299 668 4363 bominibus
683 4296 799 4362 debeas
814 4296 1017 4380 complacere.
1045 4297 1083 4360 Iu
1099 4298 1164 4362 tuis
1179 4298 1338 4380 siquidem
1353 4297 1527 4380 privilegiis
1541 4296 1764 4380 perspeximus

362 4403 527 4484 contineri,
551 4403 637 4484 quod
662 4407 778 4465 terram
792 4400 878 4464 Boze
900 4420 937 4463 ac
959 4401 1044 4465 ultra
1059 4406 1183 4465 montes
1204 4402 1328 4464 nivium
1355 4400 1506 4464 iratribus
1529 4399 1643 4463 domus
1663 4398 1764 4462 Theo·

362 4506 542 4569 tonicorum
563 4506 651 4588 regia
673 4503 861 4569 liberalitate
877 4504 1011 4586 donasti,
1033 4504 1120 4569 unde
1143 4511 1259 4568 terram
1278 4505 1379 4587 ipsam
1395 4504 1455 4568 sub
1471 4501 1762 4586 apostolicaesedis

360 4610 556 4692 protectione
580 4608 779 4691 suscepimus
809 4615 841 4671 et
869 4609 1016 4673 libertate
1047 4609 1237 4672 donavimus
1260 4609 1396 4692 speciali,
1427 4608 1506 4671 adeo
1529 4613 1567 4670 61
1588 4605 1760 4689 apostolico

360 4712 526 4796 privilegio
550 4713 764 4794 statuerimus,
794 4731 865 4775 eam
887 4713 967 4777 nulli
991 4714 1053 4777 nisi
1075 4713 1218 4776 Romano
1241 4711 1384 4797 pontifici
1405 4710 1579 4791 subiacere,
1602 4714 1762 4791 quatenus
1797 4714 1832 4769 35

360 4816 471 4881 eadem
493 4816 615 4880 6616616
637 4816 731 4880 citius
752 4816 948 4899 impleretur,
979 4822 1138 4898 tuumque
1160 4817 1311 4880 meritum
1333 4835 1371 4879 66
1394 4815 1490 4878 altius
1512 4819 1665 4897 surgeret,
1697 4831 1761 4895 quo

359 4921 480 4983 donum
503 4926 596 4984 tuum
618 4925 721 4984 161166
743 4925 870 4983 6666166
893 4919 1025 4983 uberius
1046 4921 1238 5004 proveniret.
1269 4918 1468 5001 Frequenter
1489 4923 1597 4981 autem
1619 4917 1762 5000 ipsorum

359 5025 495 5088 11611616
516 5024 695 5107 recepimus
712 5023 951 5105 querimoniam,
975 5023 1062 5106 quod
1083 5024 1170 5107 ipsos
1192 5041 1289 5106 super
1311 5028 1396 5086 tarra
1418 5021 1528 5085 eadem
1551 5020 1690 5084 indebita
1712 5020 1761 5083 in·

360 5128 493 5211 quietas,
522 5134 555 5191 61
577 5127 762 5208 1166666161
783 5126 840 5190 tibi
863 5147 960 5210 super
981 5128 1042 5191 boo
1072 5126 1248 5190 direximus
1271 5126 1388 5207 scripta
1410 5130 1527 5205 nostra,
1557 5129 1708 5206 rogantes
1730 5128 1762 5186 et

515 5301 537 5366 ¹)
554 5298 684 5352 Andreas
701 5297 747 5351 ΙΙ.
1794 5292 1831 5347 40

514 5387 537 5453 ⁹)
559 5383 693 5454 Vorlapa:
709 5383 774 5438 veli.

514 5474 536 5543 ⁸)
553 5470 683 5525 Andreas
701 5470 746 5525 ΙΙ.
