4106 6294
938 596 1093 691 —sr-r-

320 781 455 845 vaivoda
476 786 509 846 et
530 800 639 845 comes
655 780 767 846 Daniel
791 803 828 847 ac
843 785 1006 866 Nycolaus
1028 790 1173 870 petentes
1196 806 1254 850 nos
1277 807 1349 851 cum
1372 789 1531 871 instantia,
1554 794 1591 853 ut
1606 789 1715 853 buius-

319 885 403 947 modi
426 883 645 948 concambium
669 891 772 949 ratum
796 887 912 951 habere
934 895 966 952 et
987 890 1115 952 firmum
1138 910 1175 953 ac
1197 897 1307 954 nostro
1323 891 1527 974 dignaremur
1550 892 1715 975 privilegio

318 985 514 1052 confirmare.
538 989 605 1052 Nos
624 990 721 1071 igitur
744 990 836 1053 iustis
858 998 890 1054 et
913 992 1061 1073 legitimis
1077 993 1282 1077 petitionibus
1305 995 1479 1059 eorundem
1495 994 1633 1059 ladizlai
1649 997 1714 1060 vai·

319 1092 420 1156 rodae
442 1101 473 1156 et
492 1095 616 1157 comitis
631 1092 773 1157 Danielis
795 1115 832 1158 ac
847 1096 981 1177 Nycolai
995 1096 1211 1160 favorabiliter
1226 1098 1473 1180 acquiescentes,
1496 1100 1715 1163 concambium

266 1204 283 1253 5
318 1195 527 1279 praelibatum
550 1204 654 1261 ratum
678 1198 831 1262 babemus
853 1208 885 1263 et
907 1207 1071 1283 acceptum
1095 1206 1191 1281 atque
1205 1199 1333 1263 firmum
1356 1206 1388 1264 et
1410 1208 1520 1265 nostra
1540 1204 1627 1285 regia
1642 1223 1716 1267 auc-

318 1301 444 1364 toritate
467 1301 620 1365 duximus
649 1301 911 1367 confirmandum.
933 1303 972 1366 In
995 1304 1088 1367 cuius
1111 1304 1156 1367 rei
1183 1306 1367 1367 memoriam
1389 1312 1641 1389 perpetuamque
1663 1306 1716 1370 fir-

318 1405 459 1468 mitatem
491 1411 617 1469 nostras
649 1406 758 1469 literas
786 1407 998 1490 privilegiales
1032 1408 1150 1471 eisdem
1185 1408 1253 1471 dari
1286 1408 1420 1473 lenimus
1453 1409 1589 1492 duplicis
1622 1410 1716 1494 sigilli

319 1509 419 1571 nostri
442 1510 618 1573 munimine
648 1515 680 1573 et
710 1511 904 1592 appensione
927 1510 1098 1574 roboratas.
1142 1511 1260 1576 Datum
1291 1531 1348 1596 per
1370 1532 1484 1576 manus
1506 1513 1634 1577 discreti
1655 1515 1715 1577 viri

319 1612 460 1694 magistri
474 1612 660 1691 Johannis¹l
683 1614 853 1697 praepositi
869 1615 1019 1679 ecclcsiae
1035 1614 1193 1695 Alliensis,
1216 1616 1307 1679 aulae
1324 1622 1450 1681 nostrae
1465 1617 1716 1681 vicecancellarii

251 1721 283 1774 10
318 1720 350 1777 et
379 1714 591 1778 aenariam
621 1717 660 1780 ae
689 1717 890 1794 aaronem)
923 1717 1029 1781 aneas
1059 1725 1092 1782 et
1120 1718 1223 1783 fidelis
1250 1721 1360 1802 noser,
1389 1699 1430 1785 r.
1453 1721 1614 1785 unauna
1628 1721 1716 1803 run,

317 1837 401 1881 anno
425 1818 546 1882 domini
573 1821 739 1885 millesimo
763 1799 839 1886 cbo
862 1820 984 1885 decimo
1007 1822 1109 1902 tertio,
1137 1824 1228 1906 regni
1255 1829 1362 1888 autem
1392 1826 1493 1890 nostri
1523 1844 1607 1889 anno
1630 1825 1716 1889 simi-

318 1922 392 1987 liter
414 1923 594 1987 tredecimo.

974 2220 1067 2303 336.

393 2385 493 2453 1313
517 2382 598 2453 Jao·
624 2386 688 2452 20.
734 2383 850 2474 Kdoig
885 2385 980 2454 Korl
1014 2385 1172 2473 bestdtipt
1206 2385 1261 2455 die
1295 2383 1459 2456 Urbande
1494 2385 1553 2456 aas
1580 2385 1715 2476 Kdaiys

248 2520 280 2572 15
317 2503 505 2574 Ladislaus
537 2502 605 2573 IV.
642 2526 706 2574 voa
741 2507 821 2573 127
825 2506 850 2574 5
886 2504 952 2575 Nr.
985 2509 1068 2577 178
1102 2505 1287 2594 betrcffead
1320 2505 1377 2576 die
1411 2503 1617 2597 Verlcibuay
1650 2529 1714 2578 von

315 2624 564 2715 Klaasenbary
591 2647 638 2695 aa
664 2625 720 2695 die
754 2623 1034 2717 Weisseabarger
1061 2626 1199 2699 Kircbe.

471 2788 675 2857 Eiapcscballet
703 2805 756 2842 oon
785 2789 845 2842 dem
876 2788 1117 2844 Grosswardciner
1147 2788 1261 2858 Kupitcl
1288 2793 1368 2855 1429,
1401 2787 1477 2858 θήρ.
1504 2787 1713 2857 Kapitelarcba'a

420 2874 586 2944 Korlabarg.

472 2996 584 3050 muca:
603 2995 689 3062 raa
709 2996 799 3050 eoae
821 2995 909 3063 vrrr,
928 3000 953 3063 a,
970 3000 1014 3050 24.

246 3175 281 3229 20
469 3170 611 3234 Karalus
633 3171 684 3234 dei
707 3171 807 3253 gratia
825 3170 1018 3254 Hungariae‚
1038 3171 1227 3252 Dalmaciaa
1247 3172 1405 3253 Graeciae,
1424 3170 1552 3253 Ramae,
1574 3171 1713 3255 Samiae,

315 3274 473 3356 Galliciae,
491 3274 706 3355 Lodomeriae,
725 3273 898 3339 Cumaniae
917 3274 1151 3358 Bulgariaeque
1172 3295 1232 3339 rex
1255 3275 1404 3338 omnibus
1427 3274 1542 3339 Christi
1565 3274 1713 3340 fidelibus

314 3383 378 3441 tam
400 3378 622 3462 praesentibus
645 3397 740 3460 quam
763 3378 880 3442 futuris
902 3386 1099 3462 praesentem
1122 3380 1270 3463 paginam
1292 3379 1484 3461 inspecturis
1514 3379 1649 3442 salutern
1678 3379 1713 3442 in

315 3483 457 3545 omnium
488 3482 654 3545 salvatore.
702 3482 769 3545 Etsi
800 3482 840 3545 ad
870 3483 970 3546 instar
999 3488 1115 3546 cuncta
1144 3483 1342 3567 disponentis
1375 3483 1604 3566 circumspecta
1637 3501 1713 3545 con·

315 3586 463 3649 sideratio
485 3586 637 3669 principis
659 3586 868 3668 praesidentis
894 3605 936 3649 ex
966 3585 1070 3649 debito
1101 3587 1151 3650 sui
1183 3586 1278 3649 officii
1308 3587 1379 3649 iura
1408 3590 1441 3649 et
1471 3585 1632 3650 libertates
1661 3586 1712 3650 sui

246 3695 279 3747 25
315 3690 405 3771 regni
428 3695 575 3753 teneatur
596 3688 716 3752 illibata
738 3709 938 3770 conservare,
969 3690 1107 3753 uberiori
1130 3698 1236 3753 tamen
1259 3689 1462 3773 specialitatis
1492 3690 1712 3773 praerogativa

314 3793 384 3855 iura
407 3798 534 3855 sanctae
555 3793 666 3856 matris
688 3793 840 3857 ecclesiae
863 3794 957 3857 debet
978 3794 1114 3875 dirigere
1136 3812 1299 3874 manuque
1322 3799 1440 3873 tenere,
1463 3799 1618 3875 utquam
1641 3812 1712 3857 cae-

315 3896 403 3959 lestis
428 3897 576 3979 princeps
606 3896 675 3977 lege
705 3915 782 3960 suae
812 3898 931 3979 gratiae
960 3898 1095 3960 sublime
1125 3896 1340 3980 privilegiavit
1369 3902 1402 3960 et
1431 3896 1600 3977 decoravit,
1631 3896 1712 3961 banc

314 4003 460 4061 terrenus
474 3999 621 4082 princeps
637 4006 798 4081 tamquam
815 4000 951 4064 devotus
966 4001 1110 4065 minister
1128 4006 1160 4064 et
1178 4006 1333 4064 executor
1351 4000 1385 4062 in
1404 4018 1463 4063 suo
1482 3999 1553 4063 iure
1571 4000 1711 4083 generali

314 4107 346 4165 et
367 4103 551 4185 praesertim
575 4103 609 4164 in
632 4103 689 4175 bis,
720 4103 753 4166 in
777 4103 894 4184 quibus
917 4124 993 4167 suos
1015 4105 1232 4188 progenitores
1254 4103 1345 4167 novit
1365 4103 1466 4186 ipsam
1494 4102 1710 4187 magnificasse

245 4213 280 4267 30
314 4210 347 4269 et
369 4205 494 4269 dotasse
517 4213 647 4269 exactae
670 4206 851 4289 diligentiae
873 4207 1109 4272 incendimento
1132 4207 1227 4272 debet
1248 4207 1361 4288 utique
1383 4226 1573 4272 conservare
1595 4207 1712 4290 iusque

314 4309 477 4374 conditum
494 4315 526 4373 et
541 4329 728 4373 concessum
748 4309 943 4374 confirmare.
973 4311 1112 4375 Proinde
1131 4312 1171 4374 ad
1191 4311 1416 4375 universorum
1434 4310 1580 4374 notitiam
1599 4311 1712 4375 harum

313 4415 395 4478 serie
410 4413 560 4477 volumus
574 4414 751 4497 pervenire,
775 4414 860 4496 quod
877 4414 1067 4478 venerabilis
1082 4415 1116 4477 in
1133 4414 1257 4479 Christo
1280 4420 1371 4498 pater
1386 4413 1579 4478 Benedictus
1602 4415 1712 4479 divina

313 4517 515 4581 miseratione
531 4517 698 4601 episcopus
712 4517 1015 4582 Transsiluaniensis
1038 4518 1173 4582 dilectus
1195 4524 1227 4581 et
1248 4517 1353 4581 fidelis
1374 4523 1484 4582 noster
1506 4517 1546 4581 ad
1569 4524 1710 4582 nostram

314 4621 468 4685 accedens
490 4621 699 4705 personaliter
720 4622 931 4705 praesentiam
955 4621 1100 4687 exhibuit
1122 4621 1215 4685 nobis
1237 4621 1397 4703 quoddam
1428 4620 1630 4704 privilegium
1653 4621 1712 4686 Ia-

244 4732 277 4785 35
314 4725 406 4788 dizlai
429 4726 512 4808 regis
535 4724 635 4788 felicis
658 4725 884 4788 reeordationis
906 4725 1060 4809 patruelis
1083 4724 1184 4788 nostri
1207 4744 1303 4808 super
1328 4724 1501 4788 donatione
1527 4724 1621 4789 villae
1643 4725 1711 4789 Ku-

312 4829 431 4892 luawar
445 4836 576 4892 vocatae
592 4849 611 4890 a
625 4829 882 4912 progenitoribus
898 4829 1015 4892 nostris
1030 4828 1178 4892 videlicet
1193 4828 1352 4911 Stephano
1369 4833 1400 4891 et
1414 4826 1561 4891 Ladinlao
1582 4829 1710 4911 regibus

314 4931 455 4996 felicium
471 4932 728 4996 recordationum
743 4932 845 4996 eidem
862 4932 1270 5017 ecclesiaeTranssiluanae
1285 4930 1377 5013 iacta,
1392 4930 1573 4994 coniectum
1589 4937 1710 5013 etenn-

316 5056 451 5117 cessum,
481 5042 593 5120 petens
616 5056 635 5098 a
658 5034 749 5098 nobis
772 5056 845 5099 cum
877 5037 1036 5116 instantia,
1059 5040 1095 5099 ut
1116 5036 1218 5119 ipsam
1240 5033 1445 5097 donationem
1471 5038 1574 5096 ratam
1596 5032 1711 5099 habere

313 5146 487 5221 nostroque
509 5140 675 5223 privilegio
698 5137 887 5201 confirmem
910 5138 1122 5221 dignaremur.
1164 5138 1264 5202 Cuius
1287 5137 1416 5219 quidem
1438 5135 1596 5220 privilegi
1619 5142 1712 5201 tenor

243 5250 278 5304 40
313 5243 385 5306 talis
407 5249 463 5307 est
486 5241 591 5326 (Folgt
612 5242 661 5305 die
691 5239 838 5305 Urkunde
859 5241 911 5305 des
932 5239 1050 5324 Koniga
1071 5238 1240 5305 Ludblaus
1261 5237 1287 5303 I
1290 5237 1325 5304 V.
1348 5237 1594 5305 oon1275Nr.
1617 5240 1710 5322 178.)

472 5380 492 5447 ι)
511 5350 592 5434 aaa
608 5378 641 5431 a·
658 5379 707 5432 aa
729 5377 856 5448 raupa.

467 5468 490 5533 ¹)
508 5469 591 5520 1320:
609 5463 750 5519 romeu.
