4064 6288
904 643 1060 738 -66-

283 827 490 910 permissione
520 833 553 891 et
581 847 741 893 consensu
771 828 935 894 aedificata
967 830 1079 912 fuerit,
1109 831 1149 894 ad
1182 832 1311 896 eosdem
1340 832 1454 896 iratres
1486 832 1580 916 pleno
1610 833 1680 897 iure

283 930 479 995 devolvatur.
512 931 635 995 Verum
651 932 726 1014 quia
741 938 882 1016 tompore
897 940 1024 998 nostrae
1045 934 1231 1017 collationis,
1254 936 1405 999 ecclesiae
1423 937 1680 1019 praenominatae

283 1035 425 1098 nondum
456 1034 620 1118 vacabant,
651 1042 682 1101 et
710 1037 780 1101 ideo
805 1036 1029 1102 cistercienses
1058 1056 1168 1100 earum
1197 1044 1373 1121 proventus
1402 1039 1442 1102 ad
1471 1038 1602 1121 plenum
1625 1039 1680 1102 ad-

283 1139 373 1222 ipisci
394 1158 461 1202 666
482 1145 638 1223 poteraut,
670 1140 888 1203 ordinavimus
903 1147 935 1205 et
957 1140 1182 1204 inviolabiliter
1212 1141 1362 1205 volumus
1385 1141 1557 1223 observari,
1579 1148 1616 1205 61
1637 1142 1679 1224 hi,

230 1249 247 1300 5
284 1243 339 1323 qui
361 1242 535 1306 earundem
564 1243 968 1326 ecclesiarumproventus
990 1244 1202 1327 adpraesens
1227 1246 1415 1329 percipiunt,
1437 1245 1589 1308 fratribus
1612 1245 1679 1309 cis·

282 1345 490 1410 terciensibus
515 1347 568 1410 vel
598 1366 710 1410 eorum
738 1347 857 1410 nuncio
880 1366 978 1410 unam
1007 1366 1146 1410 maroam
1168 1349 1290 1431 argenti
1314 1348 1354 1411 de
1376 1348 1518 1430 qualibet
1547 1349 1680 1412 ecclesia

284 1448 417 1531 singulis
453 1450 546 1513 annis
581 1450 615 1513 iu
652 1450 868 1533 assumptione
904 1449 1015 1514 beatae
1051 1450 1170 1514 Mariae
1207 1450 1332 1515 solvere
1368 1457 1550 1533 teneantur,
1593 1453 1679 1516 omni

283 1552 530 1617 contradictione
562 1561 594 1617 et
616 1552 766 1617 dilatione
788 1561 940 1635 cessante,
972 1560 1009 1617 ut
1031 1573 1073 1617 ex
1096 1555 1155 1616 hoo
1178 1553 1342 1617 evidenter
1365 1560 1522 1638 appareat,
1553 1555 1679 1620 easdem

283 1655 430 1720 ecclesias
460 1658 589 1720 nomine
616 1656 871 1721 cisterciensium
896 1657 1002 1739 quoad
1025 1657 1166 1720 vixerint
1192 1657 1326 1720 detineri
1357 1663 1388 1720 et
1412 1658 1464 1722 ius
1492 1663 1679 1741 patronatus

215 1762 249 1816 10
283 1758 323 1821 ad
344 1759 431 1841 ipsos
453 1758 679 1823 cistercienses
700 1761 734 1822 in
761 1765 952 1844 perpetuum
974 1759 1141 1842 pertinere.
1185 1759 1317 1823 Interim
1340 1766 1456 1842 autem,
1481 1762 1567 1843 quod
1589 1781 1680 1845 prae·

281 1861 354 1925 fatis
376 1863 517 1926 ecclesiis
539 1862 726 1927 vacantibus
748 1862 973 1927 Cisteroienses
999 1882 1109 1925 earum
1139 1868 1314 1946 proventus
1336 1863 1377 1926 ad
1398 1865 1530 1948 plenum
1552 1864 1680 1930 valeant

280 1966 452 2048 possidere,
482 1966 617 2049 singulis
639 1967 732 2029 annis
754 1966 788 2029 in
818 1966 1034 2049 assumptione
1064 1964 1175 2028 beatae
1204 1965 1323 2030 Mariae
1353 1967 1392 2031 de
1415 1986 1540 2031 camera
1570 1973 1681 2031 nostra

282 2070 368 2153 apud
390 2069 584 2154 Strigonium
607 2076 737 2134 centum
759 2090 880 2134 marcas
907 2070 1030 2152 argenti
1052 2069 1170 2133 eisdem
1194 2069 1456 2134 cisterciensibus
1485 2070 1681 2154 integraliter

280 2174 420 2258 persolvi
449 2174 610 2238 faciemus.
655 2173 717 2238 Sed
749 2179 919 2257 postquam
948 2173 1125 2257 praedictas
1162 2172 1310 2236 melesius
1342 2172 1441 2237 libere
1472 2174 1679 2258 possederint,

215 2281 247 2333 15
282 2296 342 2341 nos
363 2297 383 2340 a
404 2277 562 2341 solutione
585 2285 713 2341 centum
738 2296 915 2341 marcarum
937 2277 1056 2339 erimus
1078 2275 1226 2358 expediti.
1264 2275 1310 2340 Ut
1331 2276 1429 2359 igitur
1451 2277 1528 2340 haee
1550 2282 1679 2342 6661666

282 2381 495 2444 concessionis
529 2381 644 2464 pagina
664 2380 855 2443 inviolabilis
877 2381 911 2443 in
933 2386 1097 2464 posterum
1115 2385 1306 2462 perseveret,
1329 2398 1398 2443 eam
1428 2380 1563 2464 duplicis
1585 2380 1680 2463 sigilli

282 2485 383 2548 nostri
416 2484 591 2548 munimine
625 2484 758 2548 fecimus
788 2482 938 2546 roborari.
990 2482 1110 2547 Datum
1139 2482 1251 2547 Budas
1283 2502 1341 2566 per
1373 2503 1503 2547 manum
1537 2484 1680 2566 magistri

282 2584 432 2669 Stephani
454 2587 545 2651 aulae
567 2589 672 2671 regiae
694 2586 873 2650 cancellarii
896 2592 927 2649 et
957 2587 1129 2668 praepositi
1150 2585 1328 2649 Titulensis.
1373 2586 1583 2670 Strigcniensi
1604 2587 1679 2651 sede

283 2695 426 2772 vacante,
449 2690 623 2754 venerabili
638 2690 779 2773 Vgulino
803 2689 969 2753 colocensi
991 2689 1235 2773 archiepiscopo,
1249 2689 1492 2754 Bartholomaeo
1515 2690 1680 2773 Quinque·

213 2794 249 2848 20
282 2793 473 2875 ecclesiensi,
496 2794 648 2878 Gregorio
670 2794 856 2858 Jaurineasi
878 2794 1035 2876 episcopa,
1058 2792 1147 2856 Cleto
1162 2793 1319 2876 Agriensi,
1342 2793 1583 2858 Bartholomaeo
1600 2794 1680 2859 Ves-

281 2897 443 2979 primiensi
466 2899 614 2981 episcopo
637 2904 669 2962 61
690 2897 850 2981 postulato
870 2895 1088 2979 Strigoniensi,
1110 2895 1273 2978 Regnaldo
1289 2896 1506 2960 Vitrasiluano
1522 2897 1679 2980 episcopo,

282 2999 440 3083 Stephano
464 3000 682 3084 Zagrabiensi,
711 3001 837 3065 Basileo
860 2998 1062 3081 Oenadiensi,
1093 2998 1266 3063 Benedicta
1289 2999 1493 3082 Varadiensi,
1525 3000 1680 3084 episcopis

282 3103 429 3168 ecclesias
452 3103 504 3166 dei
525 3103 659 3168 feliciter
680 3102 941 3187 gubernantibus.
974 3102 1147 3166 Benedicto
1170 3104 1348 3186 praeposito
1369 3102 1512 3167 Budensi
1535 3103 1679 3168 6166166

281 3206 386 3289 regiae
408 3206 675 3288 vicecancellario,
697 3207 816 3271 Thoma
837 3208 1017 3291 praeposito
1041 3206 1141 3269 sancti
1163 3204 1326 3268 Laurentii
1348 3212 1381 3268 61
1403 3206 1517 3269 comite
1540 3206 1679 3290 capellae

213 3310 247 3364 25
283 3315 417 3373 nostrae.
462 3308 617 3391 Dionysio
647 3310 786 3394 palatino
809 3318 841 3375 et
871 3311 986 3374 comite
1009 3310 1048 3373 de
1070 3308 1191 3388 Zonnlr,
1218 3308 1344 3372 Joanne
1375 3308 1503 3372 domino
1534 3307 1679 3390 Syrmiae

282 3416 314 3474 et
343 3411 457 3475 comite
478 3411 662 3495 Baohiensi,
693 3414 824 3478 Andrea
850 3413 965 3477 comite
994 3410 1182 3475 Posoniensi
1212 3417 1245 3475 61
1273 3412 1378 3476 iudice
1407 3413 1514 3476 curiae
1541 3418 1678 3495 nostrae,

283 3513 448 3579 Dominico
479 3517 629 3599 magistro
653 3517 889 3580 tavernicorum
918 3522 951 3580 61
972 3517 1087 3580 comite
1114 3515 1309 3596 Bichorensi,
1338 3515 1497 3580 Matthaeo
1529 3516 1678 3599 magistro

282 3617 495 3700 dapiferorum
517 3624 549 3681 et
571 3621 685 3683 6616116
700 3619 830 3701 Nitriae,
853 3618 1008 3701 Dionysio
1030 3620 1180 3702 magistro
1199 3638 1373 3701 agasonum
1396 3625 1429 3683 61
1452 3619 1566 3684 6616116
1584 3620 1679 3683 Timi-

282 3722 386 3801 616661,
408 3720 579 3785 Laurentio
599 3723 748 3805 magistro
766 3724 991 3805 pincernarum
1013 3729 1045 3786 et
1067 3723 1180 3785 comite
1198 3741 1382 3805 agasonum,
1404 3723 1512 3787 Pousa
1532 3723 1678 3805 vaivoda,

215 3827 250 3881 ³0
284 3822 361 3887 Oslu
379 3823 460 3887 bano
477 3823 516 3887 de
531 3824 685 3905 Zeureno,
707 3824 887 3889 Demetrico
903 3827 1017 3889 comite
1032 3826 1213 3910 Budrugae,
1235 3826 1341 3890 Blasio
1364 3828 1479 3891 comite
1501 3826 1541 3891 de
1555 3825 1679 3907 Keune,

282 3926 382 3990 Paulo
411 3927 526 3990 comite
547 3927 690 4009 Albensi,
719 3928 877 3992 Balduino
908 3930 1022 3993 comite
1044 3928 1151 3993 Ferrei
1181 3930 1291 4010 castri,
1322 3928 1444 3993 chakiu
1473 3929 1589 3994 comite
1617 3928 1690 4021 Su-¹

281 4031 454 4114 prumensi,
483 4029 570 4093 Luca
599 4031 714 4095 comite
744 4031 942 4112 Musuneusi,
971 4031 1133 4096 Demetrio
1157 4031 1354 4113 cenadiensi,
1381 4031 1477 4097 Saulo
1500 4032 1678 4115 Orodiensi,

282 4142 314 4198 et
334 4135 448 4197 ceteris
479 4133 743 4217 quampluribus
773 4135 941 4199 comitatus
963 4135 1054 4217 regni
1076 4136 1177 4198 nostri
1205 4134 1395 4200 tenentibus.
1439 4137 1536 4200 Anno
1558 4137 1678 4219 gratiae

283 4236 447 4300 millesimo
477 4237 694 4301 ducentesimo
726 4238 983 4321 quadragesimo,
1011 4237 1086 4301 XII.
1109 4237 1269 4303 Kalendas
1290 4238 1427 4322 Aprilis,
1456 4239 1548 4322 regni
1569 4243 1678 4304 autem

214 4345 249 4398 36
282 4340 382 4404 nostri
403 4358 488 4403 anno
512 4341 633 4422 quinto.

947 4665 1007 4750 77.

361 4846 451 4935 Osca
476 4850 573 4917 1241
598 4847 791 4919 11166610.
833 4846 1012 4934 lllikoluua,
1049 4846 1176 4938 Propat
1210 4870 1275 4919 eoa
1303 4845 1588 4934 Hermoamtodt,
1624 4846 1678 4919 aa

289 4965 508 5038 Vizetoaaler
541 4968 579 5037 ia
606 4969 668 5039 der
702 4967 866 5039 ortanae
897 4967 956 5039 das
981 4967 1231 5058 11611196Βεί6
1258 4965 1328 5038 IV.
1349 4968 1421 5056 fio
1446 4966 1502 5038 die
1528 4966 1678 5039 Fooailie

282 5085 345 5157 set
444 5142 451 5157 .

214 5223 249 5278 40
343 5110 642 5300 011111661Β66166,
676 5208 912 5281 indominica
937 5206 1091 5301 1661666,
1127 5230 1219 5280 anuo
1244 5207 1379 5305 gratiae
1409 5205 1674 5280 MchXXXI

280 5334 446 5425 regnante
479 5327 612 5400 illustri
647 5351 726 5426 rege
752 5327 849 5422 Bela,
882 5351 943 5424 per
977 5351 1105 5401 manus
1137 5328 1299 5425 magistri
1326 5327 1462 5402 Nicolai
1489 5327 1677 5424 praepositi

280 5448 525 5544 chybinensis,
552 5448 654 5523 aulae
679 5449 795 5546 regiae
820 5447 1106 5522 vicecancellarii.
