4084 6302
891 643 1046 742 „m-

271 834 435 918 impendit
464 839 502 897 ut
529 833 632 917 ipsius
657 834 795 899 servitiis
815 833 963 899 fidelibus
986 835 1026 900 de
1055 835 1224 898 clementia
1250 833 1356 917 regiae
1385 834 1511 918 pietatis
1539 853 1673 899 munere

274 939 424 1002 donativo
449 958 662 1021 occurramus,
692 941 886 1023 propositam
909 958 1000 1002 suam
1022 940 1207 1023 petitionem
1233 938 1449 1002 favorabiliter
1471 938 1673 1002 admittentes

273 1044 440 1107 universas
463 1043 680 1125 possessiones
703 1048 735 1105 et
756 1043 1020 1125 possessionarias
1040 1042 1202 1126 portiones
1224 1042 1389 1105 memorati
1412 1042 1535 1105 comitis
1549 1040 1673 1105 Nicolai

270 1145 328 1209 filii
351 1146 509 1227 Corrardi‚
539 1147 572 1209 in
594 1145 762 1210 Huziuozo
785 1150 818 1209 et
839 1144 1000 1209 Mihezaza
1030 1146 1200 1209 nominatis
1226 1145 1318 1209 iuxta
1346 1144 1482 1208 flurium
1504 1145 1671 1209 Kekuilew

219 1257 235 1308 5
271 1251 422 1314 maiorem
452 1251 485 1312 iu
516 1250 668 1313 comitatu
699 1249 738 1312 de
761 1248 927 1311 Kehullew
958 1250 1027 1312 sitis
1050 1249 1217 1313 dumtaxat
1245 1250 1397 1332 exceptio,
1427 1249 1560 1313 ubilibet
1588 1250 1673 1312 iutra

271 1354 425 1418 terminos
454 1354 546 1437 regni
576 1354 676 1417 nostri
710 1353 884 1416 existentes
915 1353 1030 1434 quovis
1062 1353 1192 1418 nomine
1225 1354 1387 1436 vocitatas,
1415 1353 1494 1417 ‘cum
1524 1353 1672 1417 omnibus

272 1476 383 1521 earum
406 1455 598 1521 utilitatibus
612 1463 645 1520 et
659 1456 858 1540 pertinentiis
874 1457 1034 1520 universis
1049 1454 1197 1519 videlicet
1211 1475 1284 1521 cum
1301 1456 1437 1539 tributis
1460 1457 1545 1538 ioris,
1567 1456 1672 1519 muni-

271 1559 413 1624 tionibus
442 1559 621 1624 muralibus
651 1565 683 1623 et
705 1558 818 1642 ligneis
840 1580 877 1623 ac
904 1559 1073 1641 quibusvis
1094 1559 1309 1624 aedificiorum
1340 1560 1510 1644 generibus
1539 1560 1673 1625 ubilibet

271 1664 340 1728 sitis
364 1664 480 1746 quovis
502 1665 581 1728 iuris
597 1663 690 1727 titulo
713 1663 753 1725 ad
776 1663 914 1727 eundem
938 1662 1100 1745 quondam
1122 1664 1269 1727 comitem
1288 1662 1454 1726 Nicolaum
1477 1663 1672 1727 11Ιί1110001-

203 1776 236 1827 10
272 1767 355 1830 rardi
372 1773 404 1831 et
418 1786 495 1831 suos
509 1769 729 1851 progenitores
752 1767 827 1830 oiim
850 1772 1039 1851 spectantes,
1061 1766 1121 1830 sub
1144 1786 1276 1830 suarum
1295 1766 1499 1848 antiquarum
1514 1772 1670 1830 metarum

270 1871 418 1935 cursibus
440 1877 473 1936 et
487 1871 739 1953 limitationibus,
763 1877 859 1955 prout
880 1877 1083 1955 perveteres
1105 1889 1181 1933 suos
1202 1888 1402 1953 possessores
1417 1890 1581 1953 possessae
1603 1872 1671 1935 iore

270 1973 510 2059 dignoscuntur,
534 1975 766 2039 dictoThomae
789 1976 943 2039 vaivodae
965 1974 1052 2038 tideli
1074 1974 1220 2059 proximo
1243 1979 1353 2038 nostro
1375 1980 1408 2038 et
1429 1994 1487 2058 per
1508 1994 1583 2039 eum
1605 1976 1672 2039 suis

269 2079 440 2143 heredibus
462 2078 681 2159 heredumque
704 2098 837 2142 suorum
852 2079 1089 2143 successoribus
1106 2079 1176 2143 iure
1190 2085 1344 2162 perpetuo
1368 2083 1401 2142 01
1422 2078 1672 2143 irrevocabiliter

269 2182 338 2247 sine
368 2183 563 2267 praeiudicio
593 2182 673 2246 iuris
705 2182 800 2247 alieni
830 2183 983 2247 duximus
1008 2182 1218 2246 conferendas
1248 2189 1280 2246 et
1308 2182 1427 2266 pariter
1455 2182 1671 2266 possidendas.

201 2295 234 2347 15
269 2285 389 2350 Datum
411 2287 444 2350 in
466 2286 672 2370 Wyssegrad,
695 2286 853 2349 dominico
876 2286 927 2350 die
953 2287 1099 2369 proximo
1122 2292 1197 2349 ante
1219 2286 1335 2350 festum
1359 2287 1585 2369 assumptionis
1606 2287 1671 2349 vir·

270 2391 353 2473 ginis
375 2392 539 2473 gloriosae,
562 2410 647 2454 anno
671 2367 846 2454 dominini
869 2367 945 2453 ced
969 2388 1073 2454 Xffii.

923 2684 1015 2767 558.

344 2847 602 2941 [1110101340
629 2847 819 2921 November
844 2852 896 2919 11.
938 2848 1055 2939 Kbnip
1082 2848 1177 2921 Kcrl
1207 2848 1366 2941 bestdiipt
1392 2850 1463 2937 fair
1490 2849 1670 2938 Nitamur,

268 2963 462 3060 Hcaaiop’s
489 2967 592 3058 Sobn,
620 2970 676 3043 dic
710 2968 875 3042 Urbate
901 2970 960 3040 des
986 2966 1267 3062 Weissenbarpcr
1288 2969 1449 3062 Kapitels
1475 2993 1539 3043 coa
1564 2974 1672 3042 1330

201 3106 236 3160 20
272 3091 337 3162 Nr.
368 3094 455 3162 477
490 3092 553 3162 mii
587 3090 650 3163 aar
684 3088 849 3162 Urbwade
883 3091 942 3162 des
976 3088 1172 3164 Wciwodca
1200 3090 1349 3163 thomas
1377 3094 1574 3163 00111325
1602 3092 1669 3163 Nr.

269 3214 352 3283 432
378 3212 563 3301 bctrcffcad
583 3212 639 3283 dic
657 3212 905 3301 11001010ἰᾶ0119
927 3211 990 3281 ἄεν
1011 3209 1123 3283 110101
1139 3211 1322 3304 Henaiaps
1339 3235 1387 3284 aa
1404 3212 1522 3284 descen
1540 3212 1669 3285 maen.

332 3378 335 3387 ’
427 3374 503 3447 Orio.
517 3376 597 3447 Pero.
616 3375 719 3430 Archiv
736 3375 785 3429 ἄο1
798 3374 907 3441 tirason
923 3373 1012 3428 Telehi
1026 3391 1062 3428 ra
1074 3373 1326 3444 Maroaarcrbety.
1345 3374 1442 3445 Sirpcl,
1460 3376 1544 3443 raud,
1562 3376 1670 3431 10011001

378 3462 488 3531 0700110,
505 3479 566 3516 war
584 3462 641 3530 aas
654 3463 703 3517 der
721 3461 866 3517 Raickseitc
884 3462 1074 3532 auspedriickt.

424 3583 537 3638 Dmck:
555 3583 643 3651 Μὶν
664 3582 755 3638 (lodex
776 3582 988 3651 11111100.

198 3765 232 3835 25
423 3759 491 3823 Nos
501 3758 640 3823 Karalus
655 3759 706 3823 dei
721 3758 823 3842 gratia
837 3778 895 3823 rex
907 3758 1092 3841 Hungariae
1103 3764 1214 3824 tenore
1225 3761 1440 3846 praesentium
1456 3760 1670 3844 significamus

268 3864 387 3945 quibus
409 3864 539 3948 expedit
560 3863 721 3928 uniuersis
743 3864 914 3928 memoriae
936 3865 1203 3947 commendantes,
1232 3864 1318 3945 quod
1341 3883 1447 3928 comes
1469 3864 1609 3930 Alardus
1631 3866 1670 3930 de

267 3964 366 4030 Sebes
388 3967 428 4030 ad
443 3973 585 4031 nostram
601 3967 779 4031 accedendo
794 3968 1005 4049 praesentiam
1021 3969 1091 4031 vice
1106 3974 1137 4032 et
1158 3970 1286 4032 nomine
1301 3967 1422 4031 Nicolai
1439 3968 1497 4032 filii
1510 3968 1671 4053 Hennegii

268 4069 307 4134 de
337 4070 414 4134 villa
435 4070 522 4135 Petri
553 4071 658 4135 fratris
688 4072 739 4134 sni
760 4070 914 4155 patruelis
935 4072 1081 4136 exhibuit
1102 4072 1195 4135 nobis
1227 4078 1371 4155 patentes
1400 4072 1508 4136 literas
1538 4074 1667 4158 capituli

267 4174 418 4238 ecclesiae
439 4174 683 4239 Transsiluanae
713 4174 820 4238 literas
843 4174 1000 4259 magnifici
1024 4176 1086 4238 riri
1106 4176 1243 4239 Thomas
1273 4176 1429 4240 vaivodae
1450 4176 1668 4241 Transsiluani

198 4284 233 4338 30
268 4282 301 4340 et
322 4278 446 4342 coalitis
469 4278 508 4343 de
524 4278 636 4343 Zonuh
658 4277 922 4343 transscribentes
945 4279 1061 4355 hunc¹)
1091 4284 1235 4343 tenorem
1257 4280 1465 4344 continentes.
1495 4278 1600 4364 (Forat
1622 4280 1671 4345 die

275 4377 421 4445 Uricaade
443 4380 495 4445 das
517 4380 758 4466 Wciasenburpcr
773 4380 913 4466 Kapitcls
934 4404 991 4446 con
1012 4382 1099 4446 1330
1118 4381 1175 4448 Nr.
1201 4383 1248 4446 47
1252 4384 1273 4446 7
1294 4385 1349 4447 mit
1371 4383 1426 4447 der
1449 4380 1596 4448 1111111πᾶ1
1618 4384 1670 4448 das

274 4482 444 4549 Woiwodca
471 4483 602 4549 wama
623 4507 680 4549 oca
708 4486 796 4548 1325
818 4483 876 4550 Nr.
902 4485 994 4568 432.)
1027 4487 1094 4551 Nos
1124 4488 1231 4570 itaque
1261 4495 1388 4572 recepta
1418 4487 1536 4552 exinde
1558 4488 1670 4551 humili

267 4587 498 4672 supplicatione
517 4588 676 4674 magnifici
698 4590 759 4652 viri
780 4588 917 4654 Thomas
937 4592 1091 4656 vaivodae
1104 4591 1321 4655 Transsiluaai
1344 4592 1468 4656 comitis
1490 4591 1530 4655 de
1546 4591 1667 4675 Zonuh,

266 4692 405 4774 gerentis
421 4692 560 4757 officium
577 4694 747 4777 magisterii
764 4694 978 4758 taveraicatus
1000 4695 1101 4758 nostri
1115 4693 1218 4758 fidelis
1233 4696 1370 4779 proximi
1387 4696 1488 4759 nostri
1502 4694 1667 4760 literarum

199 4800 234 4854 35
269 4795 536 4879 praescriptarum
559 4797 784 4881 transsumptis
807 4797 980 4876 tenoribus,
1002 4798 1179 4882 praedictas
1195 4799 1422 4883 possessiones,
1445 4798 1547 4882 villas,
1570 4805 1669 4864 terras

268 4904 301 4962 et
323 4900 514 4982 generaliter
544 4900 696 4965 universa
717 4900 801 4965 bona
830 4900 960 4966 mobilia
982 4908 1014 4966 et
1043 4902 1217 4967 immobilia
1243 4903 1394 4987 praetacti
1416 4901 1599 4986 Hennengii
1629 4903 1668 4967 de

268 5002 346 5067 villa
366 5003 455 5067 Petri
485 5011 518 5069 et
547 5004 690 5068 eiusdem
720 5010 758 5068 ut
786 5006 1000 5089 praemittitur
1029 5006 1213 5071 demerente
1242 5005 1429 5071 infidelitate
1458 5008 1498 5071 ad
1528 5012 1670 5071 nostram

268 5113 346 5171 tunc
369 5107 521 5172 devoluta
550 5107 749 5173 collationem
775 5114 807 5171 01
828 5127 885 5192 per
907 5128 966 5173 nos
988 5110 1049 5193 ipsi
1070 5110 1207 5174 Thomas
1231 5109 1385 5174 vairodae
1408 5111 1525 5174 donata
1554 5130 1591 5174 ac
1612 5126 1670 5195 per

266 5211 405 5276 eundem
435 5211 586 5275 Thomam
617 5212 786 5276 vaivodam
816 5218 925 5276 nostro
956 5213 1189 5279 interveniente
1219 5233 1379 5278 consensu
1409 5214 1504 5278 etiam
1542 5214 1670 5280 licentia

195 5320 231 5376 40
266 5314 360 5379 modo
375 5321 615 5400 praeassumpto
625 5314 647 5394 a)
669 5316 838 5399 praetactis
854 5315 1014 5379 Salaraoni
1037 5322 1070 5381 et
1084 5316 1217 5382 Nicolao
1240 5314 1314 5381 filiis
1328 5317 1471 5382 eiusdem
1485 5317 1669 5403 Hennengii

423 5453 444 5519 ¹)
466 5452 602 5523 Vorlapc:
619 5452 679 5505 huc.

421 5539 443 5609 ¹)
461 5539 526 5595 Dar
542 5538 634 5593 meite
652 5554 671 5593 a
688 5537 726 5592 ist
742 5538 810 5593 0011
827 5538 876 5593 der
895 5538 971 5593 Zeila
988 5538 1197 5610 oocbpetrcpea.
