4084 6302
992 640 1147 737 —noe

520 826 1095 898 Dimmmoltctooalidoaplmdwipl.
1120 831 1189 883 asu
1213 827 1345 884 undmtt
1368 826 1459 882 diem
1481 826 1611 883 Urtaads
1636 827 1768 883 maa

469 914 699 985 Kloaaenbarper
716 914 793 969 aaa
811 917 888 982 1560,
909 913 986 984 Oriy.
1004 914 1077 983 Pap.
1100 913 1205 984 omar.
1223 913 1432 969 Landmordaa
1449 914 1602 983 Budupeet.

520 1035 633 1092 Druck:
651 1035 775 1092 Scballer
797 1035 918 1091 Umrim
936 1034 982 1104 11,
1000 1038 1060 1092 193.
1084 1035 1178 1090 Jakao
1199 1034 1457 1103 ΟΜΝΗ.

520 1212 797 1277 Excellentissimo
811 1211 947 1296 principi
969 1216 1002 1275 et
1024 1210 1153 1274 domino
1172 1210 1301 1274 domino
1317 1209 1431 1275 Oarolo
1454 1211 1505 1275 dei
1527 1211 1629 1294 gratia
1650 1210 1767 1275 illustri

366 1317 432 1399 regi
453 1315 648 1399 Hungan'ae,
671 1316 799 1379 domino
822 1334 934 1379 eorum
956 1314 1131 1398 capitulum
1152 1313 1303 1379 ecclesiae
1321 1313 1564 1380 Transsiluanae
1587 1315 1766 1379 emtionem
1801 1324 1820 1376 5

366 1419 514 1504 suffragia
535 1438 593 1504 pro
615 1419 717 1504 ipsius
733 1420 799 1482 vita
820 1420 939 1503 pariter
961 1424 994 1483 et
1008 1418 1111 1482 salute
1132 1436 1206 1480 eum
1227 1417 1380 1500 obsequio
1402 1424 1576 1503 perpetuae
1596 1417 1767 1483 fidelitatis

364 1524 500 1589 Noverit
520 1523 711 1588 excellentie
732 1527 847 1605 vestra,
877 1523 985 1586 literas
1015 1521 1187 1585 maiestatis
1209 1527 1334 1586 vestrae
1363 1542 1424 1587 nos
1453 1523 1610 1607 recepisse
1632 1523 1666 1586 in
1690 1523 1766 1587 haec

366 1627 471 1692 verba
500 1625 605 1710 (Fotyt
626 1626 675 1690 dic
704 1623 852 1691 Urkande
873 1625 924 1690 des
945 1623 1064 1709 Kdaips
1085 1622 1170 1689 Karl
1190 1625 1352 1689 ooa1341
1374 1624 1430 1690 Nr.
1457 1626 1551 1707 567.)
1578 1625 1646 1691 Nos
1668 1625 1768 1710 igitur

366 1732 524 1795 mandatis
546 1730 755 1795 excellentiae
777 1735 903 1794 vestrae
924 1735 962 1793 ut
983 1734 1130 1794 tenemur
1151 1729 1398 1811 acquiescentes,
1420 1750 1583 1794 unacum
1604 1730 1766 1815 praedicto

367 1835 462 1900 Petro
485 1835 570 1899 dicto
585 1833 700 1899 Henhe
722 1834 849 1898 homine
872 1839 979 1897 vestro
998 1833 1170 1896 discretum
1192 1834 1297 1896 virum
1313 1833 1511 1897 Conrardum
1534 1833 1706 1919 plebanum
1728 1835 1767 1900 de
1804 1842 1840 1894 ιο

366 1939 469 2003 senes
483 1938 641 2002 Saxonica
662 1938 821 2002 hominem
845 1945 991 2001 nostrum
1014 1937 1054 2000 ad
1076 1937 1249 2020 praemissa
1271 1938 1419 2001 mandata
1441 1944 1548 2002 vestra
1562 1939 1770 2021 exsequenda

367 2061 424 2126 pro
447 2043 628 2106 testimonio
651 2042 721 2106 vice
743 2047 854 2106 nostra
876 2041 1028 2104 duximus
1051 2040 1284 2124 destinandum,
1315 2042 1371 2124 qui
1394 2042 1523 2124 quidem
1545 2043 1639 2106 homo
1663 2048 1770 2108 vester

368 2152 401 2212 et
422 2151 532 2211 noster
554 2146 683 2210 demum
713 2145 754 2209 ad
775 2164 835 2209 nos
857 2145 976 2210 reversi
1003 2145 1203 2209 concorditer
1228 2146 1320 2209 nobis
1350 2146 1531 2211 retulerunt
1560 2166 1617 2231 per
1638 2166 1698 2211 nos
1719 2165 1769 2210 re-

347 2250 486 2334 quisiti,
517 2250 604 2333 quod
626 2249 686 2333 ipsi
715 2249 795 2313 teria
816 2250 958 2313 secunda
982 2248 1129 2333 proxima
1150 2254 1224 2313 ante
1253 2250 1369 2314 testum
1393 2252 1587 2316 ascensionis
1617 2249 1768 2329 dominil

367 2354 570 2419 inOlwswar
591 2354 679 2419 etin
701 2353 841 2418 medium
864 2353 1089 2417 universorum
1115 2353 1276 2437 hospitum
1298 2373 1356 2419 seu
1378 2355 1497 2419 civinm
1520 2356 1560 2419 de
1583 2355 1693 2419 eadem
1715 2375 1767 2419 ac·
1805 2362 1840 2414 15

367 2458 538 2523 eeadssent
566 2455 676 2539 ibique
705 2457 790 2522 idem
819 2456 935 2522 Petrus
968 2458 1062 2522 homo
1092 2462 1199 2522 vester
1230 2458 1265 2522 in
1294 2459 1473 2542 praesentia
1502 2458 1639 2523 hominis
1668 2459 1770 2523 nostri

368 2563 496 2628 eosdem
511 2562 598 2627 cives
613 2562 652 2626 de
667 2561 812 2626 libertate
831 2561 1021 2646 populorum
1038 2580 1096 2626 seu
1107 2560 1202 2625 villae
1216 2561 1256 2625 de
1271 2560 1589 2627 Kolwsmonwstwra
1602 2561 1770 2647 diligenter

368 2666 602 2750 interrogasset
626 2663 687 2742 Qui
711 2665 840 2747 quidem
862 2666 950 2730 cives
964 2665 1165 2730 concorditer
1183 2665 1431 2749 respondissent
1454 2665 1638 2750 quodlicet
1659 2668 1770 2732 eadem

368 2769 446 2834 villa
473 2768 791 2834 Kolwsmonwstwra
821 2761 928 2852 quoad
961 2769 1165 2834 suasorem
1197 2773 1230 2832 et
1262 2768 1481 2834 fundationem
1511 2770 1674 2856 antiquior
1700 2771 1769 2856 ipso

368 2873 542 2940 Oolwswar
562 2873 631 2938 iore
646 2873 859 2958 dignoscetis,
881 2877 989 2937 tamen
1011 2878 1187 2958 atempore
1201 2873 1398 2938 fundationis
1413 2873 1594 2959 Oolwswar,
1616 2880 1714 2960 prout
1728 2874 1768 2939 ab
1804 2881 1842 2935 20

370 2978 605 3062 antiquioribus
627 2983 660 3042 et
681 2977 937 3062 progenitoribus
956 2995 1066 3041 eorum
1083 2976 1268 3041 didicissent
1290 2982 1323 3041 et
1337 2977 1506 3043 scivissent
1528 2984 1561 3043 et
1574 2977 1770 3063 temporibus

370 3102 480 3150 eorum
503 3101 608 3165 usque
630 3082 725 3146 modo
748 3082 817 3146 sine
831 3080 1066 3146 intermissione
1089 3086 1251 3145 servatum
1270 3081 1392 3164 inisset,
1416 3084 1502 3165 quod
1525 3102 1636 3148 omnes
1658 3102 1770 3148 causas

370 3206 517 3269 emersas,
548 3190 746 3270 emergentes
775 3186 859 3249 inira
887 3191 989 3249 metas
1011 3190 1044 3249 et
1072 3185 1225 3249 terminos
1247 3185 1398 3251 ecclesiae
1428 3185 1538 3252 beatae
1567 3187 1701 3270 virginis
1731 3186 1771 3251 de

371 3290 656 3357 Golosmonustura
670 3288 814 3354 officialis
836 3289 905 3354 sire
922 3290 1021 3354 iudex
1036 3289 1156 3353 domini
1173 3287 1296 3353 abbatis
1312 3289 1492 3373 iudicasset,
1514 3296 1548 3354 et
1562 3291 1650 3374 quod
1671 3289 1771 3355 iudex

370 3394 575 3480 provincialis
596 3393 676 3458 nihil
691 3394 731 3458 de
752 3393 880 3478 populis
894 3393 1044 3458 eeclesiae
1066 3392 1177 3458 beatae
1196 3394 1329 3476 virginis
1349 3393 1490 3459 iudicare
1504 3394 1675 3477 habuisset,
1696 3414 1771 3459 enm
1806 3399 1841 3456 25

371 3498 432 3583 ipsi
454 3497 564 3583 populi
587 3498 738 3562 ecclesiae
757 3497 893 3562 similem
914 3496 1091 3562 libertatem
1106 3517 1180 3561 cum
1199 3496 1376 3581 hospitibus
1398 3499 1439 3563 de
1454 3498 1625 3564 Oolwawar
1647 3517 1773 3583 semper

371 3600 566 3684 habuissent
596 3607 693 3685 prout
713 3601 791 3665 haec
813 3601 920 3665 omnia
948 3602 1033 3666 idem
1055 3601 1171 3666 Petrus
1193 3601 1297 3666 dictus
1318 3600 1433 3668 Henhe
1459 3603 1553 3668 homo
1575 3608 1682 3668 vester
1709 3602 1771 3669 sub

372 3705 553 3769 testimonio
582 3704 735 3789 praedicti
765 3704 919 3769 Conrardi
944 3703 1072 3788 plebani
1105 3705 1241 3769 hominis
1275 3706 1376 3769 nostri
1405 3706 1515 3772 retulit
1543 3726 1649 3771 coram
1679 3706 1772 3770 nobis

373 3807 448 3870 viva
462 3827 541 3872 voce
556 3814 589 3872 et
603 3827 762 3893 expressa
785 3806 904 3873 Datum
919 3808 998 3872 feria
1019 3808 1160 3872 secunda
1174 3810 1322 3893 proxima
1342 3815 1415 3894 post
1437 3811 1554 3874 testum
1575 3810 1772 3875 ascensionis

373 3910 503 3994 domini,
525 3931 610 3975 anno
632 3912 776 3978 eiusdem
797 3912 964 3976 millesimo
987 3912 1210 3977 trecentesimo
1234 3912 1476 3996 quadragesimo
1499 3913 1649 3978 secundo.
1807 3919 1842 3973 ³0

528 4084 550 4153 ¹)
567 4082 633 4137 Mai
648 4086 675 4138 6.
