4048 6284
1040 590 1081 653 50

1025 795 1092 878 58.

438 923 528 1027 &aa
552 955 602 1025 im
618 954 777 1029 Lateroa
801 960 900 1029 1231
927 957 1085 1030 Femur
1107 961 1173 1031 26.
1200 957 1310 1050 Popat
1341 958 1475 1051 (ἔνεμον
1499 960 1571 1032 IX
1599 961 1756 1053 beotdtigt

360 1075 436 1148 dem
453 1074 667 1165 Erabrbobof
684 1100 749 1151 oea
771 1076 872 1150 &aa
889 1078 953 1151 dae
969 1079 1253 1170 ffldammsccbt
1274 1080 1348 1152 aad
1364 1081 1428 1152 dos
1446 1080 1621 1170 gcbtlicbe
1637 1081 1755 1153 Jaria·

360 1195 602 1269 dhmameobt
624 1197 816 1288 peecadbcr
840 1199 907 1270 dea
924 1197 1159 1287 Hosbeamtca
1183 1199 1258 1271 aad
1283 1199 1441 1292 bcatdtipt
1467 1202 1522 1273 dic
1539 1201 1755 1293 Μολίνης

359 1315 422 1389 der
439 1316 560 1405 stoica
584 1315 900 1391 Hermaomstddter
925 1318 1093 1410 Propatet‘.
1788 1341 1804 1393 5

514 1479 639 1551 Repete
662 1481 869 1536 verbenacae
886 1482 996 1537 Aratea

513 1601 625 1656 naa.-
650 1602 736 1671 rije
762 1602 852 1658 cora
870 1602 933 1670 111,
956 1606 982 1670 a,
1003 1606 1064 1656 aaa.
1097 1601 1210 1657 reaia
1233 1621 1260 1656 a.
1280 1602 1441 1658 saraam
1464 1603 1536 1659 sse,
1559 1604 1641 1660 orae.
1660 1607 1687 1674 r,
1710 1611 1753 1661 aa.

465 1686 581 1741 raam
598 1686 677 1742 noa.
696 1686 791 1758 nasa.
809 1689 835 1755 1,
853 1693 896 1744 oa

514 1807 624 1878 aym.-
642 1808 769 1863 roaaaa
787 1808 904 1879 meaa
921 1809 976 1864 re.
987 1812 1065 1865 area.

513 1983 686 2068 Gregorius
708 1985 876 2069 episcopus
898 2035 996 2049 .....
1019 1985 1192 2050 venerabili
1208 1986 1297 2049 tratri
1319 1986 1384 2065 ..¹)
1408 1985 1617 2070 strigoniensi
1632 1986 1751 2050 archie-
1787 1994 1821 2048 10

357 2087 485 2171 piscopo
518 2087 664 2167 salutem*
678 2137 805 2152 .....
834 2088 919 2153 Tuae
952 2088 1130 2155 devotionis
1163 2090 1298 2171 fervore,
1332 2109 1428 2172 quarn
1461 2091 1545 2153 circa
1575 2088 1752 2153 Romanam

356 2191 521 2255 ecclesiam
550 2197 583 2255 et
613 2211 672 2255 nos
694 2191 871 2276 specialiter
900 2191 1006 2274 habes,
1036 2192 1131 2256 certis
1152 2211 1260 2256 rerum
1281 2192 1407 2256 indiciis
1429 2198 1665 2276 cognoscentes,
1687 2194 1752 2256 tuis

356 2292 519 2357 desideriis
541 2293 694 2357 duximus
716 2300 749 2358 et
767 2295 974 2378 petitionibus
996 2296 1212 2376 annuendum,
1234 2302 1267 2359 et
1289 2302 1353 2359 tam
1375 2297 1409 2359 in
1432 2296 1637 2360 coronatione
1659 2297 1750 2379 regis,

354 2396 447 2460 iuxta
477 2395 563 2478 quod
596 2397 629 2459 in
659 2398 792 2481 registro
826 2399 928 2462 bonae
961 2399 1131 2462 memoriae
1160 2398 1332 2462 Clementis
1365 2399 1617 2482 praedecessoris
1650 2400 1751 2464 nostri

353 2499 493 2564 habetur
514 2501 710 2584 inscriptum,
733 2501 789 2564 tibi
811 2501 1013 2585 privilegium
1034 2501 1268 2581 confirmamus,
1288 2521 1384 2583 quam
1399 2503 1495 2566 etiam
1509 2504 1614 2586 regiae
1636 2503 1750 2566 domus
1786 2512 1818 2563 15

354 2601 536 2668 officialium
556 2604 752 2688 praepositos
767 2604 896 2668 vinculo
920 2605 1126 2668 anathematis
1141 2604 1290 2687 alligandi
1311 2610 1343 2668 et
1364 2605 1398 2667 in
1413 2605 1518 2668 causis
1532 2604 1750 2690 spiritualibus

353 2707 514 2771 iudicandi
544 2707 669 2791 plenam
699 2711 732 2770 et
760 2707 912 2771 illibatam
940 2716 1027 2771 tuam
1049 2708 1278 2772 fraternitatem
1300 2707 1415 2772 habere
1438 2708 1639 2773 decernimus
1659 2714 1749 2792 pote-

354 2815 476 2875 statem.
520 2810 571 2875 lta
592 2810 750 2892 siquidem
780 2817 818 2874 ut
847 2810 957 2874 nullus
981 2811 1131 2894 Ungarici
1152 2812 1243 2894 regni
1263 2812 1486 2894 praelatorum,
1508 2812 1571 2875 nisi
1593 2817 1629 2876 tu
1652 2811 1749 2892 solus,

353 2914 436 2977 sicut
456 2914 552 2977 etiam
573 2914 606 2976 in
629 2914 717 2997 regia
738 2915 942 2979 concessione
971 2915 1115 2995 habetur,
1146 2913 1255 2978 beatae
1277 2915 1447 2979 memoriae
1469 2914 1748 2998 praedecessorum

352 3022 535 3081 nostrorum
557 3016 734 3082 Alexandri
764 3019 952 3082 auctoritate
981 3024 1014 3081 et
1036 3017 1186 3082 Celestini
1207 3037 1244 3080 ac
1266 3022 1375 3081 nostr'a
1403 3024 1477 3082 tuae
1499 3017 1650 3081 ecclesiae
1672 3036 1747 3080 con·
1782 3024 1818 3078 20

350 3119 483 3203 firmata
512 3121 545 3184 id
573 3123 830 3205 praesumptione
853 3120 994 3204 qnalibet
1023 3122 1139 3184 audeat
1167 3126 1330 3185 attentare.
1376 3121 1456 3185 (lum
1487 3128 1593 3186 autem
1616 3120 1749 3184 ecclesia

349 3223 617 3288 Theutonicorum
647 3224 937 3288 Ultrasilvanorum
966 3225 999 3286 in
1029 3224 1281 3307 praeposituram
1311 3225 1352 3288 sit
1381 3224 1513 3288 liberam
1542 3224 1689 3288 instituta
1715 3231 1748 3287 et

351 3327 478 3408 eisdem
503 3327 621 3409 quibus
643 3334 675 3391 et
693 3327 772 3392 aliae
787 3328 1024 3412 praepositurae
1039 3332 1214 3409 exemptae,
1230 3325 1384 3389 libertatis
1400 3327 1579 3411 insignibus
1594 3328 1746 3409 numia,

352 3437 385 3494 et
406 3450 476 3496 earn
491 3431 673 3495 authentico
688 3431 805 3514 scripto
821 3430 1008 3494 recolendae
1023 3429 1193 3493 memoriae
1207 3428 1287 3492 Bela
1307 3448 1367 3492 rer
1381 3430 1566 3513 Hungariae
1589 3432 1747 3495 studuerit

349 3535 561 3615 communire,
596 3553 692 3615 quam
725 3535 820 3597 etiam
854 3533 954 3597 felicis
987 3533 1158 3596 memoriae
1192 3531 1364 3614 Gregorius
1401 3538 1528 3597 sanctae
1561 3533 1678 3596 Mariae
1711 3534 1745 3595 in
1781 3538 1815 3591 25

349 3635 480 3699 Porticu
510 3636 664 3700 diaconus
693 3636 871 3717 cardinalis,
904 3643 982 3700 tunc
1014 3636 1048 3698 in
1077 3634 1222 3718 partibus
1251 3633 1411 3718 Ungariae
1441 3636 1632 3720 apostolicae
1662 3636 1746 3700 sedis

347 3737 471 3822 legatus
492 3738 650 3823 privilegii
672 3740 722 3805 sui
744 3740 920 3803 munimine
936 3739 1098 3803 roboravit
1119 3748 1152 3802 et
1166 3737 1339 3822 apostolica
1352 3740 1556 3822 postmodum
1571 3740 1744 3805 auctoritas

347 3842 557 3924 confirmavit
579 3843 713 3907 eandem
734 3844 967 3908 institutionem
982 3849 1083 3906 ratam
1099 3841 1260 3924 habentes,
1278 3843 1488 3926 praecipimus
1504 3845 1606 3908 nostri
1619 3843 1745 3927 registri

347 3946 429 4011 serie
459 3947 625 4029 contineri,
657 3947 790 4030 perenni
823 3946 976 4010 memoria
1008 3947 1207 4009 dirraturum.
1244 3945 1333 4009 Nulli
1367 3964 1441 4028 ergo
1466 3994 1594 4009 .....
1616 3952 1743 4010 nostrae

346 4048 596 4114 confirmationis
629 4057 662 4114 et
694 4049 930 4114 constitutionis
962 4049 1135 4131 intringere
1158 4098 1286 4111 .....
1316 4046 1351 4112 Si
1384 4049 1456 4129 quis
1485 4053 1592 4111 autem
1615 4097 1742 4110 .....
1779 4053 1814 4108 30

345 4150 465 4217 Datum
487 4150 643 4235 laterani,
665 4152 738 4217 ΠΗ
760 4151 921 4217 Kalendas
942 4150 1058 4234 Martii,
1080 4150 1284 4236 pontificatus
1306 4151 1408 4215 nostri
1430 4170 1514 4214 anno
1538 4157 1660 4233 quarto.

1011 4443 1077 4531 59.

420 4628 511 4701 Rom
546 4631 596 4701 im
621 4629 779 4703 Laterm
813 4627 1135 4721 1231Apatt26.
1172 4627 1282 4719 Papo
1317 4625 1452 4718 (ἔναρον
1477 4624 1548 4697 ΙΧ.
1585 4626 1744 4697 emebat

341 4747 442 4838 Belo,
468 4748 630 4823 Andreae
647 4751 702 4824 II.
720 4751 823 4838 Sota,
851 4752 918 4823 dea
943 4749 1125 4823 amota
1147 4747 1264 4820 Ordca
1288 4749 1327 4819 ia
1343 4749 1460 4820 acinon
1476 4746 1595 4817 Bcaits
1615 4745 1742 4817 toieder

341 4869 578 4958 claaufbbrcn.
1774 4878 1809 4933 35

309 5106 313 5111 Δ
498 5031 1062 5103 OrtaPeroStaaaarcaivKoetproap.
1080 5032 1144 5087 Dos
1157 5030 1367 5101 Sicgdwaroa
1379 5029 1564 5097 Haafacbaar
1577 5027 1740 5098 oayabdngt.

443 5118 508 5173 Das
520 5119 684 5189 Pergameni
701 5120 763 5174 aebr
780 5119 935 5188 acbodltaft.
960 5120 1017 5174 Die
1028 5119 1280 5189 &manummerias
1294 5115 1395 5171 sutas
1411 5116 1476 5169 aiud
1493 5119 1606 5184 erodm
1618 5129 1671 5167 aaa
1681 5113 1742 5166 dem

446 5203 607 5274 meeum
618 5206 668 5261 der
681 5204 950 5276 mammaeae
961 5206 996 5259 n.
1009 5209 1044 5261 ra
1054 5205 1103 5272 sor.
1119 5202 1263 5259 cxxxv
1279 5218 1332 5256 aas
1343 5201 1403 5254 aa
1415 5201 1532 5269 nasone
1543 5200 1590 5254 aa
1602 5201 1644 5254 15.
1655 5197 1740 5253 aaar-

441 5289 574 5346 taam
590 5289 630 5344 iat
647 5289 840 5347 &adamabit
857 5290 1039 5362 Koaigaberg.

497 5445 519 5516 ¹)
536 5443 681 5503 Menan.
1773 5435 1810 5492 40
