4088 6292
908 614 1063 710 -2—13—

287 803 453 885 prietatem
485 807 627 866 nostram
656 803 905 868 devolverentur
935 806 1004 887 ipso
1026 805 1118 868 iacto.
1152 804 1186 867 Si
1217 823 1292 868 vero
1319 806 1496 888 praedictos
1527 804 1629 868 lilium
1661 809 1693 868 et

287 906 383 969 filiam
414 926 488 969 oum
519 910 586 970 tota
613 909 798 990 posteritate
828 908 1002 972 eorundem
1033 910 1136 972 adhuc
1165 909 1234 992 ipsa
1261 911 1390 972 vivente
1421 910 1527 973 debita
1557 915 1690 972 naturae

288 1010 412 1074 solvere
443 1011 641 1094 contingeret
672 1016 704 1075 et
734 1011 894 1095 praedicta
923 1012 1052 1075 domina
1077 1012 1248 1093 Elysabeth
1280 1014 1509 1097 superviveret,
1540 1032 1582 1076 ex
1614 1017 1692 1075 tunc

287 1115 444 1198 praefatas
466 1115 683 1198 possessiones
701 1115 821 1178 Warda
843 1121 875 1179 et
891 1115 1116 1180 Damasaleldu
1139 1136 1211 1179 cum
1235 1117 1384 1180 omnibus
1407 1117 1598 1180 utilitatibus
1620 1137 1692 1200 per-

236 1224 253 1277 5
288 1220 431 1283 tinentiis
453 1224 486 1282 et
508 1219 692 1283 adiacentiis
714 1219 843 1303 pacifice
858 1226 890 1284 et
913 1221 1020 1303 quiete
1036 1220 1157 1302 absque
1179 1221 1319 1284 humano
1343 1221 1568 1304 impedimento
1592 1220 1691 1284 libare

287 1322 470 1406 possidebit,
487 1321 668 1386 relicturam
684 1343 721 1386 ac
733 1322 931 1405 donaturam,
946 1325 1043 1387 immo
1059 1325 1263 1389 donationem
1279 1344 1320 1388 ex
1337 1344 1423 1388 nuno
1437 1324 1552 1388 iactam
1566 1321 1691 1388 effectui

288 1428 549 1510 mancipaturam.
591 1425 624 1490 Si
654 1433 761 1490 autem
794 1428 864 1511 ipsa
893 1428 1021 1491 domina
1050 1428 1212 1492 Elisabeth
1243 1430 1398 1492 instinctu
1432 1428 1562 1512 spiritus
1591 1429 1692 1490 sancti

289 1530 390 1595 dictas
420 1531 637 1615 possessiones
668 1531 743 1594 viva
765 1552 844 1595 voce
866 1537 899 1595 et
920 1532 1100 1597 voluntarie
1123 1533 1284 1615 resignare
1315 1532 1453 1595 voluerit
1483 1537 1515 1595 et
1544 1532 1692 1595 recedere

288 1634 328 1698 ab
359 1635 480 1699 eisdem
508 1634 772 1718 possessionibus,
804 1655 845 1699 ex
873 1641 951 1699 tunc
979 1654 1038 1699 nos
1070 1635 1302 1718 quinquaginta
1330 1657 1454 1700 marcas
1483 1635 1539 1699 lini
1570 1636 1692 1718 argenti

220 1743 255 1798 10
288 1738 392 1802 eidem
406 1738 554 1802 dominae
569 1738 662 1822 plene
685 1744 716 1802 et
738 1739 861 1822 integre
883 1739 959 1803 dare
981 1739 1135 1804 debemus
1158 1746 1190 1803 61
1212 1746 1359 1804 tenemur
1380 1759 1438 1824 pro
1453 1740 1618 1803 voluntate
1634 1759 1693 1803 sua

289 1841 523 1907 distribuendas
552 1842 605 1906 vel
627 1842 796 1925 habendas,
826 1849 921 1907 ctne
943 1843 977 1905 16
999 1843 1059 1907 hoc
1082 1862 1158 1906 casu
1190 1849 1265 1907 voto
1288 1864 1347 1908 suo
1371 1864 1413 1908 ex
1436 1863 1523 1907 nunc
1545 1843 1691 1907 ordinato

289 1951 322 2010 et
343 1945 548 2011 sollennisato
573 1946 692 2010 malitia
713 1947 879 2010 hominum
901 1949 1003 2031 possit
1023 1948 1227 2029 aliquatenus
1250 1948 1388 2029 obviare,
1415 1968 1490 2012 oum
1512 1968 1606 2012 casus
1627 1948 1692 2011 lor·

289 2051 363 2114 tuiti
384 2055 417 2115 et
438 2050 649 2134 inopinabiles
665 2050 849 2115 nullatenus
870 2052 1048 2135 praevideri
1070 2054 1202 2135 possint,
1225 2052 1251 2115 si
1272 2053 1372 2136 ipsam
1395 2058 1496 2116 morte
1518 2053 1692 2136 improvisa

289 2154 424 2218 mansue
454 2174 496 2219 ex
520 2155 580 2218 hoo
601 2155 728 2219 saeculo
752 2157 958 2239 contingeret,
989 2156 1090 2220 dictas
1120 2157 1337 2240 possessiones
1359 2157 1393 2219 in
1415 2158 1466 2220 ius
1489 2163 1521 2221 et
1551 2158 1692 2241 proprie·

221 2264 254 2317 15
290 2264 385 2323 tatem
403 2259 470 2323 sive
486 2259 662 2323 dominium
685 2265 830 2323 nostrum
853 2280 895 2324 ex
918 2279 1004 2324 nnnc
1022 2261 1094 2324 vult
1115 2260 1289 2342 transferri,
1312 2260 1561 2324 contradictione
1584 2262 1692 2324 cuius-

288 2361 367 2427 libet
380 2382 447 2426 non
470 2363 624 2427 obstante.
647 2363 718 2427 Hoc
740 2364 872 2447 adiecto,
896 2364 981 2446 quod
1005 2384 1065 2428 nos
1083 2384 1180 2449 supra
1198 2364 1298 2427 dictas
1321 2364 1555 2447 quinquaginta
1569 2384 1692 2428 marcas

288 2465 345 2529 fini
374 2468 497 2550 argenti
526 2486 584 2550 pro
614 2467 754 2531 remedio
777 2469 901 2533 animae
927 2469 1051 2532 comitis
1071 2467 1232 2532 Hcrbordi
1258 2468 1361 2532 bonae
1388 2469 1558 2532 memoriae
1588 2469 1693 2531 manti

289 2570 339 2633 sui
369 2574 402 2634 et
423 2589 500 2635 suae
530 2590 655 2635 necnon
686 2577 719 2635 et
739 2571 879 2635 filiorum
908 2592 945 2636 ao
966 2571 1050 2636 filiae
1077 2592 1135 2636 seu
1157 2572 1256 2635 totius
1278 2572 1472 2655 posteritatis
1502 2572 1693 2636 distribuere

290 2674 470 2739 tenebimur
497 2675 592 2738 modo
622 2675 707 2739 intra
736 2677 862 2760 scripto.
896 2675 1015 2741 Decem
1037 2676 1186 2740 videlicet
1215 2695 1337 2739 marcas
1366 2675 1511 2739 dabimus
1542 2675 1693 2739 matribus

220 2783 257 2838 20
290 2777 566 2843 Praedicatoribus
595 2779 635 2843 de
657 2780 751 2844 domo
774 2780 908 2844 Albensi
930 2781 971 2844 ad
993 2800 1074 2864 opus
1104 2780 1254 2844 ecclesiae
1277 2780 1388 2844 beatae
1409 2778 1551 2864 virginis,
1583 2780 1692 2844 decem

289 2882 442 2947 manibus
463 2883 678 2948 Heremitanis
709 2885 810 2948 sancti
840 2884 1014 2968 Augustini
1044 2883 1084 2947 de
1114 2889 1277 2948 conventu
1299 2884 1431 2948 Albensi
1461 2885 1502 2947 ad
1532 2904 1613 2968 opus
1642 2904 1693 2948 ec·

289 2985 404 3051 clasiae
434 2988 535 3052 sancti
564 2987 714 3072 Stephani
744 2988 997 3071 protomartyris,
1028 2989 1172 3070 quinque
1200 3007 1323 3051 marcas
1352 2988 1503 3052 fratribus
1526 2988 1693 3052 Praedica-

290 3090 415 3154 toribus
430 3091 469 3155 de
485 3091 620 3172 Cybinio
643 3092 683 3155 ad
699 3112 780 3176 opus
794 3092 945 3156 ecclesiae
960 3097 1089 3156 sanotae
1108 3093 1220 3173 crucis,
1244 3092 1388 3173 qumque
1403 3111 1525 3155 marcas
1540 3091 1694 3156 fratribus

289 3193 468 3258 Minoribus
498 3195 537 3259 de
560 3196 672 3259 eodem
694 3196 734 3259 ad
757 3215 838 3279 opus
864 3196 1015 3260 ecclesiae
1045 3200 1173 3259 sanctae
1195 3195 1379 3279 Elysabeth,
1409 3196 1519 3259 decem
1542 3195 1693 3259 iratribus

220 3302 255 3358 25
290 3297 567 3362 Praedicatoribus
596 3300 629 3361 in
652 3299 757 3363 Vinoh
780 3301 1001 3378 existentibus
1033 3301 1116 3363 siin
1139 3305 1334 3363 conventum
1366 3320 1470 3382 usque
1493 3301 1532 3363 ad
1555 3301 1693 3384 comple-

290 3403 408 3466 tionem
438 3402 656 3467 conditionum
687 3423 784 3488 supra
813 3404 970 3468 dictarum
993 3404 1089 3468 luerit
1113 3410 1239 3468 erectus
1261 3404 1345 3468 idem
1375 3404 1474 3482 locus,
1505 3405 1554 3468 sin
1585 3411 1692 3469 autem

292 3506 436 3588 quinque
458 3527 580 3570 marcas
602 3507 755 3571 iratribus
776 3507 841 3571 illio
863 3507 1077 3572 residentibus
1096 3514 1129 3572 ct
1151 3509 1295 3591 quinque
1317 3508 1469 3571 iratribus
1492 3508 1531 3572 de
1555 3508 1694 3573 Candela

290 3630 327 3674 66
348 3611 459 3675 decem
480 3611 632 3675 iratribus
654 3611 929 3676 Praedicatoribus
952 3613 991 3676 de
1014 3610 1183 3695 Segusvvar
1209 3618 1241 3676 et
1263 3613 1308 3676 sic
1331 3612 1576 3695 complebuntur
1598 3613 1692 3694 quin-

292 3715 444 3797 quaginta
464 3734 589 3780 marcao
611 3716 759 3799 superius
780 3717 970 3796 nominatae,
997 3735 1057 3779 neo
1079 3717 1169 3799 prius
1192 3716 1279 3780 adire
1301 3717 1454 3780 debemus
1476 3717 1693 3800 possessiones

222 3823 257 3878 30
290 3825 490 3901 memoratos,
513 3820 574 3883 nisi
595 3820 686 3904 prius
709 3821 943 3903 qninquaginta
971 3839 1096 3883 marcae
1119 3840 1213 3904 saepe
1236 3821 1338 3884 dictae
1361 3821 1538 3884 secundum
1560 3819 1690 3883 modurn

290 3927 513 4007 praenotatum
529 3925 622 4009 plene
637 3929 670 3989 et
684 3925 807 4008 integre
829 3925 949 3988 luerint
969 3924 1158 4008 persolutae.
1181 3924 1331 3988 Ceterum
1346 3930 1444 3987 totam
1460 3924 1693 3987 ordinationem

290 4026 406 4091 iactam
428 4027 468 4092 16
490 4027 589 4092 verbo
612 4029 653 4091 61
674 4028 810 4092 verbnm
825 4047 884 4091 nos
906 4027 995 4091 nullo
1012 4028 1051 4092 de
1073 4027 1166 4091 nobis
1182 4027 1418 4092 contradicente
1439 4027 1595 4092 benevole
1618 4046 1692 4090 cum

291 4132 464 4214 gratimm
486 4133 610 4197 actione
632 4138 794 4215 gratanter
809 4133 962 4196 duximus
981 4133 1214 4216 acceptandam.
1237 4131 1276 4195 In
1291 4132 1384 4195 cuius
1406 4132 1452 4194 rei
1474 4137 1581 4214 gestae
1604 4131 1692 4193 testi-

290 4236 434 4301 monium
464 4242 647 4318 praesentes
676 4237 892 4301 concessimus
920 4237 1028 4309 literas
1057 4236 1234 4299 munimine
1264 4236 1365 4298 nostri
1394 4234 1487 4317 sigilli
1518 4233 1691 4298 roboratas.

222 4345 257 4400 35
292 4337 411 4403 Datum
439 4340 473 4403 in
507 4340 587 4404 festo
622 4339 731 4404 beatae
760 4340 956 4423 Margaretae
986 4341 1128 4423 virginis,
1161 4359 1245 4403 anno
1280 4339 1399 4403 domini
1433 4338 1599 4402 millesimo
1630 4343 1693 4401 tre·

292 4445 472 4508 6661661666.

951 4701 1043 4785 288.

379 4883 445 4956 Um
472 4888 587 4957 1300.
635 4883 752 4957 Comes
786 4883 972 4976 chariclv
1006 4884 1079 4955 and
1108 4883 1282 4956 Geoosaca
1318 4882 1488 4955 1661611166
1523 4881 1589 4954 deo
1615 4882 1691 4953 Ka-

292 5007 459 5079 noor‘leern
484 5030 549 5078 voa
575 5004 816 5095 Weisseobarp
842 5004 926 5076 tiber
953 5007 1016 5076 das
1041 5006 1206 5077 6661661166
1224 5005 1307 5077 Boo
1335 5004 1454 5075 Simon
1480 5003 1554 5074 aod
1575 5002 1693 5075 Comes

222 5141 259 5197 40
293 5128 463 5200 Nikatoris
498 5128 682 5217 betreffend
716 5128 771 5199 die
800 5127 957 5218 Tddtuop
992 5127 1051 5200 dar
1082 5126 1199 5199 Comes
1225 5127 1351 5198 Petras
1385 5148 1450 5197 ooo
1484 5123 1694 5196 Weisslrircb

289 5249 519 5339 pameneae
553 5248 881 5322 Urbereiulcommcn.

451 5412 527 5484 Oriy.
548 5413 629 5482 Pero.
648 5412 856 5481 Kapitalarclu'o
880 5412 1047 5481 Karlsburq.
1085 5410 1173 5482 Sieyrl
1196 5427 1290 5465 waren
1314 5411 1370 5478 aas
1388 5411 1438 5465 der
1462 5410 1605 5465 Ritrkaeite
1628 5411 1692 5479 aas·

395 5499 531 5569 panna
544 5530 578 5539 -
591 5499 647 5554 Die
664 5499 793 5554 Urkande
811 5499 883 5553 wird
899 5498 957 5553 6161(
972 5499 1004 5552 in
1020 5498 1066 5553 dia
1078 5498 1140 5553 Zcit
1152 5514 1198 5551 um
1210 5497 1263 5555 das
1275 5497 1349 5553 Jatr
1361 5500 1430 5553 1300
1441 5497 1581 5552 dorothea
1592 5496 1691 5552 tarsen.
