4106 6294
290 798 363 881 quis
394 799 470 881 legit
498 799 598 862 dictas
627 799 744 880 literas,
775 800 857 863 dixit
887 801 974 881 quod
1004 797 1184 882 Stephanus
1206 798 1350 861 notarius
1379 798 1498 861 domini
1529 797 1691 861 vaivodae.

289 902 507 985 Interrogatus
530 921 594 984 quo
617 921 727 967 mensa
749 903 808 967 lroc
830 904 900 987 fut,
923 905 1005 967 dixit
1027 902 1114 984 quod
1137 903 1176 965 da
1199 920 1308 964 mense
1332 901 1524 965 Novembris
1546 903 1691 984 proxime

289 1005 404 1088 elapso.
438 1006 657 1088 Interrogatus
681 1007 753 1088 quis
776 1008 837 1070 tuit
868 1017 959 1071 tenor
981 1008 1145 1071 literarum
1168 1004 1288 1068 domini
1313 1005 1466 1069 vmvodae
1489 1025 1585 1088 super
1608 1004 1692 1069 dicta

290 1108 459 1172 securitate
481 1127 713 1191 concessarum,
737 1110 818 1173 dixit
833 1129 867 1174 se
890 1112 1022 1179 nescire.
1045 1112 1203 1192 quianon
1223 1109 1306 1192 legit.
1330 1108 1549 1190 Interrogatus
1572 1110 1602 1171 iu
1628 1128 1692 1191 qua

238 1223 254 1273 ι’)
290 1217 375 1275 terra
389 1212 440 1275 vel
457 1212 550 1276 domo
567 1212 674 1277 literas
689 1214 865 1297 praedictas
880 1217 1045 1283 concessit,
1066 1216 1148 1277 dixit
1163 1220 1199 1276 ut
1214 1232 1318 1296 supra.
1343 1211 1433 1275 Dixit
1448 1218 1581 1291 tantum,
1606 1213 1691 1294 quod

289 1315 395 1380 literas
410 1316 586 1400 praedictas
608 1318 647 1380 de
662 1318 831 1381 securitate
852 1319 918 1401 ipse
933 1320 1023 1382 testis
1039 1338 1103 1380 non
1128 1316 1241 1390 truita)
1265 1315 1369 1379 dictus
1392 1315 1541 1379 domiuus
1557 1316 1693 1379 vairoda

288 1421 452 1483 mandavit
474 1440 549 1484 suas
579 1421 684 1484 literas
706 1421 773 1484 fieri
798 1422 837 1483 do
860 1423 1029 1484 securitate
1061 1422 1221 1504 praedicta
1251 1420 1319 1502 ipso
1344 1424 1422 1483 teste
1445 1419 1603 1483 audiente.
1637 1421 1692 1484 In-

290 1530 468 1606 terrogatus
490 1526 524 1587 in
549 1545 612 1606 quo
636 1526 705 1587 loco
730 1526 780 1588 rel
811 1526 888 1587 locis
918 1525 1022 1587 dictus
1054 1525 1203 1586 dominus
1226 1523 1361 1586 rairoda
1384 1523 1457 1587 lecIt
1479 1522 1547 1587 fieri
1570 1524 1691 1606 procla-

289 1627 458 1691 mationem
490 1630 521 1690 in
546 1629 630 1691 dicto
659 1629 792 1691 articuli»
816 1636 1007 1709 contentam,
1039 1630 1121 1691 dixit
1151 1629 1238 1709 qood
1259 1629 1327 1710 ipse
1354 1628 1444 1690 testis
1467 1628 1589 1690 audivit
1618 1648 1691 1711 pro-

223 1740 254 1791 ιο
288 1729 507 1795 clamationem
532 1732 713 1796 huiusmodi
736 1734 767 1795 iu
794 1733 876 1795 Alba
897 1732 1128 1795 'Irarrssiluarra
1159 1730 1378 1813 Interrogatus
1400 1750 1457 1814 per
1481 1748 1586 1812 quem,
1610 1732 1692 1795 dixit

289 1835 375 1916 quod
399 1855 463 1898 non
486 1837 635 1917 cognovit
658 1856 730 1899 curn
756 1838 890 1899 nomine.
926 1836 1143 1917 Inter-rogatus
1167 1835 1199 1897 in
1224 1854 1288 1917 qua
1309 1834 1419 1907 iornra,
1443 1836 1525 1898 dixit
1548 1836 1690 1917 quadiu

290 1938 342 2001 tali
368 1939 529 2002 videficet:
555 1935 756 2021 ericumqno
779 1941 892 2004 volunt
915 1942 961 2004 irc
984 1941 1024 2003 ad
1047 1940 1212 2002 dominum
1234 1940 1382 2022 legatum,
1408 1939 1525 2003 vadant
1546 1938 1636 2003 liberi
1659 1945 1692 2004 et

291 2043 394 2106 securi
415 2062 473 2126 per
495 2049 595 2106 totum
621 2043 813 2107 territorium
845 2045 1008 2128 pertinens
1031 2044 1069 2106 ad
1096 2043 1215 2106 dictum
1240 2043 1403 2106 dominum
1427 2043 1603 2106 vairodam.
1636 2044 1690 2107 In·

289 2153 467 2229 terrogatus
499 2147 658 2228 quomodo
690 2147 758 2217 seit,
790 2148 875 2229 quod
900 2148 983 2211 dicta
1008 2146 1213 2231 proclamatio
1236 2146 1320 2209 tacta
1347 2146 1444 2209 fuerit
1472 2146 1511 2210 de
1540 2147 1690 2211 mandato

222 2260 253 2310 rs
289 2250 389 2333 ipsius
419 2250 538 2313 domini
570 2251 733 2331 rainadus,
767 2252 849 2313 dixit
879 2253 954 2332 quia
984 2252 1052 2334 ipsa
1083 2250 1287 2333 proclamatio
1318 2249 1456 2313 dictabat
1488 2247 1557 2314 fieri
1586 2270 1621 2315 se
1652 2251 1691 2315 de

289 2354 437 2417 mandato
460 2374 528 2418 suo.
551 2355 771 2436 Interrogatus
794 2374 857 2434 quo
889 2373 973 2416 anno
996 2362 1028 2416 et
1052 2374 1115 2435 quo
1142 2373 1251 2416 mense
1275 2353 1356 2416 iacta
1379 2353 1440 2417 tuit
1462 2353 1546 2417 dicta
1567 2353 1690 2438 procla·

289 2456 394 2535 matio,
418 2457 502 2520 dixit
524 2458 610 2539 quod
634 2478 717 2521 anno
742 2459 885 2541 proxime
908 2458 1014 2540 elapso
1031 2465 1062 2522 et
1081 2464 1116 2521 ut
1138 2457 1238 2520 credit
1261 2457 1300 2520 de
1322 2459 1466 2540 mense,¹)
1490 2476 1555 2539 quo
1579 2463 1691 2522 octava

288 2566 336 2623 ost
357 2560 459 2623 sancti
481 2560 618 2624 Martini.
641 2563 723 2626 ltenr
745 2563 960 2644 iuterrogatus
983 2581 1080 2645 super·
1095 2562 1207 2625 ultimo
1230 2561 1363 2624 articulo
1387 2560 1427 2624 de
1449 2559 1577 2644 publica
1598 2561 1689 2644 fama,

288 2663 370 2726 dixit
387 2683 555 2745 versasse,
579 2685 661 2746 quae
684 2666 800 2748 inipso
824 2666 957 2728 articulo
974 2667 1186 2729 continentur.
1209 2665 1429 2749 Interrogatus
1445 2666 1605 2748 quomodo
1621 2667 1688 2749 scit,

219 2774 254 2829 ‘20
290 2767 372 2830 dixit
395 2767 481 2849 quod
512 2769 572 2831 scit
593 2788 650 2852 per
672 2787 717 2849 ea,
749 2788 831 2850 quae
852 2788 950 2852 supra
971 2767 1157 2832 testificatus
1185 2774 1240 2832 est
1278 2768 1497 2852 Interrogatus
1527 2774 1689 2851 equanto

288 2878 429 2956 tempore
452 2873 514 2935 fuit
535 2872 610 2935 inde
632 2871 759 2954 publiea
781 2873 872 2937 faura.
903 2872 986 2935 dixit
1009 2871 1094 2954 quod
1118 2873 1219 2936 nescit
1241 2873 1340 2953 aliter,
1371 2873 1432 2936 nisi
1455 2877 1492 2936 ut
1514 2872 1603 2935 deit
1635 2872 1690 2935 In-

288 2983 466 3059 terrogatus
497 2975 574 3057 quid
604 2986 652 3040 ost
675 2976 802 3059 publica
825 2996 888 3039 vox
920 2982 952 3040 et
973 2976 1066 3057 tama,
1097 2976 1179 3039 dixit
1202 2976 1288 3057 quod
1314 2977 1414 3040 nescit
1444 2976 1539 3057 aliud,
1569 2976 1629 3039 nisi
1652 2982 1691 3039 ut

288 3099 384 3163 supra
407 3079 496 3142 dlxit.
519 3078 739 3163 Interrogatus
756 3100 851 3162 quam
875 3089 996 3163 partem
1021 3080 1116 3144 vellet
1135 3080 1286 3151 obtinere,
1309 3079 1392 3143 dixit
1407 3079 1494 3161 quod
1509 3099 1568 3144 nac
1590 3100 1689 3144 uuam

288 3203 347 3247 nec
369 3183 471 3246 uliam.
502 3184 722 3266 Interrogatus
745 3185 771 3247 si
787 3185 948 3267 praedicta
962 3183 1073 3260 dixit³l
1091 3184 1172 3264 odio,
1195 3202 1311 3264 amoro,
1333 3201 1426 3267 prece
1447 3183 1497 3245 vol
1520 3183 1621 3266 pretio
1638 3183 1689 3248 vel

219 3293 252 3347 25
287 3288 463 3351 instructus
486 3286 525 3350 ab
548 3286 665 3369 aliquo,
689 3289 770 3351 dixit
794 3289 880 3370 quod
904 3308 977 3369 uon,
1000 3289 1055 3352 scd
1079 3289 1161 3351 dixit
1182 3307 1295 3371 puram
1318 3287 1492 3352 veritatem.

442 3391 558 3455 Petrus
588 3399 695 3456 custos
726 3393 877 3457 ecclesiae
901 3392 1082 3456 ColocensIs
1114 3394 1202 3456 testis
1224 3392 1439 3474 iuterrogatus
1461 3410 1557 3476 super
1586 3393 1688 3476 primo

287 3494 429 3573 articulo,
453 3495 509 3576 qui
533 3495 643 3578 incipit
664 3495 807 3559 Intendit
828 3496 962 3579 probare
985 3502 1017 3559 et
1039 3502 1152 3567 cetera,
1175 3496 1257 3559 lecto
1281 3494 1340 3559 sibi
1362 3495 1431 3579 ipso
1462 3494 1595 3559 articulo
1619 3495 1689 3559 dili-

287 3606 406 3681 genten
429 3600 510 3662 dixit
532 3618 566 3663 se
589 3600 749 3664 audivisse
772 3601 832 3664 dici
856 3620 874 3663 a
898 3601 1034 3682 quodam
1059 3601 1187 3663 nomine
1210 3599 1311 3663 Paulo
1335 3600 1453 3662 vicario
1475 3599 1576 3683 ipsius
1599 3601 1688 3664 tostis

287 3704 320 3764 in
343 3703 599 3766 archidiaconatu
622 3704 661 3766 de
685 3704 784 3775 Keue,
808 3706 964 3768 referente
987 3703 1045 3767 sibi
1069 3723 1103 3767 se
1128 3704 1272 3779 vidisset
1297 3705 1431 3767 nuncios
1454 3703 1612 3767 dictorum
1635 3704 1688 3768 de·

218 3813 252 3867 30
288 3826 440 3870 canorum
471 3814 502 3870 ct
525 3809 776 3890 praepositorum
800 3829 905 3872 coram
937 3809 1065 3871 domino
1089 3808 1225 3870 rairoda
1247 3826 1304 3890 pro
1327 3806 1411 3869 dicta
1432 3806 1561 3871 licentia
1589 3807 1688 3891 impe-

287 3911 399 3974 tranda
428 3917 460 3974 et
491 3911 651 3974 audivisse
674 3912 792 3975 dictum
817 3912 979 3974 dominum
1009 3912 1176 3975 vairodam
1199 3911 1392 3994 praedictam
1422 3911 1583 3974 licentiam
1613 3931 1689 3975 con-

287 4015 419 4078 cessisse
442 4021 474 4079 et
496 4015 581 4077 aliud
605 4015 679 4078 inde
702 4016 811 4078 nescit.
842 4016 922 4078 item
945 4017 1159 4098 Interrogatus
1190 4034 1285 4098 super
1312 3993 1352 4077 II.
1369 4021 1400 4078 et
1424 4014 1535 4078 ultimo
1554 4014 1687 4079 articulo

287 4119 325 4182 de
348 4118 475 4201 publica
498 4119 589 4199 fama,
620 4119 701 4181 dixit
724 4138 800 4181 rera
823 4138 891 4182 esse
919 4138 1001 4200 quae
1033 4120 1064 4181 in
1089 4120 1156 4202 ipso
1180 4118 1314 4181 articulo
1337 4119 1551 4181 continentur.
1585 4117 1687 4182 Inter-

286 4230 416 4304 rogatus
449 4222 481 4284 in
512 4242 608 4284 causa
639 4223 797 4291 scientiae,
832 4223 914 4284 dixit
944 4222 1030 4303 quod
1060 4224 1126 4306 ipse
1158 4221 1246 4286 testis
1274 4221 1386 4285 habuit
1415 4221 1524 4285 literas
1554 4241 1572 4284 a
1603 4221 1687 4285 dIcto

217 4333 250 4384 :ab
286 4326 414 4389 domino
440 4324 602 4398 vaivodaI)
633 4326 821 4389 hortatorias
852 4332 884 4389 et
907 4327 1088 4409 rogatorias,
1119 4326 1206 4408 quod
1229 4325 1358 4389 deberet
1389 4324 1536 4388 assistere
1567 4344 1624 4408 pro
1647 4343 1685 4389 eo

285 4448 392 4492 coram
422 4429 550 4492 domino
582 4449 655 4512 rege
685 4437 717 4493 et
746 4430 873 4492 domino
905 4431 1006 4513 lcgato
1037 4437 1147 4493 contra
1177 4447 1296 4509 omnes,
1330 4429 1386 4510 qui
1417 4427 1537 4491 vedent
1566 4428 1687 4511 aliquid

286 4532 422 4597 obiicere
445 4539 556 4596 contra
578 4552 661 4614 euru,
692 4542 724 4597 et
745 4534 778 4595 iu
807 4534 883 4617 ipsis
909 4533 1009 4596 literis
1031 4533 1149 4596 mentio
1180 4538 1257 4613 crat,
1288 4532 1376 4613 quod
1397 4532 1465 4615 ipse
1487 4537 1688 4597 concesserat

285 4636 443 4700 licentiam
476 4643 508 4700 et
537 4637 738 4700 securitatem
761 4638 853 4699 dictis
876 4637 1004 4699 decanis
1032 4643 1064 4700 et
1089 4635 1233 4719 plebanis
1255 4641 1288 4699 et
1310 4635 1458 4699 omnibus
1488 4637 1599 4700 venire
1629 4657 1686 4701 ro-

285 4740 425 4804 lentibus
448 4741 487 4804 ad
510 4741 675 4803 dominum
698 4740 942 4822 memoratrrm,¹⁵)
965 4740 1049 4803 aliod
1074 4739 1124 4804 vel
1133 4740 1155 4816 ⁷)
1178 4738 1269 4802 aliter
1291 4738 1400 4802 nascit

216 4876 251 4929 40
419 4848 424 4851 Δ
443 4848 463 4936 1.)
482 4847 611 4943 Hierony*
624 4876 683 4929 eine
706 4893 792 4945 ponae
815 4876 945 4930 Iactantia
968 4874 1214 4945 darcbpcstrioban,
1238 4873 1333 4928 aenae
1350 4874 1403 4929 dan
1422 4874 1489 4929 Sata
1506 4873 1686 4943 Intenugatus

285 4978 336 5032 quo
354 4978 447 5016 mense
466 4979 492 5015 u.
511 4980 533 5016 s.
550 4978 583 5015 w.
602 4962 766 5017 anderten.

440 5050 462 5116 ²)
480 5048 639 5104 November.

440 5136 462 5195 ⁸)
481 5135 611 5203 Hierouf
623 5134 789 5206 canaonem
806 5138 840 5189 at

440 5224 462 5289 ⁴)
480 5222 611 5290 Hiaroof
622 5221 787 5292 pertractans
805 5221 829 5275 d.

442 5312 463 5376 ⁶)
486 5307 619 5378 Vorlopc:
636 5308 753 5362 vmvode.

440 5398 462 5462 ⁸)
483 5393 640 5449 Verbeaaert
658 5411 725 5448 aaa:
744 5394 863 5448 dominos
881 5398 1047 5448 memoratos.

440 5484 462 5548 ²)
485 5481 685 5551 Urapratnglr'cb
701 5480 939 5536 wabracber'nlr'cb:
957 5496 1014 5535 nec
