4084 6302
912 605 1067 699 Aa.

290 795 392 857 forma
414 793 533 875 quihus
562 793 645 856 foret
672 798 898 876 opportunum.
934 792 1053 857 Datum
1084 792 1163 856 feria
1191 797 1284 855 sexta
1305 792 1452 875 proxima
1477 798 1550 875 post
1571 792 1687 856 festam

290 897 375 962 beati
396 897 509 961 Jacobi
532 896 675 980 apostoli,
698 915 782 959 anno
806 896 925 959 domini
948 874 990 959 it.
1014 873 1098 960 OOC.
1121 873 1231 960 XXX.
1256 901 1378 977 quarto.

445 1034 521 1118 Auf
537 1033 592 1097 der
614 1031 788 1097 Rrictseitc:
825 1033 888 1097 Pro
912 1034 1010 1097 nobili
1032 1036 1065 1097 in
1090 1034 1213 1098 Christo
1244 1041 1333 1117 patre
1355 1039 1387 1097 et
1410 1034 1538 1097 domino
1561 1034 1690 1097 Andrea

291 1137 341 1201 dei
365 1144 397 1201 et
419 1138 611 1221 apostohcae
633 1137 717 1201 sedis
740 1139 840 1220 gratia
863 1139 1010 1222 episcopo
1025 1138 1249 1201 Transsiluano
1273 1143 1385 1201 contra
1399 1137 1565 1201 Nicolaum
1588 1137 1689 1201 filium

238 1250 254 1298 5
291 1240 469 1305 Salomonis
499 1248 531 1307 et
552 1241 719 1305 Nicolaum
742 1241 940 1323 Mychaelem
969 1242 1052 1305 filios
1074 1241 1217 1306 Danielis
1246 1241 1368 1305 nobiles
1397 1243 1437 1305 de
1459 1241 1588 1305 Kelnuh
1617 1261 1690 1325 pro·

289 1345 513 1409 testationales.

947 1637 1037 1721 tlt.

368 1820 473 1889 1334
504 1817 649 1890 Ottoher
666 1822 733 1891 28.
761 1819 837 1892 Dar
853 1820 1012 1892 Kenvcnl
1034 1844 1099 1892 oon
1116 1821 1414 1892 Koletsmonostor
1436 1820 1582 1911 heammt,
1611 1820 1691 1890 deas

295 1936 475 2027 Nikoloas,
503 1939 689 2012 Kastellon
715 1963 780 2012 von
806 1941 910 2032 Repe,
937 1942 1012 2012 aad
1041 1940 1213 2013 Gaaoaaen
1239 1942 1295 2012 die
1321 1940 1553 2032 Besitaacpca
1575 1939 1692 2031 Lagea

223 2075 257 2129 10
291 2059 365 2130 wod
390 2059 472 2132 Pela
490 2061 561 2148 ftr
587 2061 791 2132 mahandcrt
816 2060 928 2131 Merit
946 2060 1059 2133 siner
1085 2084 1132 2133 aa
1159 2062 1305 2132 Iwonlte
1329 2084 1395 2134 eoa
1417 2062 1566 2133 Palutlm
1591 2060 1690 2133 ither-

293 2179 405 2252 loaaea
432 2181 550 2252 hohan.

448 2328 607 2396 Abschra'ft:
625 2328 747 2397 Ketatny
765 2328 888 2398 Diplom.
907 2328 1038 2397 stepplem.
1051 2328 1096 2394 Π,
1113 2332 1165 2382 264
1183 2329 1255 2382 noch
1271 2329 1321 2383 der
1339 2328 1692 2398 Beylauhipunysurkunde

395 2414 534 2467 &melltta
551 2414 707 2469 Konetalea
723 2432 776 2468 eon
795 2419 871 2483 1392,
894 2415 970 2484 Θήρ.
988 2415 1091 2469 Archiv
1108 2415 1158 2469 der
1176 2415 1298 2469 Familia
1316 2415 1457 2468 Palatlcoi.

446 2587 632 2653 Conventus
652 2590 803 2654 ecclesiae
818 2590 929 2654 beatae
944 2590 1063 2654 Mariae
1079 2590 1211 2674 virginis
1226 2590 1266 2656 de
1282 2590 1523 2654 Clusmonostra
1544 2590 1692 2654 omnibus

224 2699 257 2751 15
294 2690 410 2755 Christi
433 2691 581 2756 fidelibus
603 2698 668 2756 tam
690 2693 912 2776 praesentibus
936 2713 1030 2777 qnam
1054 2694 1172 2758 futuris
1190 2701 1389 2777 praesentem
1404 2696 1552 2778 paginam
1568 2695 1692 2777 inspec-

293 2795 375 2858 turis
398 2795 534 2860 salutern
556 2796 590 2859 in
613 2798 755 2860 omnium
779 2797 944 2861 salvatore.
967 2798 1017 2860 Ad
1041 2799 1267 2862 universorum
1289 2799 1433 2864 notitiam
1456 2799 1606 2862 volumus
1621 2817 1693 2881 per·

292 2898 411 2979 venire,
428 2899 515 2980 quod
529 2900 712 2964 constitutis
727 2920 833 2963 coram
848 2901 941 2964 nobis
952 2901 1083 2964 Nicolao
1100 2902 1139 2966 de
1151 2901 1255 2966 Zohor
1270 2902 1441 2966 castellano
1454 2902 1493 2965 de
1504 2901 1692 2981 Keohalum,

292 3001 419 3066 Joanne
440 3001 506 3066 filio
529 3002 615 3067 Petri
639 3023 763 3069 necnon
787 3003 959 3087 Demetrio,
982 3003 1137 3086 Ladislao‚
1159 3004 1336 3087 Dominico,
1357 3005 1484 3069 Joanna
1506 3010 1539 3068 et
1560 3004 1692 3068 Nicolao

290 3104 365 3169 filiis
386 3105 554 3189 Radnoldi,
576 3106 633 3170 lilii
648 3107 802 3172 Demetrii
825 3109 864 3172 de
879 3108 1092 3172 Radnotfalva
1114 3106 1124 3190 [
1281 3109 1324 3194 ]¹)
1347 3108 1438 3172 llnvii
1453 3109 1554 3191 Balog
1569 3128 1610 3172 ex
1627 3128 1693 3172 una

222 3215 257 3272 20
291 3215 389 3292 parte,
411 3216 518 3275 autem
541 3230 584 3274 ex
606 3211 668 3275 aha
681 3211 813 3275 Iwanha
833 3211 899 3275 filio
916 3212 1060 3296 Gregorii
1080 3213 1195 3277 nobilis
1210 3213 1250 3278 de
1264 3213 1404 3294 Palatha,
1427 3212 1523 3276 iidem
1538 3211 1690 3276 Nicolaus

292 3313 331 3377 de
354 3313 466 3397 hebor,
495 3314 637 3380 Joannes
667 3316 753 3379 filius
775 3315 862 3379 Petn'
884 3336 921 3378 ac
943 3315 1134 3399 Demetrius
1156 3316 1331 3398 ladislaus,
1353 3316 1527 3397 Emericus,
1549 3316 1693 3380 Joannes

292 3422 325 3480 et
346 3416 500 3482 Nicolaus
521 3417 577 3481 lilii
592 3418 750 3482 Radnoldi
774 3418 912 3483 confessi
934 3425 1012 3483 sunt
1034 3439 1152 3502 organo
1176 3422 1269 3485 vivae
1292 3421 1380 3483 vocis
1402 3421 1436 3482 in
1452 3421 1538 3482 hune
1553 3419 1693 3500 modum,

292 3520 379 3601 qnod
401 3521 476 3587 licet
497 3523 720 3587 serenissimus
743 3524 890 3605 princeps
913 3523 1062 3587 dominns
1077 3523 1216 3587 Karolns
1238 3524 1288 3587 dei
1311 3525 1493 3607 gratiores
1507 3523 1693 3605 Hungariae

292 3643 350 3706 pro
375 3624 517 3707 ipsorum
539 3626 744 3689 servitiorum
767 3626 938 3708 praeclaris
962 3628 1082 3691 meritis
1105 3648 1142 3690 ac
1157 3629 1350 3711 sanguinum
1365 3627 1575 3692 effusionibus
1591 3645 1693 3708 quan·

223 3736 256 3787 25
293 3727 366 3790 dam
387 3730 620 3811 possessionem
640 3728 746 3812 hegen
768 3736 912 3794 vocatam
935 3731 969 3793 in
992 3732 1143 3796 comitatu
1166 3731 1206 3795 de
1221 3731 1298 3795 Olus
1320 3732 1511 3796 existentem
1532 3751 1606 3794 cnm
1627 3730 1694 3794 suis

293 3832 495 3914 pertinentiis
525 3839 558 3897 et
580 3838 764 3916 nuncupata
785 3854 857 3897 cum
881 3835 943 3898 alia
964 3836 1042 3900 villa
1063 3836 1236 3900 Pethelaka
1257 3842 1290 3899 et
1312 3835 1445 3899 aliarum
1468 3854 1600 3899 arrarum
1622 3853 1694 3918 per·

293 3934 464 3999 tinentium
494 3937 571 4020 ipsis
602 3938 769 4000 donaverit
799 3944 831 4001 et
861 3938 1039 4003 contrierit
1072 3940 1190 4003 'lamen
1217 3941 1293 4021 quia
1314 3939 1375 4022 ipsi
1398 3940 1457 4002 hoc
1479 3939 1693 4023 agnovissent,

294 4039 380 4119 qnod
403 4040 531 4104 eaedem
555 4041 774 4124 possessiones
789 4039 895 4123 Legen
919 4048 951 4105 et
965 4042 1138 4106 Pethelaha
1159 4063 1196 4106 ac
1210 4043 1350 4127 ipsarum
1367 4042 1577 4127 pertinentiae
1591 4042 1693 4125 ipsius

292 4140 423 4206 Iwanlra
438 4144 575 4207 inissent
588 4144 794 4207 hereditariae
806 4164 842 4207 ac
855 4147 942 4208 omni
954 4146 1023 4210 iure
1035 4147 1233 4229 pertinerent
1244 4148 1304 4210 sibi
1316 4154 1349 4210 et
1359 4145 1512 4210 deberent
1524 4146 1692 4227 pertinere,

223 4254 257 4306 30
293 4251 326 4309 et
348 4248 434 4327 qnod
458 4267 553 4328 quam
576 4254 760 4331 praesentes
781 4249 890 4312 literas
913 4250 1139 4333 inquisitorias
1162 4251 1384 4333 prohibitorias
1399 4268 1525 4312 necnon
1540 4253 1695 4332 protesta-

291 4351 388 4414 torias
418 4351 513 4415 iidem
543 4352 674 4415 [wanka
702 4372 739 4415 ac
768 4352 919 4429 loannes,
948 4350 1035 4415 filins
1055 4352 1191 4416 Joannis
1221 4353 1374 4436 patruelis
1403 4354 1537 4416 fratrum
1569 4372 1694 4417 necnon

291 4453 443 4519 Nicolaus
471 4455 557 4519 filius
586 4456 660 4520 dicti
682 4455 813 4519 Iwanka
842 4456 946 4519 iacere
968 4460 1212 4539 perpetuassent
1236 4461 1348 4519 contm
1369 4458 1464 4540 ipsos,
1493 4477 1550 4540 pro
1574 4476 1611 4521 eo
1635 4457 1695 4541 ipsi

293 4564 362 4621 tum
380 4560 510 4643 praevia
524 4560 656 4641 ratione,
679 4565 746 4623 tum
763 4559 859 4623 eliam
873 4579 931 4643 pro
951 4565 1080 4623 centum
1095 4560 1210 4623 marcis
1225 4540 1348 4643 argenti
1362 4560 1513 4643 ponderis
1528 4562 1697 4644 occupavit

291 4661 354 4724 iam
374 4663 474 4727 dictas
489 4663 706 4747 possessiones
720 4682 757 4726 ac
772 4663 914 4746 ipsarum
925 4662 1146 4746 «pertinentias,
1161 4661 1263 4726 eidem
1279 4662 1411 4726 Iwanlra
1427 4683 1463 4727 ac
1478 4664 1546 4728 suis
1561 4664 1695 4747 posteri-

223 4771 257 4825 35
293 4764 412 4828 tatibus
434 4767 630 4830 remisissent
652 4773 684 4831 et
706 4767 931 4850 resignassent‚
953 4767 1051 4833 immo
1066 4767 1260 4830 remiserunt
1274 4772 1306 4829 et
1321 4766 1525 4849 resignamnt
1539 4774 1693 4852 perpetuo

294 4887 401 4931 coram
424 4868 517 4933 nobis
540 4870 641 4934 dictas
663 4876 792 4935 centnm
814 4890 938 4935 marcas
961 4871 1083 4953 argenti
1106 4889 1164 4954 per
1181 4871 1319 4935 eundem
1334 4870 1466 4935 Iwanha
1480 4891 1586 4935 coram
1602 4872 1695 4935 nobis
1743 4950 1747 4957 ι

291 4972 433 5056 plenarie
463 4974 690 5056 persolvendas
720 4975 760 5038 ad
791 4993 825 5038 se
859 4974 1039 5059 recipiendo
1068 4994 1178 5038 omnes
1200 4974 1308 5038 literas
1330 4975 1543 5059 privilegiales
1565 4976 1696 5060 capituli

291 5084 480 5159 conventus,
511 5076 728 5159 quorumhhet
752 5078 846 5142 iustis
868 5079 1043 5142 earundem
1066 5078 1301 5162 possessionum
1325 5084 1358 5142 et
1380 5098 1511 5143 suarum
1534 5079 1696 5162 pertinen-

292 5180 408 5246 tiarum
438 5182 498 5246 sub
530 5181 758 5264 qualicumque
780 5183 882 5245 forma
906 5187 1091 5245 vocatarum
1113 5182 1274 5245 coniectas
1297 5181 1350 5245 vel
1372 5183 1407 5246 in
1429 5183 1576 5246 futurum
1599 5182 1696 5257 confi:

222 5292 258 5347 40
293 5285 422 5349 ciendas
444 5291 556 5350 contra
577 5287 698 5351 dictim
719 5285 851 5349 Iwanha
873 5304 909 5347 ac
932 5305 1009 5349 suos
1024 5286 1158 5349 heredes
1173 5291 1204 5349 et
1219 5286 1298 5349 alios
1313 5286 1445 5368 quosvis
1460 5305 1569 5370 vanas,
1592 5306 1697 5351 cassas

295 5410 553 5418 ——.-—-—-.

451 5460 472 5526 ¹)
490 5456 590 5512 Lmer
609 5458 709 5524 Reum,
727 5460 772 5511 3'8
792 5455 951 5512 &mimae
970 5455 1047 5510 broit.
