4064 6288
899 585 1055 681 —aj-

279 769 404 837 iuribus
426 777 458 837 et
478 770 679 838 libertatibus
700 773 883 839 indemnem
904 778 938 839 et
955 773 1097 839 illaesam
1111 775 1303 857 conservari,
1326 794 1364 839 ac
1386 775 1493 839 omnia
1506 774 1681 859 praemissa

279 880 312 939 ct
333 875 460 959 singula
481 876 658 942 munimine
688 877 824 962 duplicis
846 876 941 961 sigilli
969 878 1069 942 nostri
1100 879 1134 942 in
1156 878 1291 942 formam
1312 877 1470 963 privilegii
1490 877 1680 962 consignari,

279 997 320 1043 ne
347 979 382 1042 in
403 984 568 1063 posterum
593 999 650 1063 per
673 997 909 1062 quemcumque
938 987 1140 1065 posterorum
1171 1000 1229 1046 seu
1250 1000 1472 1046 successorum
1494 984 1679 1045 nostrorum

270 1082 422 1146 eiusdem
451 1081 602 1146 ecclesiae
631 1082 760 1147 libertas
789 1083 894 1148 valeat
923 1084 1104 1167 aliqualiter
1124 1085 1313 1169 impugnari.
1355 1084 1422 1149 Nos
1455 1083 1554 1168 igitur
1583 1083 1681 1149 deum

230 1191 246 1244 ῡ
279 1204 355 1269 prae
385 1184 486 1249 oculis
515 1184 670 1268 habendo,
700 1186 836 1250 salutem
866 1188 991 1251 animae
1012 1192 1141 1251 nostrae
1171 1194 1204 1251 et
1224 1189 1465 1272 progenitorum
1494 1192 1680 1251 nostrorum

279 1288 433 1371 consequi
465 1287 624 1371 volentes,
657 1288 864 1354 consideratis
897 1290 992 1354 etiam
1025 1290 1119 1353 iustis
1151 1290 1359 1374 petitionibus
1391 1291 1524 1375 praeisti
1557 1290 1678 1355 domini

278 1391 443 1457 Benedicti
465 1391 693 1476 archiepiscopi
707 1390 934 1474 strigoniensis
954 1392 1058 1457 fidelis
1080 1393 1181 1456 nostri
1203 1412 1262 1476 pro
1282 1392 1393 1458 eadem
1415 1393 1548 1459 ecclesia
1566 1399 1680 1458 sancta

278 1502 379 1560 matre
409 1500 526 1577 nostra,
552 1515 572 1558 a
601 1513 666 1577 qua
692 1514 753 1559 nos
783 1514 896 1561 sumus
925 1500 958 1560 et
987 1496 1089 1561 nestri
1118 1497 1338 1580 progenitores
1367 1496 1500 1562 inerunt
1525 1497 1679 1580 coronati

279 1598 368 1662 uncti
389 1603 422 1663 et
442 1597 566 1681 regium
587 1597 742 1662 honorem
764 1599 928 1664 consecuti
950 1605 983 1664 et
1004 1599 1119 1684 adepti,
1152 1618 1234 1682 quae
1257 1601 1351 1665 etiam
1381 1600 1474 1665 nobis
1504 1606 1537 1664 et
1561 1602 1680 1666 nostris

216 1705 248 1760 10
280 1699 526 1783 successoribus,
556 1700 651 1765 corde
681 1700 862 1785 humiliatis,
892 1702 1098 1785 transgressis
1128 1702 1245 1766 divinis
1274 1703 1440 1786 mandatis,
1469 1703 1680 1770 absolutionis

277 1802 467 1869 beneficium
499 1809 533 1869 et
560 1804 780 1869 remissionem
808 1810 1013 1888 peccatomm
1045 1806 1115 1870 rice
1149 1806 1200 1870 dei
1232 1806 1427 1890 impertitur,
1465 1825 1503 1870 ac
1534 1806 1680 1873 infideles

277 1913 405 1973 nostros
435 1911 468 1972 et
493 1912 621 1972 sanctae
642 1925 778 1971 coronae
803 1926 1052 1991 percensuram
1074 1906 1321 1973 ecclesiasticam
1349 1914 1437 1974 arcet
1464 1914 1498 1974 et
1518 1909 1680 1995 compellit

278 2011 319 2076 ad
338 2010 432 2077 nobis
457 2015 490 2077 et
519 2015 647 2076 sanctae
668 2031 805 2076 coronae
828 2012 1050 2093 obediendum,
1080 2012 1133 2076 cui
1162 2013 1282 2077 nedum
1312 2032 1372 2078 sua
1396 2013 1469 2077 iura
1489 2012 1599 2078 illaesa
1624 2014 1679 2079 de·

278 2114 391 2180 bemus
406 2133 605 2196 conservare,
627 2114 666 2178 ab
686 2115 819 2198 antiquo
843 2136 862 2178 a
880 2115 998 2180 sanctis
1016 2113 1154 2198 regibus,
1176 2117 1294 2181 nostris
1312 2116 1579 2201 progenitoribus,
1602 2137 1678 2181 con·

214 2224 246 2277 15
280 2219 397 2283 donata
417 2223 451 2284 et
465 2217 595 2283 obtenta
615 2216 745 2302 pacifice
763 2220 978 2301 usquemodo
1001 2224 1034 2283 et
1047 2237 1196 2302 possessa
1216 2238 1254 2282 ac
1276 2238 1296 2281 a
1316 2223 1426 2282 sancta
1445 2219 1521 2283 sede
1534 2219 1679 2284 Romana

278 2321 479 2402 confirmata3
511 2321 741 2386 verumetiam
771 2326 922 2385 anostra
950 2321 1038 2404 regia
1064 2320 1268 2404 benignitate,
1296 2322 1397 2405 ipsius
1425 2321 1576 2387 ecclesiae
1598 2323 1677 2388 Stri-
1749 2401 1751 2405 ¹

278 2425 439 2509 gonicnsis
461 2425 651 2490 excellentia
672 2424 880 2507 considerata,
909 2423 1063 2508 ampliora
1088 2425 1277 2507 condonare,
1300 2425 1353 2489 cui
1376 2425 1505 2507 quidem
1526 2427 1678 2492 ecclesiae

278 2530 416 2614 grabatta
436 2529 553 2612 pietate
575 2547 688 2592 sumus
709 2528 852 2611 allegati;
876 2529 983 2592 omnia
1003 2530 1177 2612 praemissa
1197 2528 1421 2593 universaliter
1441 2536 1475 2593 et
1493 2530 1676 2614 singillatim

278 2639 344 2697 tarn
365 2651 462 2717 super
483 2631 683 2696 libertatibus
706 2650 803 2713 quam
825 2633 920 2696 etiam
942 2651 1039 2716 super
1061 2633 1229 2697 exacnone
1251 2632 1447 2696 decimarum
1469 2633 1508 2699 de
1529 2635 1677 2700 omnibus

210 2737 245 2795 20
277 2737 426 2820 superius
452 2736 621 2816 annotatis,
650 2734 757 2798 habito
786 2741 925 2801 tractatu
954 2742 986 2800 et
1015 2735 1241 2800 deliberatione
1270 2740 1396 2799 matura
1424 2755 1498 2801 cum
1529 2738 1678 2804 omnibus

276 2839 433 2924 praelatis,
468 2837 641 2903 baronibus
671 2844 704 2904 et
732 2838 902 2903 comitibus
931 2840 1063 2921 nostris,
1097 2838 1137 2903 de
1170 2857 1331 2903 consensu
1361 2840 1536 2904 eorundem
1569 2845 1602 2905 et
1634 2861 1677 2907 ex

277 2949 364 3009 certa
396 2942 529 3008 scientia
561 2941 678 3023 edocti,
710 2947 864 3025 perpetuo
899 2943 1037 3007 valitura
1065 2941 1305 3006 confimnatione
1338 2941 1541 3026 roboramus,
1575 2945 1676 3029 impo-

278 3052 392 3111 nentes
407 3044 556 3111 omnibus
571 3044 776 3125 nostratibus,
800 3045 887 3126 quod
900 3046 935 3109 in
956 3046 1139 3130 praemissis
1161 3045 1360 3109 libertatibus
1376 3045 1525 3112 videlicet
1545 3052 1578 3113 et
1592 3048 1676 3112 deci-

278 3149 472 3214 mationibus
504 3154 572 3212 tam
605 3148 790 3212 animalium
820 3167 917 3230 quam
949 3148 1139 3212 urbaremm
1172 3154 1205 3213 et
1236 3148 1326 3213 lucro
1360 3169 1517 3232 camerae,
1551 3169 1677 3216 necnon

211 3255 245 3312 26
278 3253 474 3337 ponderibus
507 3251 674 3336 exigendis
708 3258 741 3316 et
773 3252 918 3316 custodia
949 3251 1134 3316 ferramenti
1166 3272 1363 3317 camerarum
1396 3259 1577 3319 nostrarum
1610 3274 1676 3319 non

276 3362 482 3441 praesumant
509 3356 545 3419 in
573 3355 681 3437 aliquo
710 3355 812 3439 ipsam
846 3360 988 3419 sanctam
1020 3360 1154 3420 matrem
1186 3361 1343 3420 nostram.
1362 3355 1527 3423 ecclesiam
1556 3356 1677 3443 Strigo-

278 3459 421 3524 nieusem
451 3462 508 3522 aut
533 3477 610 3523 suos
633 3456 783 3522 officiales
813 3457 982 3524 molestare
1003 3458 1056 3523 rel
1084 3459 1179 3524 etiam
1201 3458 1397 3524 defraudare.
1435 3459 1469 3524 Si
1491 3461 1547 3543 qui
1569 3466 1677 3526 autem

277 3563 445 3627 molestare
475 3580 534 3626 seu
568 3561 756 3626 defraudare
784 3561 1042 3644 praesumpserit,
1074 3580 1178 3645 poena
1207 3561 1313 3625 debita
1341 3580 1397 3626 eos
1425 3564 1605 3647 puniemus,
1635 3583 1677 3629 ne

277 3666 423 3730 mercede
438 3664 598 3746 aeternali,
622 3683 718 3746 quam
733 3683 899 3748 speramus
914 3664 1066 3744 obtinere,
1086 3670 1216 3749 propter
1239 3663 1390 3728 offensam
1410 3665 1553 3750 ipsorum
1568 3685 1676 3731 carere

212 3772 246 3827 30
280 3768 450 3832 valeamus.
490 3768 530 3831 In
559 3767 652 3830 cuius
681 3767 728 3831 rei
756 3767 972 3831 testimonium
1002 3766 1248 3850 firmitatemque
1277 3772 1463 3851 perpetuam
1492 3775 1676 3852 praesentes

278 3871 493 3934 concessimus
522 3869 630 3934 literas
659 3869 794 3954 duplicis
823 3870 917 3953 sigilli
946 3871 1048 3934 nostri
1072 3872 1249 3935 munimine
1271 3870 1444 3933 roboratas.
1477 3869 1596 3936 Datum
1618 3892 1677 3956 per

278 3992 393 4037 manus
422 3972 529 4036 dilecti
557 3973 658 4036 nostri
688 3978 720 4037 et
747 3971 850 4037 fidelis
878 3974 1021 4057 magistri
1043 3972 1206 4057 Smaragdi
1227 3972 1379 4037 Albensis
1407 3973 1558 4038 ecclesiae
1584 3994 1676 4058 prae·

277 4075 381 4158 positi,
403 4075 494 4139 aulae
516 4083 644 4140 nostrae
659 4076 917 4159 vicecancellarii,
942 4096 1027 4141 anno
1050 4077 1169 4140 domini
1191 4076 1247 4140 Ma
1271 4076 1345 4141 00⁰.
1370 4075 1418 4140 ΙΝ.
1442 4075 1521 4159 Vil,
1543 4076 1673 4141 XVII-

277 4176 438 4243 Kalendas
459 4178 613 4262 Januarii,
636 4181 727 4262 regni
749 4186 856 4243 autem
878 4180 980 4243 nostm
1002 4199 1086 4242 anno
1101 4178 1202 4243 XX*
1219 4179 1260 4242 Π.

944 4527 1010 4617 89.

353 4707 472 4782 1257.
510 4706 663 4805 statae
687 4731 751 4786 rec
770 4714 1023 4806 ptinaopeaitca
1053 4712 1212 4803 camna
1238 4711 1310 4799 fair
1334 4709 1391 4782 dic
1417 4705 1676 4779 Nacbkommcn

276 4828 336 4901 des
361 4829 504 4904 Jobcoo
528 4832 680 4906 Latinus
715 4836 771 4906 die
805 4833 994 4905 Urlcuadco
1028 4831 1091 4904 der
1124 4831 1261 4923 Kalpe
1286 4828 1451 4902 Emericla
1480 4849 1546 4901 vora
1571 4828 1676 4898 1204

277 4948 345 5022 Nr.
373 4953 433 5039 15,
460 4951 621 5027 Andreas
648 4953 703 5026 ΙΙ.
731 4977 797 5027 coa
822 4956 931 5025 1206
957 4952 1024 5025 Nr.
1052 4957 1104 5023 16
1128 4952 1203 5024 aad
1227 4949 1316 5023 Belc
1341 4971 1405 5022 raa
1427 4947 1676 5040 primogenitus

276 5094 341 5143 von
367 5072 559 5145 1231Nr.
593 5078 654 5147 63.

209 5233 244 5289 40
436 5236 512 5307 Oria.
536 5238 617 5308 Perp.
646 5238 751 5310 Uesper.
774 5236 983 5294 Lcadeacrcbiv
1006 5235 1158 5305 aucupant.
1194 5232 1366 5291 ammaum
1392 5231 1439 5286 aar
1462 5227 1676 5301 Doppeuelan,

380 5321 488 5377 ceam
510 5322 619 5391 Wacba,
637 5341 676 5378 cn
692 5325 886 5394 pald-violetur
904 5322 1105 5379 Mammam
1123 5321 1285 5392 emensas.

433 5441 545 5498 Druck:
568 5443 678 5500 chaai
694 5444 803 5501 Adalilc
821 5448 863 5501 17.
886 5443 997 5500 Wmel
1016 5441 1081 5499 eoa.
1099 5441 1207 5512 Amaci.
1225 5439 1283 5509 XI,
1299 5442 1361 5494 uo.

384 5559 575 5606 Urkmtenbncln
1555 5539 1573 5594 6
