4106 6294
982 611 1138 706 joo-

516 794 592 865 Orip.
611 795 691 865 Perq.
715 795 820 865 Uopar.
837 796 1045 851 Loadesorclvio
1064 797 1214 866 Badopest.
1242 797 1337 866 Sieqcl,
1353 798 1460 852 weisaas
1483 797 1591 865 Worlta,
1616 815 1655 851 aa
1671 804 1757 868 prata

461 882 553 937 rotbcr
571 881 772 938 Seideasclmur
790 884 953 954 oapebdapl,
971 884 1090 938 dersclbe
1109 883 1225 952 Stempcl
1242 885 1292 937 wia
1309 884 1363 937 Nr.
1377 888 1438 939 216.

514 1004 626 1058 Druck:
645 1003 767 1058 Nerusii
784 1005 944 1059 tdrsolltodd
963 1008 1040 1071 183⁰,
1057 1008 1118 1059 370.
1137 1005 1222 1074 Nopy
1242 1004 1306 1059 (lod.
1324 1005 1575 1074 AadepaoensieI,
1593 1009 1653 1060 300.

516 1124 628 1195 1169111.-
647 1125 734 1192 aare
749 1124 845 1180 ‘Codes
861 1125 919 1193 XI,
937 1129 997 1179 465.

515 1301 698 1385 Capitulum
728 1302 879 1366 ecclesiae
909 1300 992 1364 beati
1015 1300 1190 1382 Mychaelis
1220 1302 1399 1385 archangeli
1421 1302 1665 1366 'Iranssiluanae
1691 1321 1758 1364 om·
1793 1311 1809 1361 5

358 1402 454 1467 nibus
477 1402 594 1468 Christi
616 1402 763 1468 fidelibus
786 1411 986 1488 praesentem
1008 1405 1156 1487 paginam
1178 1404 1370 1488 inspecturis
1399 1405 1534 1469 salutem
1557 1407 1592 1468 in
1615 1406 1757 1469 omnium

359 1507 526 1572 salvatore.
565 1506 722 1584 Quoniam
744 1514 834 1591 gesta
856 1513 1036 1592 temporum
1059 1508 1154 1572 simul
1177 1528 1251 1571 cum
1274 1510 1471 1593 temporibus
1493 1509 1666 1573 elabuntur
1687 1528 1758 1592 ges·

359 1611 465 1694 lisque
487 1612 669 1676 mortalium
684 1613 836 1675 memoria
856 1613 1044 1676 obumbrata
1059 1612 1176 1676 oblivio
1199 1613 1389 1696 plerumque
1406 1618 1603 1693 novercatur,
1625 1614 1759 1697 provida

358 1714 438 1777 ratio
461 1715 626 1779 adinvenit
655 1717 781 1799 scriptis
803 1718 987 1799 perenniter
1011 1717 1228 1801 permansuris
1251 1717 1333 1779 facta
1356 1715 1504 1797 stabilire,
1528 1736 1610 1797 quae
1633 1717 1758 1779 diutur-

358 1818 491 1881 nitatem
500 1816 521 1897 1)
537 1825 693 1903 expetunt
708 1828 740 1883 et
754 1820 984 1885 immutabilem
999 1820 1178 1883 firmitatem
1192 1818 1356 1902 postulant
1370 1824 1402 1883 et
1417 1820 1594 1901 requirunt.
1617 1819 1756 1884 Proinde
1792 1828 1826 1881 10

358 1921 399 1984 ad
429 1922 654 1987 universorum
683 1924 829 1987 notitiam
859 1928 924 1987 tam
953 1923 1169 2006 praesentium
1200 1942 1296 2004 quam
1324 1924 1507 1987 futurorum
1535 1924 1649 1986 harum
1678 1925 1759 1987 serie

358 2026 508 2090 volumus
537 2028 714 2111 pervenire,
746 2028 833 2110 quod
862 2028 1045 2091 constitutis
1068 2047 1174 2090 coram
1196 2026 1289 2090 nobis
1315 2026 1481 2109 magnifico
1513 2028 1582 2090 viro
1612 2026 1758 2091 ladislao

359 2130 497 2193 vaivoda
526 2130 751 2194 Transsiluano
785 2137 818 2195 et
850 2133 965 2195 comite
998 2132 1037 2195 de
1067 2131 1203 2195 Zounulr
1233 2151 1290 2214 pro
1325 2152 1359 2195 se
1389 2137 1421 2195 et
1450 2130 1596 2194 ladizlao
1628 2151 1664 2195 ac
1697 2132 1758 2195 alio

358 2233 505 2297 Ladizlao
536 2234 609 2298 liliis
640 2235 706 2299 suis
737 2256 756 2298 a
785 2241 875 2319 parte
905 2256 978 2317 una,
1009 2243 1041 2300 et
1070 2236 1185 2299 comite
1207 2234 1340 2299 Daniele
1370 2234 1434 2298 lilio
1463 2234 1539 2299 Ghel
1569 2235 1608 2298 de
1631 2234 1759 2299 Kelnulr

360 2338 506 2401 similiter
527 2357 584 2422 pro
618 2358 652 2403 se
683 2345 715 2402 et
736 2339 867 2402 Nieolao
892 2359 928 2403 ac
950 2338 1115 2420 Myehaelc
1136 2340 1210 2403 filiis
1233 2341 1309 2419 suis,
1332 2360 1368 2403 ac
1391 2339 1522 2403 Nicolao
1544 2339 1610 2402 filio
1633 2340 1757 2403 comitis
1794 2347 1827 2398 15

359 2440 536 2504 Salomonis
558 2462 615 2526 pro
639 2461 673 2505 se
696 2448 784 2525 patre
807 2462 866 2505 suo
890 2448 922 2506 et
943 2442 1108 2524 Mychaele
1130 2446 1227 2508 fratre
1243 2446 1312 2508 eius
1335 2463 1377 2506 er
1399 2444 1509 2524 altera,
1531 2443 1627 2505 iidem
1649 2442 1759 2505 ladiz-

361 2545 432 2607 laus
454 2545 591 2608 vaivoda
614 2552 646 2608 et
668 2565 774 2609 eomes
796 2545 909 2610 Daniel
933 2567 969 2610 ac
992 2548 1142 2611 Nicolsus
1165 2567 1262 2630 super
1285 2546 1476 2629 quibusdam
1500 2547 1592 2609 terris
1615 2565 1673 2609 seu
1687 2565 1760 2629 pos·

359 2649 555 2712 sessionibus
579 2651 646 2714 suis
669 2649 753 2713 inira
775 2650 946 2714 nominatis
968 2650 1188 2714 concambium
1208 2670 1266 2713 seu
1289 2650 1554 2734 permutationem
1576 2648 1759 2713 huiusmodi

358 2753 442 2817 inter
464 2754 550 2837 ipsos
580 2770 614 2817 se
645 2754 757 2817 iecisse
788 2759 820 2817 et
850 2755 1025 2818 celebrasse
1047 2760 1124 2818 sunt
1145 2756 1291 2837 confessi,
1323 2761 1356 2818 et
1377 2773 1483 2817 coram
1507 2753 1599 2816 nobis
1621 2753 1760 2817 celebra

361 2864 479 2921 verunt
506 2858 541 2920 in
564 2857 649 2922 hunc
671 2857 811 2939 modum,
842 2857 946 2921 dictus
976 2858 1096 2922 scilicet
1116 2857 1284 2921 Ladialaus
1314 2859 1450 2921 vaivoda
1482 2857 1635 2940 quasdam
1659 2860 1759 2920 terras
1794 2863 1829 2917 20

359 2979 417 3025 seu
439 2962 657 3045 possessiones
679 2980 762 3043 suas,
794 2981 892 3025 unam
915 2962 1035 3026 scilicet
1057 2962 1254 3046 Gregoriaya
1275 2968 1420 3025 vocatam
1443 2961 1536 3025 cuius
1558 2960 1758 3024 medietatem

359 3084 379 3128 a
399 3065 512 3146 Tyuan
542 3065 669 3129 homine
700 3066 769 3129 sine
800 3065 915 3129 herede
946 3066 1118 3129 decedente
1141 3065 1222 3127 dixit
1244 3066 1284 3127 ad
1307 3086 1380 3129 eum
1407 3065 1546 3147 legitime
1569 3084 1639 3128 esse
1662 3065 1759 3128 devo-

358 3168 468 3251 lutam,
499 3168 539 3233 de
569 3187 633 3251 qua
664 3175 809 3250 quartam
832 3168 1028 3252 Margaretae
1058 3174 1090 3232 et
1112 3168 1302 3231 Scolasticae
1331 3168 1457 3232 filiabus
1480 3169 1623 3233 eiusdem
1645 3169 1757 3251 Tyrum

359 3272 430 3335 iure
453 3277 586 3336 naturae
609 3272 747 3336 debitam
769 3292 826 3357 pro
861 3273 1028 3336 duodecim
1050 3273 1165 3335 marcis
1185 3271 1242 3334 fini
1265 3273 1387 3356 argenti
1410 3274 1494 3355 emit,
1526 3274 1609 3337 sicut
1631 3273 1759 3337 eaedem

360 3376 507 3439 dominae
537 3374 620 3439 filiae
641 3376 755 3457 Tyuan
784 3396 890 3439 coram
920 3377 1013 3440 nobis
1035 3376 1225 3439 constitutae
1253 3377 1354 3460 ipsam
1382 3382 1527 3459 quartam
1550 3396 1659 3440 earum
1682 3396 1758 3440 con·
1794 3381 1828 3435 25

362 3479 464 3543 fessae
487 3486 565 3543 sunt
585 3482 646 3563 ipsi
657 3478 803 3542 Ladizlao
820 3479 973 3542 vaivodae
987 3498 1045 3562 pro
1068 3480 1145 3562 ipsis
1160 3479 1328 3543 duodecim
1343 3482 1458 3543 marcis
1472 3479 1663 3562 vendidisse,
1680 3499 1760 3562 quas

362 3584 490 3665 quidem
514 3583 682 3647 duodecim
699 3602 819 3645 marcas
834 3582 995 3664 praefatus
1018 3601 1124 3645 comes
1135 3581 1248 3645 Daniel
1271 3582 1465 3647 etNicolaus
1480 3582 1567 3646 filius
1579 3582 1759 3646 Salomonis

360 3687 468 3750 fratris
490 3687 642 3768 eiusdem,
665 3686 784 3751 eisdem
807 3685 996 3749 dominabus
1017 3686 1158 3769 plenarie
1181 3686 1404 3769 persolverunt
1429 3706 1535 3750 coram
1556 3686 1656 3769 nobis,
1680 3685 1759 3749 obli-

360 3797 537 3873 gantesque
558 3791 687 3855 eaedem
710 3790 856 3853 dominae
878 3789 916 3851 ab
934 3789 1081 3853 omnibus
1096 3792 1219 3854 ratione
1242 3790 1344 3854 dictae
1367 3797 1498 3873 quartae
1513 3810 1664 3873 processu
1680 3797 1759 3854 tem·

360 3914 474 3977 porum
497 3896 603 3978 ipsum
617 3893 800 3958 Ladirlaum
817 3894 986 3957 vaivodam
1010 3896 1062 3959 vel
1083 3896 1216 3959 heredes
1239 3915 1314 3957 suos
1329 3896 1481 3978 impetere
1504 3894 1557 3958 vel
1578 3895 1757 3976 inquietare
1793 3901 1829 3955 30

360 3997 553 4078 volentibus,
576 3998 712 4081 propriis
734 3996 897 4061 laboribus
920 4004 953 4061 et
974 4000 1123 4083 expensis
1139 4000 1290 4083 expedire
1313 4006 1345 4062 et
1359 4000 1392 4061 in
1416 3998 1546 4082 pacifica
1560 3998 1759 4083 possessione

362 4101 464 4165 dictae
488 4107 620 4184 quartae
642 4102 800 4166 indefesse
823 4122 1021 4184 conservare,
1047 4103 1109 4166 alia
1130 4108 1237 4165 autem
1260 4103 1412 4167 medietas
1434 4104 1534 4186 ipsius
1556 4109 1659 4166 terrae
1682 4102 1760 4166 Gre-

361 4207 494 4289 gorlaya
523 4207 562 4270 ad
592 4208 699 4292 ipsum
721 4206 903 4270 ladislaum
935 4206 1102 4268 vaivodam
1131 4226 1189 4290 pro
1220 4208 1304 4270 iusto
1335 4208 1452 4271 iudicio
1482 4227 1540 4271 suo
1570 4206 1759 4287 devenisset,

359 4312 442 4375 sieut
473 4311 557 4375 idem
579 4311 747 4375 ladizlaus
776 4310 913 4373 vsivoda
942 4315 992 4373 est
1021 4310 1194 4373 confessus.
1239 4311 1320 4374 Item
1351 4311 1444 4374 aliam
1468 4317 1584 4374 terram
1608 4330 1665 4374 seu
1688 4330 1760 4394 pos·

361 4416 535 4479 sessionem
558 4434 649 4478 suam
664 4414 865 4497 Vereseghaz
887 4419 1032 4477 vocatam
1055 4414 1088 4476 in
1111 4413 1210 4478 Zelres
1233 4416 1407 4480 existentes
1430 4435 1503 4479 cum
1526 4414 1675 4477 omnibus
1696 4415 1759 4477 uti·
1795 4420 1830 4473 35

358 4519 502 4583 litatibus
535 4525 567 4582 et
597 4520 757 4583 universis
787 4518 962 4581 attinentiis
992 4518 1165 4582 earundem
1196 4519 1256 4583 sub
1287 4520 1406 4583 eisdem
1435 4520 1528 4583 metis
1559 4517 1700 4599 antiquis
1730 4522 1762 4579 et

361 4623 504 4687 terminis
519 4629 616 4708 prout
626 4642 684 4706 per
698 4623 803 4706 ipsum
815 4621 999 4686 Ladizlaum
1011 4623 1179 4686 vaivodam
1193 4623 1318 4688 habitae
1334 4625 1528 4688 exstiterunt
1542 4628 1574 4686 et
1588 4640 1761 4706 possessae,

361 4727 456 4811 dedit,
480 4728 611 4791 tradidit
633 4732 665 4792 et
687 4727 824 4790 contulit
845 4726 937 4790 dictis
960 4727 1067 4790 comiti
1090 4725 1215 4791 Danieli
1238 4734 1271 4791 et
1292 4728 1423 4792 Nicolao
1446 4726 1512 4790 filio
1528 4726 1706 4790 Solomonis
1730 4731 1762 4788 et

360 4851 418 4916 per
440 4852 495 4896 eos
517 4851 628 4896 eorum
658 4830 828 4895 heredibus
851 4830 1069 4912 heredumque
1092 4851 1224 4896 suornm
1247 4831 1484 4897 suecessoribus
1515 4831 1584 4894 iure
1606 4835 1761 4913 perpetuo

360 4942 392 5000 et
413 4936 664 5000 irrevocabiliter
679 4934 895 5019 possidendas,
919 4935 1072 4999 tenendas
1086 4935 1216 5019 pacifice
1232 4944 1265 5000 et
1279 4936 1448 5000 habendas.
1471 4936 1613 5011 Quarum
1631 4933 1760 5015 quidem
1795 4939 1831 4991 40

360 5045 516 5104 terrarum
541 5038 740 5123 Gregoriaya
762 5043 794 5102 et
808 5037 1014 5122 Veresyghaz
1035 5045 1132 5123 prout
1153 5059 1210 5124 per
1231 5041 1419 5123 magistrum
1435 5039 1632 5122 Stephanum
1648 5037 1760 5101 castel·

358 5144 468 5207 lanum
493 5145 532 5208 de
554 5143 701 5208 Kechlres
724 5148 809 5206 terra
831 5142 1028 5226 Gregorlaya
1049 5149 1081 5207 et
1102 5145 1289 5228 magistrum
1310 5144 1491 5208 iohannem
1513 5142 1634 5207 dictum
1655 5141 1763 5205 Nakas

359 5247 568 5313 castellanum
599 5248 638 5312 de
659 5247 817 5333 Egurwar
847 5253 932 5311 terra
953 5247 1157 5331 Veresyghaz
1180 5269 1286 5311 coram
1316 5248 1444 5311 homine
1474 5252 1583 5310 nostro
1611 5246 1762 5327 magistro

358 5350 443 5434 Elya
463 5352 683 5417 archidiacono
714 5351 754 5415 de
775 5350 895 5415 Hunad
925 5351 986 5435 ipsi
1009 5352 1116 5415 comiti
1138 5351 1263 5415 Danieli
1294 5357 1326 5415 et
1348 5351 1511 5414 Salomoni
1533 5349 1624 5413 tratri
1647 5368 1706 5412 suo
1729 5353 1762 5411 et

515 5490 536 5558 ¹)
558 5486 691 5559 Verlupe:
708 5486 885 5543 diurnitatem
1795 5483 1830 5536 45
