4048 6284
897 594 1052 688 *sr—

268 785 485 865 exhortantes,
515 788 553 847 ut
582 802 679 867 super
708 784 768 847 hoc
798 783 837 846 ab
868 800 979 847 eorum
1009 782 1240 864 inquietatione
1262 781 1440 863 desisteres,
1470 781 1550 862 quin
1574 780 1672 844 immo

268 890 352 953 sicut
374 889 487 953 honori
502 893 558 953 tuo
574 887 706 970 expedit
727 893 759 951 61
781 887 886 969 saluti,
909 887 995 970 ipsos
1017 906 1075 970 pro
1097 886 1278 950 reverentia
1300 885 1408 948 divina
1430 890 1463 949 61
1486 889 1596 948 nostra
1617 884 1671 948 de-

269 993 415 1058 tenderes
430 998 463 1057 et
477 993 610 1057 foveres.
633 990 745 1075 Nuper
759 996 868 1054 autem
883 990 1045 1072 querelam
1061 989 1236 1053 eorundem
1252 990 1429 1072 recepimus
1444 989 1670 1069 coutinentem,

269 1097 356 1178 quod
379 1102 416 1161 tu
438 1096 640 1179 quorundam
663 1095 875 1178 malignorum
897 1095 1051 1158 instinctu
1075 1101 1191 1159 terram
1213 1095 1314 1177 ipsarn
1335 1094 1370 1156 in
1392 1091 1505 1176 grandi
1527 1098 1560 1156 et
1581 1093 1673 1175 gravi

212 1207 230 1260 5
268 1201 415 1282 equitum
437 1206 470 1264 st
490 1200 635 1283 peditum
657 1199 862 1263 multitudine
884 1199 1044 1261 intravisti
1066 1198 1211 1278 adeoque
1234 1197 1373 1280 gravasti
1394 1197 1480 1280 ipsos
1503 1195 1617 1259 1111161
1639 1200 1673 1259 61

269 1322 381 1368 eorum
403 1304 546 1367 homines
562 1303 784 1369 erectionibus
799 1323 836 1367 ac
858 1302 1018 1386 expensis,
1041 1301 1128 1383 quod
1143 1301 1189 1365 eis
1211 1300 1420 1363 damnificatis
1442 1300 1483 1363 ad
1498 1299 1672 1363 valentiam

268 1407 355 1472 mille
369 1427 548 1471 marcarum
564 1413 596 1472 et
611 1408 696 1471 ultra
711 1413 829 1471 terram
843 1408 953 1490 ipsam,
970 1424 1065 1487 quarn
1086 1424 1160 1467 cunr
1174 1404 1276 1468 multo
1291 1422 1501 1488 personarum
1516 1408 1672 1466 atrorum

268 1510 433 1593 dispendio
462 1510 702 1593 populaverant,
732 1511 778 1574 eis
809 1515 841 1574 61
870 1510 938 1593 ipsi⁴
962 1514 1065 1572 terrae
1096 1514 1224 1572 sanctae
1251 1526 1333 1591 pene
1354 1507 1482 1590 penitus
1504 1508 1538 1569 in
1558 1506 1671 1571 utilem

268 1612 440 1677 reddidisti.
464 1612 631 1690 Quoddam
646 1634 776 1697 quoque
791 1621 940 1695 61111111,
964 1613 1051 1696 quod
1070 1612 1156 1676 ultra
1170 1618 1296 1675 montes
1317 1611 1441 1674 nivium
1463 1612 1573 1675 multis
1595 1630 1671 1676 con-

196 1724 232 1778 10
268 1723 456 1781 struxerant
476 1717 639 1782 laboribus
661 1726 694 1783 et
716 1719 874 1802 expensis,
904 1718 1067 1802 occupasti
1089 1736 1146 1800 per
1168 1715 1362 1797 violentiam,
1384 1715 1536 1778 iratribus
1559 1734 1671 1778 corum

267 1821 306 1884 ab
329 1821 441 1885 eodem
457 1821 574 1901 eiectis,
597 1828 718 1886 etcum
740 1823 885 1887 homines
908 1824 956 1887 tui
979 1821 1135 1904 quosdam
1157 1821 1272 1884 iratres
1287 1825 1319 1883 et
1334 1820 1479 1883 homines
1495 1819 1671 1883 eorrmdem

268 1925 449 2006 occiderint,
481 1926 637 2006 quosdam
660 1926 909 2008 vulneraverint,
940 1931 972 1989 61
1000 1925 1156 2007 quosdam
1179 1924 1299 1988 carceri
1320 1924 1541 2007 manciparint,
1572 1928 1608 1986 tu
1631 1922 1670 1986 ab

266 2030 313 2093 eis
327 2029 490 2093 humiliter
504 2029 686 2110 requisitus,
709 2034 746 2092 ut
760 2014 861 2112 ‘super
876 2029 936 2092 hiis
952 2029 998 2093 eis
1013 2028 1158 2093 satisfieri
1173 2030 1304 2101 laceres,
1328 2028 1543 2111 querimonias
1559 2046 1671 2091 eorum

266 2139 299 2196 61
320 2152 432 2215 preces
453 2133 582 2216 penitus
605 2131 772 2195 obaudisti.
809 2130 956 2215 Denique
984 2153 1057 2197 cum
1080 2153 1122 2198 ox
1144 2140 1235 2218 parte
1258 2140 1314 2198 tua
1336 2133 1450 2196 luisset
1471 2132 1670 2215 propositum

197 2244 230 2296 15
266 2255 373 2299 coram
396 2235 498 2317 nobis,
528 2236 615 2318 qnod
644 2236 704 2319 ipsi
734 2237 848 2300 1111161
870 2236 1066 2300 liberalitatis
1089 2244 1145 2301 tuo
1168 2236 1322 2301 beneficio
1345 2256 1411 2300 non
1433 2235 1584 2315 conteuti,
1614 2233 1671 2298 sed

265 2340 385 2422 egressi
406 2338 487 2403 tinas
516 2341 755 2423 possessionum
777 2361 795 2404 a
817 2347 849 2404 te
871 2340 930 2404 sibi
953 2360 1178 2405 concessarum
1208 2340 1328 2405 intuitu
1351 2340 1486 2423 pietatis,
1514 2338 1669 2421 quasdam

266 2462 309 2505 err
333 2443 397 2506 tuis
410 2443 667 2526 possessionibus
682 2450 884 2528 occuparant,
907 2464 1032 2527 nosque
1054 2464 1112 2529 per
1130 2443 1237 2508 literas
1253 2450 1379 2508 nostras
1394 2442 1670 2506 mandavissemus

266 2546 394 2627 eisdem,
424 2553 462 2610 ut
489 2567 564 2610 cum
586 2566 642 2611 661
664 2568 729 2611 161
753 2548 863 2612 deceat
883 2548 1035 2613 invadere
1058 2549 1162 2612 aliena
1188 2556 1221 2612 61
1248 2549 1333 2632 ipsas
1355 2548 1573 2631 possessiones
1594 2551 1670 2610 tuae

265 2650 446 2715 celsitudini
461 2651 651 2733 restitueret,
674 2657 707 2716 et
728 2651 768 2714 ab
784 2653 992 2735 occupatione
1014 2652 1150 2715 aliorum
1172 2651 1331 2716 bonorum
1353 2658 1485 2717 tuorum
1508 2650 1548 2714 dc
1562 2655 1669 2714 cetero

194 2760 231 2815 20
266 2753 470 2836 abstinerent,
486 2764 531 2837 tu,
547 2755 634 2837 quod
645 2756 863 2821 intelleximus
874 2757 913 2822 de
925 2756 1180 2840 possessionibus
1190 2756 1262 2837 illis,
1278 2775 1360 2837 quas
1375 2754 1562 2818 dicebantur
1576 2758 1670 2817 611111

265 2877 489 2923 concessarum
511 2859 572 2922 sibi
594 2861 748 2923 terminos
771 2880 951 2944 occupasse,
980 2865 1104 2924 mentes
1127 2866 1313 2941 retorquere
1335 2860 1376 2923 ad
1398 2858 1477 2939 illas,
1510 2875 1591 2938 quas
1613 2856 1669 2938 eis,

265 2960 361 3023 immo
392 2961 451 3024 deo
474 2962 528 3044 pia
548 2962 736 3027 liberalitato
759 2963 893 3045 donasti,
916 2970 949 3028 et
971 2982 1054 3046 quae
1076 2964 1220 3047 ipsorum
1243 2963 1353 3027 domui
1383 2967 1460 3026 sunt
1489 2962 1529 3024 ad
1557 2980 1668 3044 preces

265 3069 337 3126 tuas
359 3065 546 3129 auctoritate
576 3065 750 3149 apostolica
777 3066 990 3146 confirmatae,
1020 3067 1208 3152 praecepisti
1230 3066 1359 3147 eisdem,
1389 3073 1428 3131 ut
1449 3073 1551 3130 terras
1572 3066 1668 3149 ipsas,

265 3166 349 3229 sicut
378 3167 440 3230 iarn
463 3169 614 3251 diximus,
645 3190 664 3232 a
695 3176 725 3233 ts
748 3169 807 3233 sibi
830 3171 962 3234 donatas
992 3171 1112 3235 intuitu
1134 3172 1260 3254 pietatis
1290 3177 1323 3235 ct
1352 3190 1371 3233 a
1397 3170 1471 3233 sede
1495 3168 1669 3253 apostolica

192 3277 228 3331 25
264 3270 555 3353 confirmatas„tibi
577 3275 729 3337 continuo
751 3274 958 3357 resignarent,
981 3275 1026 3339 eis
1048 3275 1110 3338 nisi
1133 3282 1207 3339 tuae
1225 3275 1360 3338 iussioni
1375 3278 1533 3357 parerent,
1557 3273 1668 3355 gravia

263 3376 494 3440 comminando.
516 3376 664 3442 Proiecto
680 3397 747 3441 nou
762 3376 894 3442 deberes
909 3379 955 3442 sic
969 3380 1122 3462 prosequi
1137 3379 1221 3442 dona
1243 3385 1308 3460 tua,
1331 3378 1412 3461 quin
1426 3377 1525 3439 immo
1549 3381 1667 3439 terram

263 3478 365 3561 ipsam
396 3480 486 3560 quasi
516 3480 656 3565 plantam
687 3487 776 3545 tuam
805 3480 967 3546 beneficiis
995 3482 1098 3565 rigare
1129 3483 1299 3564 continuis,
1330 3488 1362 3545 61
1394 3499 1459 3544 161
1485 3478 1669 3543 huiusmodi

265 3583 523 3665 oppressionibus
545 3591 577 3649 et
598 3586 724 3649 iniuriis
748 3593 822 3649 tuae
843 3586 1041 3650 liberalitatis
1063 3587 1213 3650 meritum
1235 3586 1319 3669 apud
1351 3585 1447 3648 deum
1469 3590 1502 3648 et
1523 3583 1668 3647 homines

264 3684 438 3769 denigrare,
462 3707 657 3771 quamquam
679 3690 756 3753 11166
777 3709 982 3772 nequaquam
997 3689 1182 3755 clementiae
1198 3696 1272 3754 tuae
1287 3689 1476 3773 imputanda
1490 3688 1667 3770 credamus,

190 3796 229 3851 10
265 3789 322 3854 sed
343 3791 450 3874 potius
472 3793 579 3875 pravis
601 3793 859 3877 suggestionibus
881 3794 1102 3878 malignorum,
1126 3795 1183 3877 qui
1198 3795 1344 3859 videntes
1358 3794 1533 3878 praefatam
1548 3797 1667 3857 terram

263 3913 321 3977 per
352 3896 544 3960 immensum
578 3897 737 3961 dictorum
766 3898 901 3960 fratrum
931 3898 1074 3961 studium
1102 3899 1283 3981 proiecisse,
1317 3918 1354 3961 ac
1384 3898 1454 3963 cius
1485 3897 1668 3981 cupidinem

262 4000 433 4063 venenosis
455 4000 658 4064 suasionibus
688 4006 719 4064 16
741 4000 929 4082 accendunt,
959 4020 1024 4063 non
1047 4002 1257 4083 attendentes
1289 4002 1376 4085 quod
1405 4001 1485 4067 111111
1510 4001 1667 4065 veraciter

262 4103 427 4181 retinetur,
450 4104 509 4167 nisi
534 4105 620 4186 quod
643 4105 696 4187 pia
716 4103 903 4169 liberalitate
927 4105 1073 4169 donatur.
1104 4105 1221 4189 Magna
1243 4106 1373 4188 quidem
1396 4111 1481 4186 sunt,
1505 4125 1588 4188 quae
1612 4105 1667 4169 de·

265 4206 709 4289 (1111111111111111161116111,
740 4210 796 4272 sed
819 4210 954 4274 6611611
977 4210 1092 4275 devota
1114 4210 1319 4275 meditatione
1346 4211 1539 4294 pensaveris,
1570 4228 1668 4291 quam

191 4317 227 4370 35
263 4310 363 4374 multa
386 4316 418 4375 61
440 4331 555 4395 magua
577 4312 634 4375 tibi
656 4312 794 4376 contulit
815 4313 942 4377 divinae
957 4314 1153 4378 immensitas
1167 4315 1330 4398 largitatis,
1352 4334 1417 4378 non
1440 4333 1554 4397 magna
1572 4332 1667 4396 repu-

262 4413 351 4497 tabis,
383 4434 465 4497 quae
487 4416 539 4498 pie
560 4436 618 4499 pro
641 4415 711 4479 eius
733 4415 854 4479 honore
884 4436 922 4480 ac
944 4436 1051 4480 amore
1082 4418 1205 4499 dedisti,
1235 4418 1291 4482 sed
1313 4420 1420 4502 potius
1442 4417 1604 4501 cogitabis,
1635 4423 1667 4481 16

262 4536 438 4599 numquam
460 4536 554 4600 posse
577 4517 673 4600 digna
695 4519 824 4583 domino
847 4522 1024 4585 retribuere
1053 4542 1110 4607 pro
1134 4522 1291 4603 omnibus,
1323 4541 1406 4604 quaa
1428 4522 1576 4587 retribuit
1597 4522 1666 4605 ipsc

262 4620 327 4683 tibi,
350 4620 510 4704 cogitabis
532 4622 636 4702 etiam,
661 4624 831 4704 quiscum
855 4626 1009 4708 scripturn
1031 4626 1081 4707 sit,
1105 4628 1191 4708 quod
1214 4648 1273 4691 sua
1287 4628 1456 4692 defunctos
1472 4645 1569 4710 opera
1590 4625 1666 4691 sub-

262 4732 452 4806 sequuntur,
483 4744 521 4789 ea
550 4726 618 4789 sola
640 4746 722 4807 quae
745 4728 873 4791 dorrrino
898 4729 1032 4805 dederis,
1062 4729 1118 4793 tibi
1140 4735 1213 4813 post
1235 4731 1320 4793 vitae
1342 4730 1519 4812 praesentis
1541 4730 1665 4794 exitum

190 4833 228 4887 40
262 4828 480 4909 remanebunt,
503 4835 535 4893 61
556 4831 602 4893 111
624 4850 690 4893 161
713 4832 865 4909 studebis,
889 4852 971 4914 quae
994 4834 1053 4898 deo
1078 4833 1200 4915 dedisti,
1224 4833 1377 4915 minuere,
1400 4835 1456 4897 scd
1479 4854 1605 4917 augere,
1628 4854 1665 4898 ac

263 4934 354 5013 sequi
377 4933 554 4996 doctrinam
578 4935 792 5017 evangelicam
816 4937 1012 5015 suadentem,
1032 4943 1068 5000 ut
1083 4938 1212 5001 studeas
1226 4938 1261 5002 in
1276 4937 1362 5002 caelo
1379 4938 1436 5001 tibi
1453 4938 1666 5003 thesaurisare

264 5037 437 5119 thesauros,
467 5037 522 5100 ubi
552 5057 611 5101 nec
635 5057 732 5120 erugo
765 5059 825 5102 nec
849 5040 934 5103 tinea
960 5041 1139 5122 demolitur,
1169 5048 1202 5105 et
1224 5042 1280 5104 ubi
1302 5042 1390 5105 frrros
1413 5061 1479 5105 uon
1502 5042 1665 5126 effodiunt,

261 5159 319 5203 nec
342 5140 499 5203 iurantur.
521 5140 683 5223 Rogamus
705 5142 803 5225 igitur
825 5143 1028 5207 serenitatem
1050 5151 1146 5227 tuam,
1169 5164 1336 5209 monemus
1359 5151 1392 5210 ct
1406 5145 1613 5211 obsecramus
1629 5148 1664 5210 in

262 5241 390 5306 domino
412 5243 492 5307 Jesu
515 5243 649 5325 Christo,
673 5250 832 5326 quatenus
854 5246 932 5309 haec
946 5247 1121 5330 prudentor
1135 5248 1303 5313 attendens
1326 5256 1358 5314 61
1379 5250 1538 5334 praefatas
1552 5251 1662 5316 literas

189 5351 227 5405 41
262 5354 386 5412 nostras
408 5347 587 5411 secundum
617 5368 732 5412 sanum
761 5348 959 5414 intellectum
989 5352 1136 5435 superius
1159 5371 1347 5436 expressum
1374 5354 1541 5439 accipiens,
1564 5355 1665 5421 dictos

259 5450 373 5521 naues
402 5470 500 5535 super
522 5458 607 5517 terra
627 5453 679 5538 pie
701 5473 721 5516 a
741 5458 774 5519 te
796 5453 857 5521 sibi
879 5453 996 5521 donata
1018 5455 1057 5520 do
1085 5462 1190 5520 cetero
1220 5477 1288 5523 nou
1317 5457 1477 5541 molestes,
1508 5459 1565 5523 sed
1594 5478 1665 5525 eam
