<?xml version="1.0" encoding="UTF-8"?>
<!DOCTYPE html PUBLIC "-//W3C//DTD XHTML 1.0 Transitional//EN"
    "http://www.w3.org/TR/xhtml1/DTD/xhtml1-transitional.dtd">
<html xmlns="http://www.w3.org/1999/xhtml" xml:lang="en" lang="en">
 <head>
  <title>
</title>
<meta http-equiv="Content-Type" content="text/html;charset=utf-8" />
  <meta name='ocr-system' content='tesseract 3.04.00' />
  <meta name='ocr-capabilities' content='ocr_page ocr_carea ocr_par ocr_line ocrx_word'/>
</head>
<body>
  <div class='ocr_page' id='page_1' title='image "./urkundenbuchzur00mlgoog_0515.png"; bbox 0 0 4084 6302; ppageno 0'>
   <div class='ocr_carea' id='block_1_1' title="bbox 994 613 1148 706">
    <p class='ocr_par' dir='ltr' id='par_1_1' title="bbox 994 613 1148 706">
     <span class='ocr_line' id='line_1_1' title="bbox 994 613 1148 706; baseline 0 -32"><span class='ocrx_word' id='word_1_1' title='bbox 994 613 1148 706; x_wconf 47' lang='lat' dir='ltr'>Q</span> 
     </span>
    </p>
   </div>
   <div class='ocr_carea' id='block_1_2' title="bbox 1030 831 1123 914">
    <p class='ocr_par' dir='ltr' id='par_1_2' title="bbox 1030 831 1123 914">
     <span class='ocr_line' id='line_1_2' title="bbox 1030 831 1123 914; baseline 0 0"><span class='ocrx_word' id='word_1_2' title='bbox 1030 831 1123 914; x_wconf 77' lang='lat'><strong>506.</strong></span> 
     </span>
    </p>
   </div>
   <div class='ocr_carea' id='block_1_3' title="bbox 374 1010 1772 1226">
    <p class='ocr_par' dir='ltr' id='par_1_3' title="bbox 374 1010 1772 1226">
     <span class='ocr_line' id='line_1_3' title="bbox 459 1010 1772 1106; baseline -0.003 -21"><span class='ocrx_word' id='word_1_3' title='bbox 459 1015 661 1106; x_wconf 78' lang='lat' dir='ltr'>Wisscprod</span> <span class='ocrx_word' id='word_1_4' title='bbox 685 1018 790 1086; x_wconf 84' lang='lat'><strong><em>1334</em></strong></span> <span class='ocrx_word' id='word_1_5' title='bbox 813 1015 894 1085; x_wconf 82' lang='lat' dir='ltr'>Mai</span> <span class='ocrx_word' id='word_1_6' title='bbox 922 1018 956 1085; x_wconf 83' lang='lat'>4.</span> <span class='ocrx_word' id='word_1_7' title='bbox 993 1015 1110 1104; x_wconf 78' lang='lat' dir='ltr'>Kdnip</span> <span class='ocrx_word' id='word_1_8' title='bbox 1137 1012 1233 1084; x_wconf 75' lang='lat' dir='ltr'>Korl</span> <span class='ocrx_word' id='word_1_9' title='bbox 1257 1012 1416 1084; x_wconf 78' lang='lat' dir='ltr'>verbielct</span> <span class='ocrx_word' id='word_1_10' title='bbox 1441 1013 1508 1083; x_wconf 77' lang='lat' dir='ltr'>den</span> <span class='ocrx_word' id='word_1_11' title='bbox 1529 1010 1691 1082; x_wconf 82' lang='lat' dir='ltr'>Joodern</span> <span class='ocrx_word' id='word_1_12' title='bbox 1716 1010 1772 1081; x_wconf 78' lang='lat' dir='ltr'>dic</span> 
     </span>
     <span class='ocr_line' id='line_1_4' title="bbox 374 1131 1666 1226; baseline -0.003 -21"><span class='ocrx_word' id='word_1_13' title='bbox 374 1135 632 1226; x_wconf 73' lang='lat' dir='ltr'>Nutantesaunp</span> <span class='ocrx_word' id='word_1_14' title='bbox 657 1136 720 1208; x_wconf 79' lang='lat' dir='ltr'>der</span> <span class='ocrx_word' id='word_1_15' title='bbox 745 1135 887 1207; x_wconf 80' lang='lat' dir='ltr'>Jobonn</span> <span class='ocrx_word' id='word_1_16' title='bbox 914 1135 1026 1206; x_wconf 85' lang='lat' dir='ltr'>Hencl</span> <span class='ocrx_word' id='word_1_17' title='bbox 1048 1135 1232 1224; x_wconf 74' lang='lat' dir='ltr'>pcbdm&#39;pen</span> <span class='ocrx_word' id='word_1_18' title='bbox 1257 1133 1446 1222; x_wconf 73' lang='lat' dir='ltr'>Besitaunp</span> <span class='ocrx_word' id='word_1_19' title='bbox 1472 1131 1666 1221; x_wconf 77' lang='lat' dir='ltr'>Ependorf.</span> 
     </span>
    </p>
   </div>
   <div class='ocr_carea' id='block_1_4' title="bbox 475 1293 1822 1451">
    <p class='ocr_par' dir='ltr' id='par_1_4' title="bbox 475 1293 1822 1451">
     <span class='ocr_line' id='line_1_5' title="bbox 531 1293 1769 1368; baseline -0.004 -16"><span class='ocrx_word' id='word_1_20' title='bbox 531 1298 607 1367; x_wconf 77' lang='lat' dir='ltr'>Orip.</span> <span class='ocrx_word' id='word_1_21' title='bbox 626 1300 697 1366; x_wconf 84' lang='lat' dir='ltr'>Pap.</span> <span class='ocrx_word' id='word_1_22' title='bbox 727 1298 831 1368; x_wconf 74' lang='lat' dir='ltr'>Unqar.</span> <span class='ocrx_word' id='word_1_23' title='bbox 850 1298 1109 1351; x_wconf 81' lang='lat' dir='ltr'>Notionalmaacum</span> <span class='ocrx_word' id='word_1_24' title='bbox 1127 1297 1278 1365; x_wconf 80' lang='lat' dir='ltr'>Badapest.</span> <span class='ocrx_word' id='word_1_25' title='bbox 1307 1296 1402 1365; x_wconf 78' lang='lat' dir='ltr'>Siepel,</span> <span class='ocrx_word' id='word_1_26' title='bbox 1423 1295 1506 1361; x_wconf 78' lang='lat' dir='ltr'>rond,</span> <span class='ocrx_word' id='word_1_27' title='bbox 1530 1294 1638 1349; x_wconf 75' lang='lat' dir='ltr'>weissen</span> <span class='ocrx_word' id='word_1_28' title='bbox 1661 1293 1769 1359; x_wconf 82' lang='lat' dir='ltr'>Wocba,</span> 
     </span>
     <span class='ocr_line' id='line_1_6' title="bbox 475 1381 1822 1451; baseline -0.004 -13"><span class='ocrx_word' id='word_1_29' title='bbox 475 1401 535 1438; x_wconf 87' lang='lat' dir='ltr'>war</span> <span class='ocrx_word' id='word_1_30' title='bbox 553 1384 610 1451; x_wconf 70' lang='lat' dir='ltr'>auf</span> <span class='ocrx_word' id='word_1_31' title='bbox 623 1386 672 1438; x_wconf 80' lang='lat' dir='ltr'>der</span> <span class='ocrx_word' id='word_1_32' title='bbox 691 1384 834 1438; x_wconf 75' lang='lat' dir='ltr'>Rricltacr&#39;te</span> <span class='ocrx_word' id='word_1_33' title='bbox 851 1400 914 1437; x_wconf 83' lang='lat' dir='ltr'>aum</span> <span class='ocrx_word' id='word_1_34' title='bbox 937 1382 1095 1437; x_wconf 78' lang='lat' dir='ltr'>Verschluas</span> <span class='ocrx_word' id='word_1_35' title='bbox 1114 1381 1301 1450; x_wconf 67' lang='lat' dir='ltr'>auspedrrielct.</span> <span class='ocrx_word' id='word_1_36' title='bbox 1805 1381 1822 1432; x_wconf 85' lang='lat'>5</span> 
     </span>
    </p>
   </div>
   <div class='ocr_carea' id='block_1_5' title="bbox 527 1475 1554 1816">
    <p class='ocr_par' dir='ltr' id='par_1_5' title="bbox 527 1475 1554 1816">
     <span class='ocr_line' id='line_1_7' title="bbox 528 1475 1554 1571; baseline -0.005 -12"><span class='ocrx_word' id='word_1_37' title='bbox 528 1475 639 1559; x_wconf 66' lang='lat' dir='ltr'>onon:</span> <span class='ocrx_word' id='word_1_38' title='bbox 658 1505 744 1571; x_wconf 70' lang='lat' dir='ltr'>sajo</span> <span class='ocrx_word' id='word_1_39' title='bbox 765 1504 854 1558; x_wconf 70' lang='lat' dir='ltr'>oona</span> <span class='ocrx_word' id='word_1_40' title='bbox 878 1503 965 1568; x_wconf 77' lang='lat' dir='ltr'>vrri,</span> <span class='ocrx_word' id='word_1_41' title='bbox 982 1507 1008 1569; x_wconf 81' lang='lat' dir='ltr'>a,</span> <span class='ocrx_word' id='word_1_42' title='bbox 1030 1505 1086 1556; x_wconf 84' lang='lat'><strong><em>733.</em></strong></span> <span class='ocrx_word' id='word_1_43' title='bbox 1105 1500 1194 1555; x_wconf 70' lang='lat' dir='ltr'>saco</span> <span class='ocrx_word' id='word_1_44' title='bbox 1212 1501 1287 1556; x_wconf 74' lang='lat' dir='ltr'>aa.</span> <span class='ocrx_word' id='word_1_45' title='bbox 1306 1501 1450 1555; x_wconf 67' lang='lat' dir='ltr'>ornatior</span> <span class='ocrx_word' id='word_1_46' title='bbox 1468 1501 1494 1568; x_wconf 87' lang='lat' dir='ltr'>r,</span> <span class='ocrx_word' id='word_1_47' title='bbox 1511 1504 1554 1556; x_wconf 70' lang='lat' dir='ltr'>aa.</span> 
     </span>
     <span class='ocr_line' id='line_1_8' title="bbox 527 1622 1157 1689; baseline -0.008 -9"><span class='ocrx_word' id='word_1_48' title='bbox 527 1625 714 1680; x_wconf 59' lang='lat' dir='ltr'>senaar.-</span> <span class='ocrx_word' id='word_1_49' title='bbox 732 1625 847 1679; x_wconf 67' lang='lat' dir='ltr'>saona</span> <span class='ocrx_word' id='word_1_50' title='bbox 866 1625 941 1678; x_wconf 71' lang='lat' dir='ltr'>aar.</span> <span class='ocrx_word' id='word_1_51' title='bbox 959 1624 1020 1677; x_wconf 69' lang='lat' dir='ltr'>aaa</span> <span class='ocrx_word' id='word_1_52' title='bbox 1038 1622 1097 1689; x_wconf 80' lang='lat' dir='ltr'>rx,</span> <span class='ocrx_word' id='word_1_53' title='bbox 1114 1626 1157 1676; x_wconf 77' lang='lat'>45.</span> 
     </span>
     <span class='ocr_line' id='line_1_9' title="bbox 528 1744 1034 1816; baseline -0.006 -15"><span class='ocrx_word' id='word_1_54' title='bbox 528 1746 640 1816; x_wconf 74' lang='lat' dir='ltr'>Reyest:</span> <span class='ocrx_word' id='word_1_55' title='bbox 662 1744 862 1799; x_wconf 60' lang='lat' dir='ltr'>ibanaloonio</span> <span class='ocrx_word' id='word_1_56' title='bbox 880 1750 956 1809; x_wconf 79' lang='lat'>1871,</span> <span class='ocrx_word' id='word_1_57' title='bbox 976 1748 1034 1800; x_wconf 83' lang='lat'><strong><em>193.</em></strong></span> 
     </span>
    </p>
   </div>
   <div class='ocr_carea' id='block_1_6' title="bbox 342 1918 1840 3035">
    <p class='ocr_par' dir='ltr' id='par_1_6' title="bbox 342 1918 1840 3035">
     <span class='ocr_line' id='line_1_10' title="bbox 528 1918 1770 2003; baseline -0.005 -18"><span class='ocrx_word' id='word_1_58' title='bbox 528 1921 667 1985; x_wconf 86' lang='lat' dir='ltr'>Karolus</span> <span class='ocrx_word' id='word_1_59' title='bbox 697 1921 747 1984; x_wconf 91' lang='lat' dir='ltr'>dei</span> <span class='ocrx_word' id='word_1_60' title='bbox 774 1921 875 2003; x_wconf 87' lang='lat' dir='ltr'>gratia</span> <span class='ocrx_word' id='word_1_61' title='bbox 897 1939 956 1983; x_wconf 85' lang='lat' dir='ltr'>rex</span> <span class='ocrx_word' id='word_1_62' title='bbox 978 1919 1163 2003; x_wconf 86' lang='lat' dir='ltr'>Hungariae</span> <span class='ocrx_word' id='word_1_63' title='bbox 1185 1918 1334 1983; x_wconf 88' lang='lat' dir='ltr'>fidelibus</span> <span class='ocrx_word' id='word_1_64' title='bbox 1356 1919 1423 1983; x_wconf 87' lang='lat' dir='ltr'>suis</span> <span class='ocrx_word' id='word_1_65' title='bbox 1445 1918 1646 1982; x_wconf 81' lang='lat' dir='ltr'>universitati</span> <span class='ocrx_word' id='word_1_66' title='bbox 1670 1936 1770 1999; x_wconf 93' lang='lat' dir='ltr'>popu·</span> 
     </span>
     <span class='ocr_line' id='line_1_11' title="bbox 372 2019 1840 2106; baseline -0.005 -20"><span class='ocrx_word' id='word_1_67' title='bbox 372 2024 475 2088; x_wconf 89' lang='lat' dir='ltr'>lorum</span> <span class='ocrx_word' id='word_1_68' title='bbox 499 2026 538 2089; x_wconf 91' lang='lat' dir='ltr'>de</span> <span class='ocrx_word' id='word_1_69' title='bbox 560 2024 640 2089; x_wconf 86' lang='lat' dir='ltr'>Jaad</span> <span class='ocrx_word' id='word_1_70' title='bbox 651 2023 671 2101; x_wconf 83' lang='lat'>¹)</span> <span class='ocrx_word' id='word_1_71' title='bbox 695 2023 830 2088; x_wconf 89' lang='lat' dir='ltr'>salutem</span> <span class='ocrx_word' id='word_1_72' title='bbox 853 2030 885 2087; x_wconf 90' lang='lat' dir='ltr'>et</span> <span class='ocrx_word' id='word_1_73' title='bbox 906 2024 1047 2106; x_wconf 83' lang='lat' dir='ltr'>gratiam.</span> <span class='ocrx_word' id='word_1_74' title='bbox 1070 2022 1155 2087; x_wconf 84' lang='lat' dir='ltr'>Dicit</span> <span class='ocrx_word' id='word_1_75' title='bbox 1178 2022 1270 2086; x_wconf 92' lang='lat' dir='ltr'>nobis</span> <span class='ocrx_word' id='word_1_76' title='bbox 1288 2023 1452 2086; x_wconf 86' lang='lat' dir='ltr'>Johannes</span> <span class='ocrx_word' id='word_1_77' title='bbox 1475 2022 1579 2084; x_wconf 90' lang='lat' dir='ltr'>dictus</span> <span class='ocrx_word' id='word_1_78' title='bbox 1597 2020 1707 2084; x_wconf 89' lang='lat' dir='ltr'>Henul</span> <span class='ocrx_word' id='word_1_79' title='bbox 1729 2019 1768 2083; x_wconf 91' lang='lat' dir='ltr'>dc</span> <span class='ocrx_word' id='word_1_80' title='bbox 1805 2025 1840 2079; x_wconf 90' lang='lat'>10</span> 
     </span>
     <span class='ocr_line' id='line_1_12' title="bbox 370 2125 1767 2210; baseline -0.004 -20"><span class='ocrx_word' id='word_1_81' title='bbox 370 2127 536 2209; x_wconf 86' lang='lat' dir='ltr'>Bystricia,</span> <span class='ocrx_word' id='word_1_82' title='bbox 568 2129 653 2210; x_wconf 91' lang='lat' dir='ltr'>quod</span> <span class='ocrx_word' id='word_1_83' title='bbox 684 2147 742 2190; x_wconf 91' lang='lat' dir='ltr'>vos</span> <span class='ocrx_word' id='word_1_84' title='bbox 766 2127 925 2209; x_wconf 89' lang='lat' dir='ltr'>quandam</span> <span class='ocrx_word' id='word_1_85' title='bbox 948 2132 1064 2190; x_wconf 89' lang='lat' dir='ltr'>terram</span> <span class='ocrx_word' id='word_1_86' title='bbox 1089 2146 1147 2190; x_wconf 88' lang='lat' dir='ltr'>seu</span> <span class='ocrx_word' id='word_1_87' title='bbox 1169 2126 1402 2210; x_wconf 87' lang='lat' dir='ltr'>possessionem</span> <span class='ocrx_word' id='word_1_88' title='bbox 1424 2125 1525 2208; x_wconf 89' lang='lat' dir='ltr'>ipsius</span> <span class='ocrx_word' id='word_1_89' title='bbox 1546 2143 1604 2207; x_wconf 89' lang='lat' dir='ltr'>per</span> <span class='ocrx_word' id='word_1_90' title='bbox 1627 2129 1767 2186; x_wconf 86' lang='lat' dir='ltr'>nostram</span> 
     </span>
     <span class='ocr_line' id='line_1_13' title="bbox 342 2227 1766 2313; baseline -0.004 -20"><span class='ocrx_word' id='word_1_91' title='bbox 342 2296 348 2309; x_wconf 67' lang='grc'><strong>,</strong></span> <span class='ocrx_word' id='word_1_92' title='bbox 369 2231 564 2295; x_wconf 89' lang='lat' dir='ltr'>maiestatem</span> <span class='ocrx_word' id='word_1_93' title='bbox 588 2231 648 2295; x_wconf 87' lang='lat' dir='ltr'>sibi</span> <span class='ocrx_word' id='word_1_94' title='bbox 670 2231 819 2295; x_wconf 85' lang='lat' dir='ltr'>donatam</span> <span class='ocrx_word' id='word_1_95' title='bbox 834 2229 1021 2313; x_wconf 86' lang='lat' dir='ltr'>Epemeaew</span> <span class='ocrx_word' id='word_1_96' title='bbox 1038 2231 1207 2293; x_wconf 81' lang='lat' dir='ltr'>vocitatam</span> <span class='ocrx_word' id='word_1_97' title='bbox 1223 2231 1256 2291; x_wconf 92' lang='lat' dir='ltr'>in</span> <span class='ocrx_word' id='word_1_98' title='bbox 1272 2234 1380 2292; x_wconf 88' lang='lat' dir='ltr'>vestra</span> <span class='ocrx_word' id='word_1_99' title='bbox 1394 2229 1557 2291; x_wconf 80' lang='lat' dir='ltr'>vicinitate</span> <span class='ocrx_word' id='word_1_100' title='bbox 1572 2227 1766 2291; x_wconf 87' lang='lat' dir='ltr'>adiacentem</span> 
     </span>
     <span class='ocr_line' id='line_1_14' title="bbox 370 2329 1769 2417; baseline -0.002 -21"><span class='ocrx_word' id='word_1_101' title='bbox 370 2336 592 2417; x_wconf 88' lang='lat' dir='ltr'>occupassetis,</span> <span class='ocrx_word' id='word_1_102' title='bbox 607 2334 708 2417; x_wconf 92' lang='lat' dir='ltr'>ipsius</span> <span class='ocrx_word' id='word_1_103' title='bbox 724 2333 875 2396; x_wconf 81' lang='lat' dir='ltr'>utilitates</span> <span class='ocrx_word' id='word_1_104' title='bbox 891 2334 925 2395; x_wconf 92' lang='lat' dir='ltr'>in</span> <span class='ocrx_word' id='word_1_105' title='bbox 940 2333 1170 2416; x_wconf 89' lang='lat' dir='ltr'>praeiudicium</span> <span class='ocrx_word' id='word_1_106' title='bbox 1184 2333 1264 2397; x_wconf 90' lang='lat' dir='ltr'>iuris</span> <span class='ocrx_word' id='word_1_107' title='bbox 1279 2332 1421 2397; x_wconf 90' lang='lat' dir='ltr'>eiusdem</span> <span class='ocrx_word' id='word_1_108' title='bbox 1433 2332 1645 2415; x_wconf 88' lang='lat' dir='ltr'>percipiendo.</span> <span class='ocrx_word' id='word_1_109' title='bbox 1666 2329 1769 2413; x_wconf 85' lang='lat' dir='ltr'>Super</span> 
     </span>
     <span class='ocr_line' id='line_1_15' title="bbox 371 2435 1768 2519; baseline -0.004 -19"><span class='ocrx_word' id='word_1_110' title='bbox 371 2455 434 2518; x_wconf 90' lang='lat' dir='ltr'>quo</span> <span class='ocrx_word' id='word_1_111' title='bbox 457 2435 600 2500; x_wconf 87' lang='lat' dir='ltr'>fidelitati</span> <span class='ocrx_word' id='word_1_112' title='bbox 623 2442 747 2500; x_wconf 89' lang='lat' dir='ltr'>vestrae</span> <span class='ocrx_word' id='word_1_113' title='bbox 769 2435 900 2499; x_wconf 88' lang='lat' dir='ltr'>firmiter</span> <span class='ocrx_word' id='word_1_114' title='bbox 922 2437 1152 2519; x_wconf 90' lang='lat' dir='ltr'>praecipientes</span> <span class='ocrx_word' id='word_1_115' title='bbox 1167 2438 1363 2517; x_wconf 89' lang='lat' dir='ltr'>mandamns,</span> <span class='ocrx_word' id='word_1_116' title='bbox 1386 2442 1547 2517; x_wconf 87' lang='lat' dir='ltr'>quatenus</span> <span class='ocrx_word' id='word_1_117' title='bbox 1563 2439 1768 2497; x_wconf 82' lang='lat' dir='ltr'>memoratam</span> 
     </span>
     <span class='ocr_line' id='line_1_16' title="bbox 369 2537 1836 2623; baseline -0.002 -21"><span class='ocrx_word' id='word_1_118' title='bbox 369 2542 601 2622; x_wconf 89' lang='lat' dir='ltr'>possessionem</span> <span class='ocrx_word' id='word_1_119' title='bbox 631 2540 701 2621; x_wconf 86' lang='lat' dir='ltr'>sibi,</span> <span class='ocrx_word' id='word_1_120' title='bbox 730 2545 827 2622; x_wconf 89' lang='lat' dir='ltr'>prout</span> <span class='ocrx_word' id='word_1_121' title='bbox 855 2559 912 2623; x_wconf 91' lang='lat' dir='ltr'>per</span> <span class='ocrx_word' id='word_1_122' title='bbox 942 2541 1127 2623; x_wconf 89' lang='lat' dir='ltr'>magistrum</span> <span class='ocrx_word' id='word_1_123' title='bbox 1150 2539 1330 2604; x_wconf 75' lang='lat' dir='ltr'>ladislaum</span> <span class='ocrx_word' id='word_1_124' title='bbox 1362 2541 1509 2603; x_wconf 90' lang='lat' dir='ltr'>comitem</span> <span class='ocrx_word' id='word_1_125' title='bbox 1532 2537 1712 2602; x_wconf 79' lang='lat' dir='ltr'>Siculorum</span> <span class='ocrx_word' id='word_1_126' title='bbox 1734 2544 1767 2600; x_wconf 91' lang='lat' dir='ltr'>et</span> <span class='ocrx_word' id='word_1_127' title='bbox 1803 2542 1836 2594; x_wconf 87' lang='grc'>15</span> 
     </span>
     <span class='ocr_line' id='line_1_17' title="bbox 374 2633 1767 2725; baseline -0.001 -20"><span class='ocrx_word' id='word_1_128' title='bbox 374 2641 622 2723; x_wconf 84' lang='lat' dir='ltr'>Bystriciensem</span> <span class='ocrx_word' id='word_1_129' title='bbox 646 2643 685 2706; x_wconf 90' lang='lat' dir='ltr'>de</span> <span class='ocrx_word' id='word_1_130' title='bbox 707 2643 856 2707; x_wconf 87' lang='lat' dir='ltr'>mandato</span> <span class='ocrx_word' id='word_1_131' title='bbox 880 2649 1007 2707; x_wconf 89' lang='lat' dir='ltr'>nostrae</span> <span class='ocrx_word' id='word_1_132' title='bbox 1030 2633 1209 2708; x_wconf 80' lang='lat' dir='ltr'>serenitatis</span> <span class='ocrx_word' id='word_1_133' title='bbox 1231 2650 1350 2708; x_wconf 88' lang='lat' dir='ltr'>statuta</span> <span class='ocrx_word' id='word_1_134' title='bbox 1364 2644 1431 2706; x_wconf 86' lang='lat' dir='ltr'>fore</span> <span class='ocrx_word' id='word_1_135' title='bbox 1447 2642 1653 2725; x_wconf 79' lang='lat' dir='ltr'>dignoscitur,</span> <span class='ocrx_word' id='word_1_136' title='bbox 1673 2639 1767 2722; x_wconf 90' lang='lat' dir='ltr'>plene</span> 
     </span>
     <span class='ocr_line' id='line_1_18' title="bbox 368 2743 1767 2830; baseline -0.001 -23"><span class='ocrx_word' id='word_1_137' title='bbox 368 2745 592 2827; x_wconf 86' lang='lat' dir='ltr'>possidendam</span> <span class='ocrx_word' id='word_1_138' title='bbox 607 2747 804 2829; x_wconf 88' lang='lat' dir='ltr'>relinquatis,</span> <span class='ocrx_word' id='word_1_139' title='bbox 822 2767 935 2811; x_wconf 91' lang='lat' dir='ltr'>manus</span> <span class='ocrx_word' id='word_1_140' title='bbox 951 2753 1073 2810; x_wconf 86' lang='lat' dir='ltr'>vestras</span> <span class='ocrx_word' id='word_1_141' title='bbox 1088 2747 1238 2830; x_wconf 89' lang='lat' dir='ltr'>deinceps</span> <span class='ocrx_word' id='word_1_142' title='bbox 1253 2746 1292 2810; x_wconf 89' lang='lat' dir='ltr'>ab</span> <span class='ocrx_word' id='word_1_143' title='bbox 1308 2747 1417 2810; x_wconf 88' lang='lat' dir='ltr'>eadem</span> <span class='ocrx_word' id='word_1_144' title='bbox 1433 2743 1657 2825; x_wconf 79' lang='lat' dir='ltr'>retrahendo,²)</span> <span class='ocrx_word' id='word_1_145' title='bbox 1674 2762 1767 2806; x_wconf 85' lang='lat' dir='ltr'>secus</span> 
     </span>
     <span class='ocr_line' id='line_1_19' title="bbox 369 2846 1767 2933; baseline 0 -24"><span class='ocrx_word' id='word_1_146' title='bbox 369 2846 472 2911; x_wconf 83' lang='lat' dir='ltr'>iacere</span> <span class='ocrx_word' id='word_1_147' title='bbox 488 2867 553 2910; x_wconf 90' lang='lat' dir='ltr'>non</span> <span class='ocrx_word' id='word_1_148' title='bbox 568 2856 815 2932; x_wconf 83' lang='lat' dir='ltr'>praesumentes.</span> <span class='ocrx_word' id='word_1_149' title='bbox 838 2849 956 2914; x_wconf 89' lang='lat' dir='ltr'>Datum</span> <span class='ocrx_word' id='word_1_150' title='bbox 975 2851 1008 2912; x_wconf 92' lang='lat' dir='ltr'>in</span> <span class='ocrx_word' id='word_1_151' title='bbox 1024 2849 1229 2933; x_wconf 89' lang='lat' dir='ltr'>Wyssegrad,</span> <span class='ocrx_word' id='word_1_152' title='bbox 1252 2849 1392 2914; x_wconf 86' lang='lat' dir='ltr'>seeundo</span> <span class='ocrx_word' id='word_1_153' title='bbox 1412 2849 1462 2913; x_wconf 91' lang='lat' dir='ltr'>die</span> <span class='ocrx_word' id='word_1_154' title='bbox 1478 2848 1550 2912; x_wconf 80' lang='lat' dir='ltr'>festi</span> <span class='ocrx_word' id='word_1_155' title='bbox 1571 2846 1767 2911; x_wconf 88' lang='lat' dir='ltr'>inventionis</span> 
     </span>
     <span class='ocr_line' id='line_1_20' title="bbox 368 2931 1287 3035; baseline 0.003 -22"><span class='ocrx_word' id='word_1_156' title='bbox 368 2956 495 3015; x_wconf 87' lang='lat' dir='ltr'>sanctae</span> <span class='ocrx_word' id='word_1_157' title='bbox 517 2952 629 3033; x_wconf 92' lang='lat' dir='ltr'>crucis,</span> <span class='ocrx_word' id='word_1_158' title='bbox 652 2972 736 3016; x_wconf 91' lang='lat' dir='ltr'>anno</span> <span class='ocrx_word' id='word_1_159' title='bbox 759 2953 880 3016; x_wconf 89' lang='lat' dir='ltr'>domini</span> <span class='ocrx_word' id='word_1_160' title='bbox 901 2931 1021 3019; x_wconf 62' lang='lat' dir='ltr'>liGCC.</span> <span class='ocrx_word' id='word_1_161' title='bbox 1040 2932 1142 3017; x_wconf 75' lang='lat' dir='ltr'>XXX</span> <span class='ocrx_word' id='word_1_162' title='bbox 1165 2960 1287 3035; x_wconf 89' lang='lat' dir='ltr'>quarto.</span> 
     </span>
    </p>
   </div>
   <div class='ocr_carea' id='block_1_7' title="bbox 522 3069 1836 3278">
    <p class='ocr_par' dir='ltr' id='par_1_7' title="bbox 522 3069 1836 3278">
     <span class='ocr_line' id='line_1_21' title="bbox 522 3069 1836 3157; baseline -0.005 -22"><span class='ocrx_word' id='word_1_163' title='bbox 522 3072 597 3156; x_wconf 84' lang='lat' dir='ltr'>Aus</span> <span class='ocrx_word' id='word_1_164' title='bbox 612 3072 667 3136; x_wconf 72' lang='lat' dir='ltr'>der</span> <span class='ocrx_word' id='word_1_165' title='bbox 681 3071 839 3137; x_wconf 76' lang='lat' dir='ltr'>Rtiobseite</span> <span class='ocrx_word' id='word_1_166' title='bbox 852 3074 998 3138; x_wconf 80' lang='lat' dir='ltr'>Adrcsse:</span> <span class='ocrx_word' id='word_1_167' title='bbox 1020 3074 1182 3138; x_wconf 76' lang='lat' dir='ltr'>bidelibus</span> <span class='ocrx_word' id='word_1_168' title='bbox 1204 3074 1270 3137; x_wconf 92' lang='lat' dir='ltr'>suis</span> <span class='ocrx_word' id='word_1_169' title='bbox 1290 3074 1450 3138; x_wconf 90' lang='lat' dir='ltr'>universis</span> <span class='ocrx_word' id='word_1_170' title='bbox 1468 3071 1594 3157; x_wconf 90' lang='lat' dir='ltr'>populis</span> <span class='ocrx_word' id='word_1_171' title='bbox 1609 3072 1649 3137; x_wconf 87' lang='lat' dir='ltr'>de</span> <span class='ocrx_word' id='word_1_172' title='bbox 1658 3069 1679 3149; x_wconf 82' lang='lat'>⁸)</span> <span class='ocrx_word' id='word_1_173' title='bbox 1695 3070 1765 3135; x_wconf 86' lang='lat' dir='ltr'>Jad.</span> <span class='ocrx_word' id='word_1_174' title='bbox 1800 3074 1836 3129; x_wconf 77' lang='lat'>20</span> 
     </span>
     <span class='ocr_line' id='line_1_22' title="bbox 531 3190 1651 3278; baseline -0.001 -22"><span class='ocrx_word' id='word_1_175' title='bbox 531 3190 627 3256; x_wconf 78' lang='lat' dir='ltr'>Unter</span> <span class='ocrx_word' id='word_1_176' title='bbox 647 3192 715 3256; x_wconf 81' lang='lat' dir='ltr'>dem</span> <span class='ocrx_word' id='word_1_177' title='bbox 739 3191 854 3276; x_wconf 69' lang='lat' dir='ltr'>stapel:</span> <span class='ocrx_word' id='word_1_178' title='bbox 875 3193 1004 3278; x_wconf 78' lang='lat' dir='ltr'>legatio</span> <span class='ocrx_word' id='word_1_179' title='bbox 1027 3214 1084 3278; x_wconf 92' lang='lat' dir='ltr'>per</span> <span class='ocrx_word' id='word_1_180' title='bbox 1105 3195 1291 3278; x_wconf 86' lang='lat' dir='ltr'>magistrum</span> <span class='ocrx_word' id='word_1_181' title='bbox 1314 3195 1446 3258; x_wconf 89' lang='lat' dir='ltr'>Pethew</span> <span class='ocrx_word' id='word_1_182' title='bbox 1467 3214 1486 3256; x_wconf 90' lang='lat' dir='ltr'>a</span> <span class='ocrx_word' id='word_1_183' title='bbox 1507 3193 1651 3257; x_wconf 84' lang='lat' dir='ltr'>vaivoda</span> 
     </span>
    </p>
   </div>
   <div class='ocr_carea' id='block_1_8' title="bbox 1023 3555 1113 3639">
    <p class='ocr_par' dir='ltr' id='par_1_8' title="bbox 1023 3555 1113 3639">
     <span class='ocr_line' id='line_1_23' title="bbox 1023 3555 1113 3639; baseline 0.022 -2"><span class='ocrx_word' id='word_1_184' title='bbox 1023 3555 1113 3639; x_wconf 77' lang='lat'><strong>507.</strong></span> 
     </span>
    </p>
   </div>
   <div class='ocr_carea' id='block_1_9' title="bbox 366 3734 1762 3949">
    <p class='ocr_par' dir='ltr' id='par_1_9' title="bbox 366 3734 1762 3949">
     <span class='ocr_line' id='line_1_24' title="bbox 444 3734 1762 3827; baseline 0.001 -22"><span class='ocrx_word' id='word_1_185' title='bbox 444 3737 549 3805; x_wconf 83' lang='grc'><em>1334</em></span> <span class='ocrx_word' id='word_1_186' title='bbox 574 3734 654 3806; x_wconf 74' lang='lat' dir='ltr'>Jolr·</span> <span class='ocrx_word' id='word_1_187' title='bbox 680 3738 744 3806; x_wconf 79' lang='lat'>23.</span> <span class='ocrx_word' id='word_1_188' title='bbox 791 3736 908 3827; x_wconf 65' lang='lat' dir='ltr'>Koniq</span> <span class='ocrx_word' id='word_1_189' title='bbox 934 3737 1029 3808; x_wconf 87' lang='lat' dir='ltr'>Korl</span> <span class='ocrx_word' id='word_1_190' title='bbox 1053 3738 1212 3810; x_wconf 67' lang='lat' dir='ltr'>verbicoet</span> <span class='ocrx_word' id='word_1_191' title='bbox 1238 3739 1304 3810; x_wconf 82' lang='lat' dir='ltr'>den</span> <span class='ocrx_word' id='word_1_192' title='bbox 1330 3737 1543 3808; x_wconf 66' lang='lat' dir='ltr'>Bactritsern</span> <span class='ocrx_word' id='word_1_193' title='bbox 1569 3736 1624 3807; x_wconf 80' lang='lat' dir='ltr'>dic</span> <span class='ocrx_word' id='word_1_194' title='bbox 1653 3734 1762 3806; x_wconf 78' lang='lat' dir='ltr'>Nata·</span> 
     </span>
     <span class='ocr_line' id='line_1_25' title="bbox 366 3854 1562 3949; baseline 0.003 -24"><span class='ocrx_word' id='word_1_195' title='bbox 366 3856 527 3945; x_wconf 73' lang='lat' dir='ltr'>nieraunp</span> <span class='ocrx_word' id='word_1_196' title='bbox 554 3856 616 3927; x_wconf 84' lang='lat' dir='ltr'>der</span> <span class='ocrx_word' id='word_1_197' title='bbox 641 3854 782 3927; x_wconf 73' lang='lat' dir='ltr'>Jolaan</span> <span class='ocrx_word' id='word_1_198' title='bbox 808 3857 922 3930; x_wconf 80' lang='lat' dir='ltr'>Henel</span> <span class='ocrx_word' id='word_1_199' title='bbox 944 3859 1128 3949; x_wconf 76' lang='lat' dir='ltr'>pcbdripcn</span> <span class='ocrx_word' id='word_1_200' title='bbox 1152 3859 1343 3948; x_wconf 73' lang='lat' dir='ltr'>Besitaunp</span> <span class='ocrx_word' id='word_1_201' title='bbox 1369 3857 1562 3948; x_wconf 76' lang='lat' dir='ltr'>Epeadorf.</span> 
     </span>
    </p>
   </div>
   <div class='ocr_carea' id='block_1_10' title="bbox 470 4017 1830 4176">
    <p class='ocr_par' dir='ltr' id='par_1_10' title="bbox 470 4017 1830 4176">
     <span class='ocr_line' id='line_1_26' title="bbox 523 4017 1830 4090; baseline -0.001 -17"><span class='ocrx_word' id='word_1_202' title='bbox 523 4017 699 4087; x_wconf 59' lang='lat' dir='ltr'>Oriijcrp.</span> <span class='ocrx_word' id='word_1_203' title='bbox 729 4018 833 4088; x_wconf 76' lang='lat' dir='ltr'>Uapar.</span> <span class='ocrx_word' id='word_1_204' title='bbox 852 4020 1111 4076; x_wconf 81' lang='lat' dir='ltr'>Notiouulmuscum</span> <span class='ocrx_word' id='word_1_205' title='bbox 1130 4022 1281 4090; x_wconf 80' lang='lat' dir='ltr'>Badapeat.</span> <span class='ocrx_word' id='word_1_206' title='bbox 1306 4019 1402 4090; x_wconf 74' lang='lat' dir='ltr'>Sieycl,</span> <span class='ocrx_word' id='word_1_207' title='bbox 1420 4020 1503 4088; x_wconf 82' lang='lat' dir='ltr'>rand,</span> <span class='ocrx_word' id='word_1_208' title='bbox 1521 4018 1628 4073; x_wconf 62' lang='lat' dir='ltr'>nemaeo</span> <span class='ocrx_word' id='word_1_209' title='bbox 1650 4017 1759 4086; x_wconf 73' lang='lat' dir='ltr'>Wocles,</span> <span class='ocrx_word' id='word_1_210' title='bbox 1796 4018 1830 4073; x_wconf 81' lang='lat'>25</span> 
     </span>
     <span class='ocr_line' id='line_1_27' title="bbox 470 4104 1035 4176; baseline 0.002 -18"><span class='ocrx_word' id='word_1_211' title='bbox 470 4121 530 4159; x_wconf 86' lang='lat' dir='ltr'>war</span> <span class='ocrx_word' id='word_1_212' title='bbox 548 4105 605 4172; x_wconf 78' lang='lat' dir='ltr'>aas</span> <span class='ocrx_word' id='word_1_213' title='bbox 617 4104 666 4158; x_wconf 75' lang='lat' dir='ltr'>der</span> <span class='ocrx_word' id='word_1_214' title='bbox 685 4104 829 4160; x_wconf 76' lang='lat' dir='ltr'>Rucuaeite</span> <span class='ocrx_word' id='word_1_215' title='bbox 847 4107 1035 4176; x_wconf 72' lang='lat' dir='ltr'>aafyedrriclrt.</span> 
     </span>
    </p>
   </div>
   <div class='ocr_carea' id='block_1_11' title="bbox 526 4225 1304 4298">
    <p class='ocr_par' dir='ltr' id='par_1_11' title="bbox 526 4225 1304 4298">
     <span class='ocr_line' id='line_1_28' title="bbox 526 4225 1304 4298; baseline 0.001 -18"><span class='ocrx_word' id='word_1_216' title='bbox 526 4225 750 4295; x_wconf 70' lang='lat' dir='ltr'>Unvollatdadiq:</span> <span class='ocrx_word' id='word_1_217' title='bbox 770 4226 852 4296; x_wconf 71' lang='lat' dir='ltr'>Napy</span> <span class='ocrx_word' id='word_1_218' title='bbox 873 4226 938 4283; x_wconf 82' lang='lat' dir='ltr'>Ood.</span> <span class='ocrx_word' id='word_1_219' title='bbox 957 4227 1163 4298; x_wconf 77' lang='lat' dir='ltr'>Andepaocncis</span> <span class='ocrx_word' id='word_1_220' title='bbox 1181 4227 1244 4295; x_wconf 86' lang='lat' dir='ltr'>III,</span> <span class='ocrx_word' id='word_1_221' title='bbox 1261 4231 1304 4284; x_wconf 80' lang='lat'>92.</span> 
     </span>
    </p>
   </div>
   <div class='ocr_carea' id='block_1_12' title="bbox 361 4399 1830 5217">
    <p class='ocr_par' dir='ltr' id='par_1_12' title="bbox 361 4399 1830 5217">
     <span class='ocr_line' id='line_1_29' title="bbox 518 4399 1759 4486; baseline 0 -23"><span class='ocrx_word' id='word_1_222' title='bbox 518 4399 657 4464; x_wconf 89' lang='lat' dir='ltr'>Karolus</span> <span class='ocrx_word' id='word_1_223' title='bbox 686 4400 736 4463; x_wconf 92' lang='lat' dir='ltr'>dei</span> <span class='ocrx_word' id='word_1_224' title='bbox 767 4402 868 4484; x_wconf 86' lang='lat' dir='ltr'>gratia</span> <span class='ocrx_word' id='word_1_225' title='bbox 897 4421 955 4466; x_wconf 84' lang='lat' dir='ltr'>rex</span> <span class='ocrx_word' id='word_1_226' title='bbox 984 4401 1169 4486; x_wconf 87' lang='lat' dir='ltr'>Hungan&#39;ae</span> <span class='ocrx_word' id='word_1_227' title='bbox 1195 4401 1344 4466; x_wconf 89' lang='lat' dir='ltr'>fidelibus</span> <span class='ocrx_word' id='word_1_228' title='bbox 1374 4401 1441 4466; x_wconf 88' lang='lat' dir='ltr'>suis</span> <span class='ocrx_word' id='word_1_229' title='bbox 1469 4401 1631 4464; x_wconf 88' lang='lat' dir='ltr'>universis</span> <span class='ocrx_word' id='word_1_230' title='bbox 1653 4400 1759 4479; x_wconf 86' lang='lat' dir='ltr'>iudici,</span> 
     </span>
     <span class='ocr_line' id='line_1_30' title="bbox 366 4503 1760 4589; baseline 0 -23"><span class='ocrx_word' id='word_1_231' title='bbox 366 4504 478 4567; x_wconf 88' lang='lat' dir='ltr'>iuratis</span> <span class='ocrx_word' id='word_1_232' title='bbox 502 4508 535 4567; x_wconf 93' lang='lat' dir='ltr'>et</span> <span class='ocrx_word' id='word_1_233' title='bbox 557 4504 758 4567; x_wconf 83' lang='lat' dir='ltr'>universitati</span> <span class='ocrx_word' id='word_1_234' title='bbox 784 4504 943 4589; x_wconf 92' lang='lat' dir='ltr'>hospitum</span> <span class='ocrx_word' id='word_1_235' title='bbox 968 4505 1234 4587; x_wconf 85' lang='lat' dir='ltr'>Byztriciensium</span> <span class='ocrx_word' id='word_1_236' title='bbox 1265 4505 1358 4568; x_wconf 88' lang='lat' dir='ltr'>etad</span> <span class='ocrx_word' id='word_1_237' title='bbox 1381 4503 1760 4584; x_wconf 84' lang='lat' dir='ltr'>sedemByztriciensem</span> 
     </span>
     <span class='ocr_line' id='line_1_31' title="bbox 364 4606 1830 4691; baseline -0.002 -22"><span class='ocrx_word' id='word_1_238' title='bbox 364 4607 592 4690; x_wconf 87' lang='lat' dir='ltr'>pertinentium</span> <span class='ocrx_word' id='word_1_239' title='bbox 615 4626 740 4669; x_wconf 85' lang='lat' dir='ltr'>necnon</span> <span class='ocrx_word' id='word_1_240' title='bbox 763 4606 833 4672; x_wconf 84' lang='lat' dir='ltr'>aliis</span> <span class='ocrx_word' id='word_1_241' title='bbox 856 4608 1052 4690; x_wconf 91' lang='lat' dir='ltr'>quibuslibet</span> <span class='ocrx_word' id='word_1_242' title='bbox 1074 4609 1190 4691; x_wconf 90' lang='lat' dir='ltr'>quovis</span> <span class='ocrx_word' id='word_1_243' title='bbox 1214 4608 1341 4672; x_wconf 90' lang='lat' dir='ltr'>nomine</span> <span class='ocrx_word' id='word_1_244' title='bbox 1364 4613 1397 4672; x_wconf 89' lang='lat' dir='ltr'>et</span> <span class='ocrx_word' id='word_1_245' title='bbox 1418 4608 1511 4671; x_wconf 87' lang='lat' dir='ltr'>titulo</span> <span class='ocrx_word' id='word_1_246' title='bbox 1534 4608 1663 4671; x_wconf 90' lang='lat' dir='ltr'>honoris</span> <span class='ocrx_word' id='word_1_247' title='bbox 1680 4625 1759 4688; x_wconf 91' lang='lat' dir='ltr'>quo·</span> <span class='ocrx_word' id='word_1_248' title='bbox 1794 4612 1830 4666; x_wconf 84' lang='lat'>30</span> 
     </span>
     <span class='ocr_line' id='line_1_32' title="bbox 364 4709 1760 4795; baseline -0.001 -21"><span class='ocrx_word' id='word_1_249' title='bbox 364 4728 503 4791; x_wconf 88' lang='lat' dir='ltr'>cumque</span> <span class='ocrx_word' id='word_1_250' title='bbox 518 4709 799 4793; x_wconf 81' lang='lat' dir='ltr'>praebdgentibus,</span> <span class='ocrx_word' id='word_1_251' title='bbox 823 4712 941 4793; x_wconf 90' lang='lat' dir='ltr'>quibus</span> <span class='ocrx_word' id='word_1_252' title='bbox 963 4717 1146 4795; x_wconf 87' lang='lat' dir='ltr'>praesentes</span> <span class='ocrx_word' id='word_1_253' title='bbox 1169 4711 1392 4791; x_wconf 88' lang='lat' dir='ltr'>ostenduntur,</span> <span class='ocrx_word' id='word_1_254' title='bbox 1414 4710 1598 4775; x_wconf 87' lang='lat' dir='ltr'>salutemet</span> <span class='ocrx_word' id='word_1_255' title='bbox 1619 4710 1760 4793; x_wconf 84' lang='lat' dir='ltr'>gratiam.</span> 
     </span>
     <span class='ocr_line' id='line_1_33' title="bbox 363 4812 1760 4898; baseline -0.001 -21"><span class='ocrx_word' id='word_1_256' title='bbox 363 4813 443 4877; x_wconf 83' lang='lat' dir='ltr'>Cum</span> <span class='ocrx_word' id='word_1_257' title='bbox 474 4833 533 4876; x_wconf 92' lang='lat' dir='ltr'>nos</span> <span class='ocrx_word' id='word_1_258' title='bbox 562 4832 603 4876; x_wconf 81' lang='lat' dir='ltr'>ex</span> <span class='ocrx_word' id='word_1_259' title='bbox 635 4812 741 4876; x_wconf 89' lang='lat' dir='ltr'>debito</span> <span class='ocrx_word' id='word_1_260' title='bbox 770 4816 909 4898; x_wconf 87' lang='lat' dir='ltr'>suscepti</span> <span class='ocrx_word' id='word_1_261' title='bbox 939 4816 1040 4878; x_wconf 90' lang='lat' dir='ltr'>nostri</span> <span class='ocrx_word' id='word_1_262' title='bbox 1069 4814 1231 4898; x_wconf 87' lang='lat' dir='ltr'>regiminis</span> <span class='ocrx_word' id='word_1_263' title='bbox 1261 4815 1342 4877; x_wconf 91' lang='lat' dir='ltr'>nulli</span> <span class='ocrx_word' id='word_1_264' title='bbox 1372 4814 1464 4878; x_wconf 91' lang='lat' dir='ltr'>nobis</span> <span class='ocrx_word' id='word_1_265' title='bbox 1486 4813 1702 4878; x_wconf 88' lang='lat' dir='ltr'>subiectorum</span> <span class='ocrx_word' id='word_1_266' title='bbox 1725 4814 1760 4875; x_wconf 91' lang='lat' dir='ltr'>in</span> 
     </span>
     <span class='ocr_line' id='line_1_34' title="bbox 362 4916 1759 5002; baseline 0 -22"><span class='ocrx_word' id='word_1_267' title='bbox 362 4936 421 4980; x_wconf 92' lang='lat' dir='ltr'>sno</span> <span class='ocrx_word' id='word_1_268' title='bbox 443 4917 512 4980; x_wconf 89' lang='lat' dir='ltr'>iure</span> <span class='ocrx_word' id='word_1_269' title='bbox 528 4917 700 4982; x_wconf 87' lang='lat' dir='ltr'>debeamus</span> <span class='ocrx_word' id='word_1_270' title='bbox 722 4916 834 4981; x_wconf 90' lang='lat' dir='ltr'>obesse</span> <span class='ocrx_word' id='word_1_271' title='bbox 856 4918 912 4982; x_wconf 90' lang='lat' dir='ltr'>sed</span> <span class='ocrx_word' id='word_1_272' title='bbox 936 4918 1042 5001; x_wconf 90' lang='lat' dir='ltr'>potius</span> <span class='ocrx_word' id='word_1_273' title='bbox 1056 4917 1215 5002; x_wconf 85' lang='lat' dir='ltr'>prodesse,</span> <span class='ocrx_word' id='word_1_274' title='bbox 1237 4918 1335 5000; x_wconf 85' lang='lat' dir='ltr'>igitur</span> <span class='ocrx_word' id='word_1_275' title='bbox 1352 4917 1490 5000; x_wconf 89' lang='lat' dir='ltr'>querelis</span> <span class='ocrx_word' id='word_1_276' title='bbox 1504 4918 1661 4981; x_wconf 85' lang='lat' dir='ltr'>Johannis</span> <span class='ocrx_word' id='word_1_277' title='bbox 1683 4917 1759 4980; x_wconf 91' lang='lat' dir='ltr'>dicti</span> 
     </span>
     <span class='ocr_line' id='line_1_35' title="bbox 361 5018 1760 5103; baseline 0.002 -21"><span class='ocrx_word' id='word_1_278' title='bbox 361 5018 466 5083; x_wconf 89' lang='lat' dir='ltr'>Henel</span> <span class='ocrx_word' id='word_1_279' title='bbox 487 5018 590 5083; x_wconf 88' lang='lat' dir='ltr'>fidelis</span> <span class='ocrx_word' id='word_1_280' title='bbox 605 5021 706 5082; x_wconf 91' lang='lat' dir='ltr'>nostri</span> <span class='ocrx_word' id='word_1_281' title='bbox 726 5020 942 5085; x_wconf 84' lang='lat' dir='ltr'>favorabiliter</span> <span class='ocrx_word' id='word_1_282' title='bbox 964 5021 1132 5101; x_wconf 82' lang='lat' dir='ltr'>exauditis,</span> <span class='ocrx_word' id='word_1_283' title='bbox 1156 5022 1297 5103; x_wconf 90' lang='lat' dir='ltr'>eoquod</span> <span class='ocrx_word' id='word_1_284' title='bbox 1320 5021 1492 5085; x_wconf 84' lang='lat' dir='ltr'>maiestatis</span> <span class='ocrx_word' id='word_1_285' title='bbox 1515 5026 1643 5084; x_wconf 88' lang='lat' dir='ltr'>nostrae</span> <span class='ocrx_word' id='word_1_286' title='bbox 1665 5038 1760 5085; x_wconf 87' lang='lat' dir='ltr'>aures</span> 
     </span>
     <span class='ocr_line' id='line_1_36' title="bbox 361 5121 1829 5217; baseline -0.001 -32"><span class='ocrx_word' id='word_1_287' title='bbox 361 5142 419 5205; x_wconf 89' lang='lat' dir='ltr'>pro</span> <span class='ocrx_word' id='word_1_288' title='bbox 443 5141 480 5185; x_wconf 90' lang='lat' dir='ltr'>eo</span> <span class='ocrx_word' id='word_1_289' title='bbox 504 5123 580 5203; x_wconf 87' lang='lat' dir='ltr'>quin</span> <span class='ocrx_word' id='word_1_290' title='bbox 609 5121 752 5185; x_wconf 89' lang='lat' dir='ltr'>universi</span> <span class='ocrx_word' id='word_1_291' title='bbox 775 5124 875 5187; x_wconf 90' lang='lat' dir='ltr'>nostri</span> <span class='ocrx_word' id='word_1_292' title='bbox 906 5123 1047 5207; x_wconf 87' lang='lat' dir='ltr'>hospites</span> <span class='ocrx_word' id='word_1_293' title='bbox 1069 5123 1303 5205; x_wconf 81' lang='lat' dir='ltr'>Byztricienses</span> <span class='ocrx_word' id='word_1_294' title='bbox 1332 5131 1365 5189; x_wconf 91' lang='lat' dir='ltr'>et</span> <span class='ocrx_word' id='word_1_295' title='bbox 1386 5124 1426 5188; x_wconf 91' lang='lat' dir='ltr'>ad</span> <span class='ocrx_word' id='word_1_296' title='bbox 1447 5123 1641 5217; x_wconf 77' lang='lat' dir='ltr'>Byztriciam</span> <span class='ocrx_word' id='word_1_297' title='bbox 1663 5124 1760 5208; x_wconf 84' lang='lat' dir='ltr'>perti-</span> <span class='ocrx_word' id='word_1_298' title='bbox 1795 5128 1829 5183; x_wconf 80' lang='grc'>35</span> 
     </span>
    </p>
   </div>
   <div class='ocr_carea' id='block_1_13' title="bbox 516 5245 1022 5534">
    <p class='ocr_par' dir='ltr' id='par_1_13' title="bbox 516 5245 1022 5534">
     <span class='ocr_line' id='line_1_37' title="bbox 518 5245 765 5360; baseline -0.004 -14"><span class='ocrx_word' id='word_1_299' title='bbox 518 5245 694 5360; x_wconf 56' lang='lat' dir='ltr'>¹)-Voilapa</span> <span class='ocrx_word' id='word_1_300' title='bbox 711 5291 765 5345; x_wconf 76' lang='lat' dir='ltr'>Ida</span> 
     </span>
     <span class='ocr_line' id='line_1_38' title="bbox 516 5377 876 5447; baseline 0.003 -16"><span class='ocrx_word' id='word_1_301' title='bbox 516 5380 538 5445; x_wconf 82' lang='lat'>¹)</span> <span class='ocrx_word' id='word_1_302' title='bbox 561 5377 694 5447; x_wconf 71' lang='lat' dir='ltr'>Vorloyc:</span> <span class='ocrx_word' id='word_1_303' title='bbox 711 5379 876 5433; x_wconf 75' lang='lat' dir='ltr'>reiterando.</span> 
     </span>
     <span class='ocr_line' id='line_1_39' title="bbox 516 5462 1022 5534; baseline 0.006 -18"><span class='ocrx_word' id='word_1_304' title='bbox 516 5465 539 5533; x_wconf 86' lang='lat'>⁸)</span> <span class='ocrx_word' id='word_1_305' title='bbox 557 5462 686 5532; x_wconf 64' lang='lat' dir='ltr'>Hkrauf</span> <span class='ocrx_word' id='word_1_306' title='bbox 698 5463 951 5534; x_wconf 71' lang='lat' dir='ltr'>durclepestn&#39;cben:</span> <span class='ocrx_word' id='word_1_307' title='bbox 968 5465 1022 5519; x_wconf 83' lang='lat' dir='ltr'>Ida</span> 
     </span>
    </p>
   </div>
   <div class='ocr_carea' id='block_1_14' title="bbox 0 0 2046 6300">
    <p class='ocr_par' dir='ltr' id='par_1_14' title="bbox 0 0 2046 6300">
     <span class='ocr_line' id='line_1_40' title="bbox 0 0 2046 6300; baseline 0 0"><span class='ocrx_word' id='word_1_308' title='bbox 0 0 2046 6300; x_wconf 95' lang='lat' dir='ltr'> </span> 
     </span>
    </p>
   </div>
  </div>
 </body>
</html>
