4106 6294
1020 598 1083 662 296

972 684 1126 694 *υ

350 787 452 849 eidem
476 786 717 869 reportabimus,
742 786 793 850 vel
816 788 843 850 si
865 786 949 851 idem
966 788 1115 852 dominns
1137 792 1246 851 noster
1269 794 1343 851 ante
1366 787 1562 871 praedictum
1579 789 1752 852 terminum

352 891 620 973 quandocumque
643 911 757 955 versus
786 896 893 975 partes
914 892 1154 956 'transsilvanas
1177 893 1310 974 venerit,
1340 893 1443 956 eidem
1475 891 1697 955 exhibebimus
1719 900 1752 955 et

349 996 565 1076 resumemus,
596 996 641 1058 ita
663 1002 769 1059 tamen
794 997 881 1077 quod
913 997 981 1080 ipso
1006 998 1056 1060 die
1078 996 1248 1080 petitiones
1271 1002 1396 1060 nostras
1419 997 1620 1079 porrigemus
1642 1003 1675 1060 et
1696 1015 1750 1080 pe-

350 1106 455 1163 temus
481 1118 539 1182 per
560 1099 698 1182 regalem
722 1099 973 1163 munificentiam
995 1120 1055 1163 uos
1077 1100 1165 1182 diligi
1188 1106 1220 1163 et
1242 1101 1448 1181 remunerari,
1476 1102 1559 1164 sicut
1583 1100 1674 1163 decet
1695 1117 1751 1182 per

350 1204 468 1286 regiam
493 1203 696 1267 maiestatem
730 1202 811 1267 Item
834 1204 1038 1287 promisimus
1061 1204 1163 1268 eidem
1186 1206 1354 1269 restituere
1377 1211 1409 1268 et
1430 1207 1592 1268 remittere
1614 1205 1751 1287 argenti·
1786 1215 1803 1267 5

350 1308 491 1371 fodinam
515 1308 554 1371 de
576 1307 698 1390 Rodna,
727 1309 912 1372 comitatum
941 1308 980 1371 de
1002 1308 1167 1389 Byzterca
1198 1309 1384 1373 comitatum
1406 1310 1446 1373 de
1468 1308 1629 1390 Scybinio,
1655 1308 1752 1371 comi·

351 1418 454 1476 tatum
476 1412 678 1493 Syculorum,
705 1411 797 1475 villas
819 1410 912 1491 Deea
944 1412 1021 1476 Olus
1042 1418 1074 1476 et
1097 1413 1179 1477 Zeeh
1202 1434 1275 1477 cum
1299 1414 1403 1477 cilicio
1426 1432 1579 1493 camerae,
1610 1412 1698 1494 quod
1718 1412 1751 1474 in

350 1517 468 1581 eisdem
493 1517 577 1580 villis
599 1516 709 1580 haberi
731 1518 906 1580 consuevit.
939 1517 988 1579 Ad
1014 1537 1095 1598 qnae
1118 1516 1250 1580 firmiter
1273 1537 1329 1600 per
1352 1517 1549 1599 praedictum
1571 1516 1751 1580 ladislaum

351 1622 519 1685 vaivodam
544 1621 681 1683 tenenda
701 1626 733 1683 et
747 1621 940 1684 attendenda
959 1641 1018 1684 nos
1035 1620 1196 1684 Omodous
1211 1623 1378 1704 palatinus,
1402 1622 1551 1703 magister
1566 1621 1752 1686 Dominicus

331 1725 409 1788 ,suh
432 1745 536 1808 poena
558 1726 687 1808 periurii
712 1725 898 1808 obligamus,
921 1744 1018 1808 super
1039 1725 1186 1788 vivificae
1208 1726 1313 1788 erucis
1335 1726 1422 1807 ligno
1446 1726 1566 1788 domini
1589 1746 1750 1790 unacum
1788 1737 1821 1788 lo

351 1829 513 1912 praedicto
529 1827 674 1892 Ladislao
701 1829 835 1891 vaivoda
850 1828 1024 1892 venerabili
1046 1831 1128 1912 patri
1151 1830 1280 1892 domino
1296 1829 1432 1892 Thomas
1456 1829 1505 1893 dei
1528 1830 1628 1912 gratia
1651 1830 1751 1893 archi-

351 1932 498 2016 episcopo
530 1930 741 2014 strigoniensi
774 1952 810 1995 ac
837 1934 985 2017 religioso
1016 1936 1086 1997 viro
1120 1934 1210 1996 tratri
1240 1933 1396 2014 Dyonisio
1430 1934 1542 1997 lectori
1572 1934 1611 1997 de
1640 1935 1751 1998 ordine

352 2038 487 2100 fratrum
509 2035 680 2119 Minornm
711 2037 902 2100 venerahilis
930 2038 1029 2122 patris
1059 2045 1092 2101 et
1121 2038 1241 2100 domini
1272 2037 1378 2101 hatris
1405 2037 1540 2102 Gentilis
1570 2039 1621 2102 dei
1652 2040 1752 2122 gratia

352 2140 437 2204 tituli
461 2142 562 2204 sancti
577 2140 705 2204 Martini
727 2142 760 2204 in
776 2141 941 2205 Montibus
957 2141 1135 2224 presbyteri
1150 2142 1327 2212 cardinalis,
1351 2142 1542 2225 apostolieae
1558 2143 1642 2206 sedis
1656 2143 1751 2227 legati

350 2245 593 2328 poenitentiario
610 2251 642 2309 et
657 2246 829 2329 capellano,
852 2246 1057 2329 corporaliter
1080 2247 1230 2329 praestito
1245 2247 1433 2309 iuramento.
1465 2247 1501 2309 In
1517 2248 1611 2310 errius
1626 2248 1672 2310 rei
1688 2253 1750 2311 tes·
1789 2260 1819 2310 15

352 2350 518 2413 timonium
550 2356 583 2413 et
604 2356 790 2433 perpetuam
812 2349 994 2411 firmitatem
1026 2354 1135 2412 nostro
1167 2370 1203 2413 ac
1226 2350 1382 2413 dictorum
1408 2350 1540 2413 Omodei
1566 2351 1697 2434 palatini
1720 2358 1752 2415 et

351 2454 494 2537 magistri
515 2453 673 2517 Dominici
705 2453 815 2535 sigillis
845 2460 1028 2536 praesentes
1058 2452 1166 2517 literas
1188 2454 1321 2518 fecimus
1344 2455 1542 2518 communiri.
1576 2455 1695 2519 Datum
1717 2456 1750 2518 in

353 2558 544 2641 Zeguedino,
576 2558 654 2620 feria
684 2564 798 2639 quarta
819 2558 967 2641 proxima
988 2562 1060 2643 post
1083 2557 1273 2622 dominicam
1295 2558 1411 2631 Judica
1434 2578 1492 2639 me,
1524 2580 1608 2623 anno
1632 2560 1751 2624 domini

351 2661 393 2726 Μ.
417 2660 501 2727 000.
525 2661 656 2726 decimo.

1010 2976 1103 3060 320.
1786 3002 1821 3057 ao

429 3161 528 3230 1310
544 3156 734 3230 November
747 3161 784 3230 2.
812 3159 929 3250 Kdar'p
942 3160 1037 3230 Kcrl
1055 3160 1213 3249 besldtipt
1232 3159 1287 3230 die
1309 3156 1473 3229 Urkaade
1491 3159 1550 3229 des
1563 3160 1679 3230 taeter
1691 3180 1753 3229 rex

352 3279 505 3371 Stephon
531 3302 595 3351 voa
621 3282 728 3350 1265
756 3279 822 3350 Nr.
850 3285 922 3351 110
957 3284 1020 3352 mit
1051 3282 1114 3353 der
1149 3279 1313 3351 Urtuade
1340 3280 1399 3351 des
1435 3278 1628 3351 Woiwodea
1654 3279 1750 3350 Lau·

351 3402 484 3473 rectius
511 3404 704 3473 v0a1248
731 3400 797 3471 Nr.
821 3403 875 3471 84
894 3402 964 3489 fiir
991 3403 1046 3474 die
1065 3401 1259 3474 Deatscbea
1285 3404 1323 3473 ia
1348 3401 1450 3473 Wiae
1468 3402 1541 3472 aad
1560 3402 1750 3493 Barqberq.

509 3566 712 3634 Einpecchaltet
731 3581 781 3619 coa
800 3566 895 3634 Kdaip
914 3566 1031 3634 liudwip
1049 3567 1075 3619 Ι.
1097 3571 1163 3620 1359
1185 3567 1243 3620 aad
1261 3567 1310 3618 mil-
1328 3566 1416 3619 dieser
1440 3566 1569 3622 Urtunde
1588 3585 1639 3621 coa
1657 3568 1752 3637 Kdaiy

457 3652 592 3722 &emend
611 3657 686 3718 1121,
709 3650 783 3720 Om'q.
803 3652 983 3706 Heramraaat.
996 3653 1106 3705 Archia.
1120 3683 1153 3692 -
1172 3653 1228 3705 Die
1245 3653 1374 3707 ortunae
1387 3652 1537 3722 &paenas
1553 3653 1591 3706 ist
1608 3653 1678 3706 aerb
1694 3653 1750 3707 ein·
1786 3654 1820 3706 ‘25

455 3738 599 3807 geschaltet
617 3755 669 3792 non
688 3739 782 3807 Kdnic
805 3738 980 3793 Wadislaaa
999 3740 1042 3793 ΙΙ.
1063 3744 1138 3806 1515,
1161 3739 1237 3808 Ortq.
1257 3739 1436 3793 Romami.
1456 3739 1566 3794 Archiv.

509 3913 647 3977 Karolus
670 3915 720 3977 dei
736 3916 836 3997 gratia
851 3914 1044 3998 Hungariae.
1068 3913 1258 3995 Dalmaciae
1282 3914 1439 3997 Croaeiaa
1463 3916 1589 3995 Ramae,
1613 3914 1752 3991 Serniae,

354 4016 511 4098 (isthemo,
533 4016 748 4099 Lodomeriaa
772 4019 942 4082 Oomaniae
957 4018 1191 4101 Bulgariaeque
1216 4038 1274 4082 rex
1291 4021 1451 4083 universis
1467 4019 1583 4083 Christi
1604 4018 1752 4082 fidelibus

354 4129 418 4185 tam
440 4123 661 4205 praesentibus
685 4143 781 4204 quam
804 4124 921 4187 tuturis
937 4123 1089 4206 scriptum
1114 4123 1305 4206 inspecturis
1329 4123 1463 4186 salutem
1479 4124 1512 4185 in
1530 4124 1672 4186 omnium
1690 4124 1751 4186 sal·

354 4231 472 4289 vatore.
499 4226 615 4309 Regiae
631 4227 828 4290 celsitudinis
851 4228 1035 4291 incumbere
1059 4227 1256 4309 dignoscitur
1278 4225 1390 4305 officio,
1414 4234 1450 4290 ut
1473 4246 1605 4290 suorum
1628 4226 1750 4289 subiec-
1786 4235 1820 4287 30

354 4335 460 4393 torum
491 4329 644 4412 obsequia
666 4329 772 4394 fidelia
794 4331 930 4413 benigne
953 4336 1172 4414 recompenset
1203 4337 1234 4393 et
1257 4331 1444 4394 donationes
1474 4332 1582 4394 asnis
1605 4330 1751 4413 progeni-

354 4434 478 4497 toribus
507 4434 626 4498 eisdem
649 4434 878 4497 rationabiliter
901 4434 1029 4497 collatas
1052 4434 1213 4517 approbet,
1244 4433 1379 4497 ratificat
1405 4440 1438 4497 et
1460 4434 1633 4498 confirmet.
1667 4434 1751 4497 Hinc

354 4539 504 4619 estquod
528 4538 751 4602 universorum
774 4538 904 4602 notitiae
927 4538 1039 4601 harum
1062 4539 1143 4602 serie
1163 4538 1369 4617 declaramus
1393 4539 1479 4620 qumi
1502 4538 1688 4601 accedentes
1711 4538 1750 4600 ad

354 4647 494 4706 nostram
524 4643 734 4725 praesentiam
757 4641 923 4721 Renerius,
946 4643 1123 4706 Cristianns
1153 4650 1184 4706 et
1205 4643 1297 4723 Heys
1326 4643 1457 4705 comites
1488 4643 1527 4705 de
1551 4642 1680 4722 Wynch
1703 4642 1751 4703 in-

353 4748 460 4811 feriori
482 4748 611 4809 nomine
634 4754 665 4809 et
680 4747 750 4810 vice
766 4748 991 4810 universorum
1014 4748 1173 4829 hospitum
1190 4753 1370 4809 nostrorum
1392 4748 1430 4810 de
1447 4748 1515 4829 ipsa
1531 4746 1605 4808 villa
1621 4746 1750 4827 Wynolr
1785 4755 1818 4805 35

354 4851 459 4915 dilecti
476 4855 507 4914 et
521 4849 632 4914 fideles
649 4850 747 4912 nostri
763 4850 981 4913 exhibuerunt
995 4849 1087 4912 nobis
1103 4849 1210 4913 literas
1225 4850 1436 4933 privilegiales
1453 4851 1614 4932 quondam
1631 4851 1749 4912 domini

354 4954 504 5038 Stephani
532 4954 666 5017 iunioris
689 4954 773 5035 regis
795 4954 989 5036 Hungariae‚
1016 4952 1106 5015 ducis
1127 4954 1353 5033 Transsiluani,
1385 4955 1503 5018 domini
1528 4956 1750 5022 comanorum.

354 5059 406 5122 avi
435 5060 536 5122 nostri
565 5057 748 5142 praedilecti
777 5057 878 5120 felicis
900 5058 1128 5121 recordationis
1158 5077 1255 5142 snper
1277 5058 1477 5121 libertatibus
1503 5067 1534 5122 et
1557 5058 1627 5121 aliis
1651 5059 1749 5121 dona-

356 5163 495 5228 tionibus
517 5163 635 5227 eisdem
659 5160 837 5244 hospitibus
859 5162 950 5225 factis
973 5162 1142 5242 coniectas
1172 5168 1316 5245 petentes
1339 5182 1399 5225 nos
1422 5182 1495 5225 curn
1518 5163 1670 5225 instantia
1692 5162 1751 5225 hu-

355 5268 471 5330 militer
493 5274 525 5330 et
547 5266 670 5337 devote,
693 5270 731 5328 ut
753 5265 878 5329 easdem
902 5266 1010 5328 literas
1031 5266 1244 5349 privilegiales
1260 5272 1344 5329 ratas
1368 5267 1482 5330 habere
1505 5271 1537 5329 et
1557 5274 1666 5330 nostro
1682 5267 1750 5348 dig·
1785 5274 1820 5323 ro

355 5390 505 5434 naremur
527 5370 692 5454 privilegio
715 5368 910 5435 confirmare.
942 5370 1084 5447 Quarum
1106 5375 1199 5433 tenor
1222 5371 1292 5434 talis
1315 5378 1370 5434 est.
1399 5369 1503 5453 (Felpt
1525 5369 1574 5432 die
1604 5368 1751 5433 lla-tende

355 5473 406 5537 des
434 5474 538 5537 luatbr
566 5494 622 5536 rex
646 5472 781 5554 Stephon
812 5495 867 5538 een
889 5474 976 5537 1265
997 5470 1055 5537 Nr.
1078 5474 1138 5535 110
1167 5475 1223 5536 mit
1244 5473 1299 5536 der
1329 5471 1476 5537 Urbande
1497 5473 1549 5536 das
1578 5471 1751 5537 Woiuotea
