4106 6294
914 580 1070 675 —aae—

295 767 330 831 in
359 768 590 852 praeiudicium
619 768 755 833 aliorum
785 788 843 853 per
870 769 1006 834 abusum
1035 769 1201 852 potestatis
1222 769 1363 835 indebite
1392 769 1490 835 fuisse
1516 771 1695 855 subrogata

296 871 435 936 Proinde
458 872 499 935 ad
520 873 747 937 universorum
768 874 913 938 notitiam
936 879 1000 937 tam
1018 874 1234 956 praesentium
1257 891 1354 955 quam
1376 874 1560 937 futurorum
1582 875 1696 938 harum

296 975 378 1039 serie
408 975 559 1040 volumus
589 978 772 1061 pervenire,
812 978 899 1060 quod
928 977 989 1040 riri
1020 976 1147 1040 discreti
1177 977 1327 1060 magister
1355 977 1504 1041 videlicet
1531 978 1695 1043 lohannes

297 1079 540 1145 archidiaconus
562 1081 712 1146 Albensis
743 1087 775 1146 et
797 1083 947 1165 magister
968 1081 1085 1145 Petrus
1118 1080 1358 1144 archidiaconus
1381 1080 1421 1144 de
1443 1080 1556 1145 Zouulr
1584 1080 1695 1146 fideles

245 1188 262 1241 5
298 1183 399 1246 nostri
429 1184 499 1248 rice
521 1188 554 1248 et
575 1185 705 1249 nomine
735 1185 865 1269 capituli
895 1185 1046 1249 ecclesiae
1076 1183 1160 1247 beati
1189 1183 1351 1247 Michaelis
1382 1183 1625 1249 'lhanssiluanae
1655 1185 1695 1248 ad

297 1291 425 1350 nostrae
447 1288 621 1352 maiestatis
643 1289 856 1373 praesentiam
879 1289 1066 1353 accedentes
1088 1287 1306 1352 exhibuerunt
1326 1288 1419 1352 nobis
1440 1288 1548 1353 literas
1570 1294 1696 1353 nostras

296 1393 441 1474 patentes
471 1411 568 1475 super
600 1393 813 1477 resignatione
847 1393 1013 1456 cuiusdam
1050 1392 1259 1476 possessionis
1289 1392 1441 1455 Zalathna
1474 1399 1605 1457 vocatae
1639 1413 1696 1476 per

296 1495 445 1559 comitem
466 1494 635 1559 Nicolaum
657 1496 759 1560 filium
782 1496 930 1561 Corrardi
952 1497 992 1561 de
1013 1496 1183 1559 Tholmach
1205 1496 1289 1559 lacta
1310 1496 1479 1579 contectas,
1510 1502 1655 1580 petentes
1677 1518 1697 1561 a

297 1596 465 1662 nobiscum
495 1599 663 1683 instantia,
692 1606 730 1665 ut
759 1600 800 1664 ad
829 1601 980 1665 maiorem
1008 1601 1090 1664 iuris
1119 1602 1262 1685 ipsorum
1291 1602 1566 1665 conservationem
1596 1602 1696 1666 dictas

229 1705 264 1759 10
299 1701 406 1766 literas
421 1703 596 1787 approbare
612 1710 644 1769 et
659 1710 768 1768 nostro
784 1705 988 1788 dignaremur
1002 1704 1167 1788 privilegio
1190 1703 1385 1768 confirmare.
1408 1702 1551 1779 Quarum
1566 1705 1696 1787 quidem

297 1804 462 1869 literarum
490 1813 583 1871 tenor
604 1807 676 1871 talis
706 1815 762 1872 est
795 1806 900 1891 (aaut
928 1807 977 1871 die
1014 1804 1160 1872 Urkanda
1189 1808 1241 1872 des
1269 1806 1388 1891 Kaaqs
1416 1805 1501 1871 Korl
1528 1828 1585 1871 oon
1614 1809 1697 1871 1318

297 1906 356 1972 Nr.
380 1909 473 1991 353.)
509 1910 577 1975 Nos
606 1912 704 1995 igitur
734 1912 791 1994 qui
819 1930 861 1975 ex
892 1910 997 1975 officio
1020 1911 1158 1994 suseepti
1190 1911 1353 1994 regiminis
1375 1930 1639 1994 unumquemque
1662 1913 1696 1975 in

298 2032 357 2076 suo
387 2013 457 2078 iure
487 2033 677 2080 conservare
705 2021 737 2080 et
766 2016 942 2098 unicuique
963 2016 1014 2079 ius
1044 2034 1140 2079 suum
1171 2034 1235 2097 quo
1259 2016 1332 2097 quis
1360 2014 1521 2098 indigue1)
1551 2016 1696 2098 privatus

299 2118 423 2182 exstitit
451 2118 584 2183 reddere
613 2125 645 2183 et
673 2140 759 2183 nova
787 2120 1025 2184 introductione
1059 2119 1100 2182 ad
1127 2125 1246 2183 statum
1278 2119 1449 2203 pristinum
1482 2139 1633 2184 revocare
1662 2125 1696 2184 et

230 2226 263 2280 16
299 2227 477 2287 restaurare
500 2222 683 2302 debemus’)
705 2224 940 2308 praedictorum
962 2224 1185 2306 magistrorum
1200 2222 1357 2287 iohannis
1379 2229 1412 2287 et
1433 2222 1520 2287 Petri
1543 2223 1696 2287 archidia-

299 2344 453 2388 conorum
475 2326 619 2390 inclinati
634 2328 733 2391 dictas
747 2327 856 2391 literas
878 2331 1004 2390 nostras
1019 2332 1166 2410 patentes
1182 2346 1248 2390 non
1263 2327 1400 2409 abrasas
1423 2346 1488 2391 nou
1504 2327 1693 2391 cancellatas

299 2448 358 2493 nec
387 2430 421 2492 in
451 2430 560 2512 aliqua
589 2431 640 2495 sui
662 2437 751 2515 parte
774 2433 900 2495 vitiatas
931 2431 970 2494 de
993 2429 1090 2494 verbo
1119 2430 1159 2493 ad
1182 2429 1315 2493 verbum
1344 2430 1566 2513 praesentibus
1593 2431 1695 2495 literis

299 2533 417 2597 nostris
439 2534 689 2618 privilegialibus
712 2535 807 2599 inseri
832 2535 983 2599 iacientes
998 2534 1200 2616 ratificamus
1223 2532 1435 2617 approbamus
1457 2540 1490 2598 et
1512 2534 1606 2598 etiam
1622 2554 1697 2597 oon-

297 2634 461 2701 firmamus
475 2638 529 2719 ita,
545 2639 632 2721 quod
647 2658 799 2723 praesens
813 2644 924 2702 nostra
934 2637 1114 2702 ratihabitio
1126 2637 1229 2701 dictam
1244 2638 1467 2721 resignationis
1482 2657 1539 2722 per
1549 2638 1697 2702 comitem

231 2745 266 2800 20
299 2739 467 2805 Nicolaum
490 2741 593 2806 filium
615 2741 763 2807 Corrardi
792 2742 894 2807 factae
916 2748 1106 2826 perpetuum
1129 2740 1171 2805 sit
1191 2741 1434 2806 munimentum
1455 2741 1496 2805 In
1517 2743 1610 2806 euius
1631 2761 1698 2807 me-

299 2845 433 2909 moriam
458 2852 710 2930 perpetuamque
730 2844 911 2909 firmitatem
934 2850 1060 2910 nostras
1081 2844 1190 2909 literas
1207 2845 1421 2929 privilegiales
1443 2846 1581 2930 capitulo
1607 2865 1698 2930 prae·

299 2948 396 3013 libato
411 2949 546 3014 fecimus
558 2951 699 3014 emanari
710 2949 845 3033 duplicis
860 2949 956 3033 sigilli
971 2950 1072 3013 nostri
1085 2949 1261 3013 munimine
1277 2954 1309 3013 et
1320 2950 1514 3034 appensione
1525 2949 1697 3014 roboratas

299 3050 417 3117 Datum
432 3073 490 3138 per
504 3074 619 3117 manus
635 3054 762 3118 discreti
777 3054 839 3117 riri
857 3054 999 3137 magistri
1013 3053 1034 3116 J
1036 3053 1170 3117 ohannis
1184 3053 1355 3138 praepositi
1374 3053 1524 3118 ecclesiae
1538 3053 1697 3135 Albensis

300 3157 392 3222 aulae
422 3164 551 3222 nostrae
573 3158 824 3222 vicecancellarii
853 3162 885 3222 et
916 3158 1128 3221 archidiaconi
1150 3158 1189 3221 de
1212 3157 1376 3222 Kulrulleu
1406 3157 1512 3220 dilecti
1533 3163 1565 3221 et
1595 3155 1698 3221 tidelis

231 3264 265 3320 25
300 3262 411 3344 nostri,
433 3281 518 3325 anno
534 3262 655 3326 domini
676 3239 718 3325 ld.
741 3239 844 3326 (wll,
867 3261 989 3325 decimo
1001 3267 1123 3343 octavu,
1139 3267 1252 3343 quarto
1265 3261 1387 3324 decimo
1400 3260 1560 3325 Kalendas
1574 3260 1694 3344 Marcii,

300 3365 391 3448 regui
412 3371 519 3431 autem
542 3367 644 3430 nostri
665 3385 750 3429 anno
773 3365 917 3429 similiter
938 3365 1060 3429 decimo
1084 3371 1205 3429 octavo.

957 3656 1050 3743 atu.

377 3829 479 3898 1318
518 3823 625 3917 April
658 3828 716 3897 21.
774 3824 852 3897 Dos
895 3824 1196 3898 Groaswordeiuer
1236 3824 1381 3916 Kopitel
1419 3823 1573 3916 beaeaqt,
1619 3824 1699 3896 dues

300 3945 414 4034 Elios,
449 3945 572 4035 Jeme,
601 3946 771 4019 Nikolaou
801 3947 875 4018 aad
900 3947 1018 4017 dassen
1043 3945 1187 4017 Brader
1211 3944 1334 4032 Jalcob,
1371 3943 1497 4036 Adliga
1530 3947 1569 4016 io
1594 3943 1697 4032 aaut,

233 4081 268 4136 30
301 4067 421 4140 Besite
446 4068 594 4139 duselbst
620 4066 727 4140 simul
754 4090 832 4139 cum
859 4066 933 4139 iure
960 4071 1163 4161 patronatus
1189 4064 1353 4138 ecclesiae
1378 4065 1497 4138 beatae
1519 4063 1700 4137 Elisabeth

298 4211 406 4280 yepes
430 4187 549 4260 Besita
579 4189 639 4260 dea
663 4188 980 4280 siebeabttryiscbea
1005 4187 1168 4275 Biscbofs
1193 4188 1233 4258 in
1258 4186 1433 4274 Blatrotb,
1465 4185 1505 4257 in
1531 4184 1619 4258 villa
1645 4207 1698 4257 ec·

301 4308 427 4380 clesiae
454 4330 538 4381 suae
563 4306 700 4401 Beruey
726 4314 867 4381 vocatae
892 4314 1039 4403 quatuor
1063 4307 1140 4380 loca
1172 4306 1381 4380 sessionalia
1406 4328 1485 4378 cum
1516 4304 1641 4376 usibus
1666 4310 1701 4377 et

301 4427 512 4501 utilitatibus
540 4427 584 4501 ad
610 4428 673 4501 hoo
699 4429 799 4501 iuxta
825 4427 1105 4501 consuetudinem
1132 4427 1364 4524 possessionis
1392 4450 1454 4499 seu
1479 4425 1699 4522 iobagionum

302 4548 465 4622 ecclesiae
488 4572 572 4622 suae
590 4549 629 4621 in
647 4549 763 4623 eadem
782 4549 1051 4647 congruentibus
1070 4556 1103 4622 et
1119 4549 1231 4622 divise
1248 4547 1455 4642 cedentibus,
1479 4549 1529 4618 im
1548 4546 1699 4619 Tcascb·

233 4686 268 4739 ss
301 4693 391 4761 wege
418 4670 604 4763 ahqeqebea
629 4672 747 4745 baben.

380 4789 511 4864 Datum
530 4797 629 4864 senta
645 4791 734 4865 feria
751 4792 911 4888 proxima
928 4796 1006 4887 post
1023 4790 1230 4864 dominicam
1248 4788 1582 4886 Ramispalmarum
1608 4810 1700 4861 anno

302 4911 433 4984 domini
455 4911 495 4986 M
521 4885 603 4986 0οῧ
628 4911 722 4986 Xmo
749 4920 876 4987 octavo.

458 5076 662 5148 Eiogmcbaltet
691 5092 745 5131 oon
772 5076 833 5131 333
861 5075 1103 5132 marmoratam
1129 5074 1245 5145 Kapitel
1274 5079 1355 5144 1352,
1387 5073 1464 5145 On'p.
1491 5073 1701 5143 Kapitelcrcba'o

406 5162 575 5234 Kurlabarq.

233 5267 269 5322 40
461 5266 573 5337 13933
590 5268 721 5324 33333
733 5267 824 5323 seros
835 5271 878 5324 oe.
897 5267 984 5335 raa
996 5266 1086 5323 eoae
1100 5266 1189 5335 ΠΗ,
1200 5270 1226 5335 2,
1239 5268 1299 5320 rsa.
1320 5264 1483 5320 renonum
1495 5264 1628 5332 arroso,
1640 5267 1700 5319 sea.

459 5409 481 5477 ¹)
498 5407 637 5477 Hierasos:
653 5407 768 5477 indigne.

458 5498 481 5564 ²)
498 5494 572 5551 Hier
587 5493 669 5564 fehlt:
685 5493 863 5565 petitiombns.
