4106 6294
921 618 1077 715 Q

302 808 568 874 consuetudinem
584 808 718 872 iudicari
742 815 774 874 et
796 809 958 873 observari
981 808 1130 891 dixerint,
1153 815 1221 872 erat
1242 808 1317 871 data
1338 808 1500 871 literarum
1511 806 1533 879 ¹)
1556 807 1614 872 vel·
1629 826 1704 879 non,

304 915 343 978 de
365 933 460 995 anno,
483 932 601 994 mense,
625 913 676 976 die
699 919 731 975 et
753 918 866 976 cetera.

459 1020 563 1104 Super
584 1019 655 1082 VII.
679 1019 812 1083 articulo
837 1019 875 1082 de
898 1038 984 1102 pace,
1016 1024 1220 1100 quaerantur,
1256 1017 1415 1099 quomodo
1438 1016 1553 1095 sciunt,
1578 1014 1704 1095 quoda

304 1125 431 1190 duobus
453 1122 578 1202 anniv)
609 1122 689 1186 citra
717 1122 814 1185 tuerit
843 1141 915 1204 par,
946 1127 978 1185 et
1000 1141 1087 1185 nunc
1110 1123 1151 1186 ait
1173 1127 1311 1185 etcetera
1337 1127 1370 1184 et
1392 1119 1465 1201 quis
1486 1117 1572 1180 illam
1594 1135 1704 1200 paoem

251 1231 267 1283 ὁ
303 1228 385 1309 fecit,
409 1232 441 1290 et
463 1228 491 1290 si
511 1227 602 1310 prius
632 1230 724 1289 erant
753 1225 829 1288 dicti
852 1224 1050 1288 Cibinienses
1071 1225 1191 1287 inimici
1217 1215 1369 1307 praedicti
1392 1220 1531 1305 capituli,
1554 1226 1586 1283 et
1607 1219 1704 1282 inter-

302 1337 464 1413 rogentur,
486 1331 513 1393 si
535 1329 644 1409 credit,
668 1327 754 1410 quod
776 1327 861 1391 inter
883 1345 917 1391 se
940 1327 1057 1409 odiant,
1080 1327 1201 1391 scilicet
1223 1325 1421 1390 Cibiniensea
1451 1323 1704 1387 contradictum

302 1433 477 1517 capitulum
499 1438 532 1496 et
554 1451 572 1495 e
595 1438 715 1509 eontra,
736 1429 811 1494 licet
826 1430 961 1493 nuncin
976 1431 1121 1513 personis
1143 1450 1206 1493 non
1225 1429 1364 1494 offendat
1379 1448 1442 1507 eos,
1465 1433 1497 1491 et
1519 1427 1545 1490 si
1561 1426 1705 1503 credunt,

304 1537 390 1618 quod
412 1535 488 1599 dicti
512 1534 709 1600 cibinienses
731 1540 861 1618 propter
883 1535 1002 1613 odium,
1027 1534 1113 1614 quod
1135 1534 1169 1595 in
1192 1533 1288 1596 corde
1311 1532 1429 1596 habent
1450 1536 1561 1594 contra
1583 1530 1703 1592 dictum

302 1638 487 1722 capitulum,
515 1637 674 1713 foveantil
705 1638 904 1701 adversarios
928 1637 1001 1700 dicti
1025 1637 1153 1720 capituli
1178 1656 1251 1699 cum
1282 1636 1382 1700 literis
1405 1642 1437 1700 et
1459 1635 1593 1716 nunciis,
1624 1634 1703 1696 etsi

234 1747 268 1801 10
302 1743 363 1825 ipsi
386 1741 585 1806 Cibinienses
606 1741 742 1805 libenter
764 1741 887 1804 occulte
910 1739 1150 1804 damnfficarent
1173 1742 1291 1804 dictum
1308 1740 1493 1823 capitulum,
1516 1739 1542 1801 si
1564 1744 1704 1821 possent

303 1851 335 1909 et
357 1846 453 1909 etiam
462 1845 485 1923 ⁴)
508 1846 542 1907 in
565 1844 701 1927 publico,
724 1847 752 1908 si
773 1865 839 1908 non
862 1844 1017 1908 timerent.

459 1947 563 2032 Super
576 1948 664 2012 VIII.
687 1948 829 2029 articulo,
853 1953 889 2012 ut
905 1968 1011 2031 supro,
1033 1949 1280 2031 interrogentur,
1303 1954 1336 2011 et
1357 1949 1602 2029 interrogentur,
1626 1964 1705 2026 quo·

302 2053 397 2117 modo
420 2054 536 2135 sciunt,
566 2058 598 2116 et
628 2072 709 2134 quos
738 2053 908 2116 canonicos
938 2052 1018 2116 vidit
1046 2052 1094 2117 ire
1117 2053 1156 2116 ad
1183 2052 1253 2115 illas
1274 2058 1390 2134 partes,
1421 2055 1454 2113 et
1475 2050 1502 2112 si
1525 2050 1632 2112 sciunt
1653 2047 1705 2111 vel

303 2157 483 2239 audierunt,
515 2156 602 2238 quod
632 2156 729 2220 luerit
758 2158 790 2220 in
813 2158 957 2240 partibus
979 2156 1042 2220 illis
1073 2157 1104 2219 in
1129 2156 1272 2239 potentia
1293 2155 1450 2218 dictorum
1474 2153 1704 2217 cibiniensium

236 2266 268 2319 15
304 2259 419 2341 aliquis
448 2278 490 2322 ex
520 2258 682 2323 canonicIs
702 2258 935 2324 Transsiluanis
967 2260 1153 2324 verberatus
1187 2266 1219 2324 et
1248 2259 1354 2322 laesus
1382 2277 1455 2321 curn
1486 2258 1556 2321 eius
1579 2256 1705 2335 familia,

180 2449 184 2455 g
304 2363 343 2427 de
364 2381 460 2445 anno,
482 2381 592 2426 mense
615 2367 647 2425 et
669 2361 727 2425 die.

459 2464 688 2550 SuperVIIII.
711 2470 875 2549 utsupra,
906 2468 1152 2551 interrogentur,
1185 2474 1281 2552 prout
1302 2486 1342 2530 ex
1366 2466 1501 2529 adverso
1524 2465 1643 2543 dicunt,
1674 2469 1706 2526 et

304 2571 330 2635 ei
353 2590 411 2655 per
431 2589 542 2653 pacem
565 2569 617 2633 vel
641 2571 815 2652 treugam⁵)
839 2570 880 2633 ad
902 2569 1001 2633 alium
1022 2570 1153 2633 vadunt

458 2673 562 2758 Super
584 2672 663 2754 aliis,
684 2678 722 2735 ut
741 2691 847 2756 supra,
870 2674 1116 2756 interrogentur,
1138 2674 1316 2737 secundum
1333 2674 1419 2755 quod
1435 2674 1519 2737 cadit
1533 2679 1566 2737 et
1581 2678 1706 2756 oportet

234 2783 269 2838 20
303 2779 501 2863 interrogari,
523 2784 556 2841 et
578 2777 754 2867 secundum
778 2795 823 2859 ea,
848 2796 930 2858 quae
953 2776 1071 2841 dicunt
1108 2776 1151 2839 Et
1173 2795 1270 2860 super
1293 2776 1436 2858 quolibet
1457 2778 1703 2861 interrogentur.

303 2882 454 2947 sioredit
483 2882 599 2944 dictam
631 2881 871 2945 universitatem
895 2881 1109 2945 cibiniensem
1139 2886 1172 2944 et
1193 2881 1338 2945 homines
1361 2881 1470 2964 ipsius,
1502 2881 1575 2943 licet
1597 2881 1703 2942 forsan

303 2992 433 3068 treugae
456 2985 528 3066 sint,
553 2983 638 3065 quod
660 2984 789 3049 faveant
810 2985 845 3047 in
867 2986 936 3067 biis,
959 3003 1042 3067 quae
1056 2991 1201 3068 possunt,
1224 2985 1325 3049 dictos
1348 2985 1485 3049 decanos
1507 2991 1539 3047 et
1553 2982 1705 3066 plebanos

303 3094 414 3153 conba
444 3089 564 3152 dietum
591 3087 764 3171 capitulum
795 3089 881 3151 etin
905 3088 1013 3151 odium
1036 3087 1110 3151 dicti
1133 3088 1272 3170 capituli,
1304 3107 1379 3151 cum
1400 3088 1499 3151 literis
1522 3087 1604 3163 veli)
1627 3087 1704 3150 aliis.

458 3191 595 3275 Insuper
617 3198 813 3273 quaerantur
843 3192 918 3254 dicti
950 3195 1054 3266 testes,
1085 3193 1111 3254 si
1144 3192 1204 3274 ipsi
1227 3197 1304 3255 sunt
1325 3191 1440 3255 literati
1469 3192 1520 3255 vel
1541 3191 1613 3254 laici
1636 3192 1704 3254 sine

233 3301 268 3356 tt
303 3296 469 3361 literatura
477 3294 499 3374 ⁷)
522 3295 597 3359 etsi
612 3294 744 3359 bierunt
759 3297 869 3378 rogati,
884 3295 1054 3375 informati,
1069 3295 1183 3358 moniti
1198 3301 1230 3358 et
1244 3300 1348 3358 cetera
1365 3301 1397 3359 et
1411 3296 1437 3358 si
1457 3295 1570 3360 odiunt
1585 3296 1704 3358 dietum

303 3399 477 3484 capitulum
501 3405 534 3464 et
556 3399 626 3463 eius
647 3399 827 3475 canonicos,
858 3404 890 3463 et
921 3405 1001 3480 quot
1022 3417 1181 3461 annorum
1203 3404 1252 3462 est
1274 3399 1341 3481 ipse
1365 3400 1462 3481 testis,
1493 3405 1526 3463 et
1547 3399 1634 3462 unde
1656 3404 1705 3461 est

303 3505 441 3586 natione,
464 3504 546 3569 etsi
569 3504 609 3567 de
638 3503 700 3567 alia
731 3521 828 3585 quam
858 3503 897 3565 de
926 3520 1025 3584 regno
1047 3501 1207 3585 Vngariae
1238 3503 1343 3582 fuerit
1374 3508 1553 3584 quaeratur,
1584 3506 1703 3582 quanto

305 3616 446 3692 tempore
468 3608 623 3672 habitavit
644 3609 677 3670 in
699 3608 760 3670 isto
784 3626 891 3689 regno,
922 3612 955 3670 et
976 3606 1008 3668 in
1034 3625 1098 3688 quo
1121 3606 1191 3669 loco
1213 3607 1365 3670 continue
1387 3604 1550 3685 habitavit,
1581 3610 1613 3668 et
1636 3604 1705 3668 alus

304 3713 415 3793 modis,
437 3720 534 3796 prout
555 3711 769 3776 examinantis
792 3710 973 3773 discretioni
997 3710 1111 3773 melina
1134 3711 1267 3773 noverit.

234 3818 270 3875 30
459 3815 540 3880 Item
570 3816 816 3896 interrogentur,
851 3814 877 3877 si
908 3814 947 3875 ab
979 3834 1042 3876 uno
1074 3832 1158 3876 anno
1189 3814 1268 3876 citra
1290 3813 1434 3877 Saxones
1464 3822 1496 3876 et
1525 3813 1636 3876 decani
1667 3833 1704 3875 ac

303 3920 480 4004 presbyteri
503 3926 536 3983 et
557 3917 684 4003 plebani
707 3917 746 3980 de
768 3923 888 4001 septem
912 3916 1118 3981 decanatibus
1149 3917 1255 3980 etalii
1278 3924 1467 3981 mercatores
1490 3924 1522 3980 et
1546 3917 1619 3978 boni
1645 3917 1702 3978 viri

302 4028 485 4107 potuerunt,
508 4024 536 4087 si
558 4022 770 4103 voluerunt,⁸)
793 4040 904 4085 secure
926 4040 983 4104 per
1006 4028 1122 4083 terram
1145 4028 1178 4084 et
1200 4022 1374 4103 potentiam
1405 4020 1524 4083 domini
1549 4019 1703 4083 vaivodae

303 4125 438 4189 manaim
460 4131 493 4189 et
515 4125 555 4188 ad
577 4126 697 4188 curiam
721 4125 841 4188 domini
863 4124 958 4207 legati
980 4125 1090 4189 renim
1114 4124 1164 4189 vel
1188 4126 1287 4201 non.⁰)

458 4228 518 4293 Die
544 4228 694 4293 Mercurii
716 4207 838 4293 XVIII.
869 4228 945 4292 dicti
979 4230 1098 4292 mensis
1127 4229 1252 4291 Zuccba
1287 4228 1424 4291 nuncius
1457 4229 1582 4290 iuratus
1612 4246 1702 4309 prae·
1745 4219 1839 4306 ffiifffiO

234 4338 268 4392 35
304 4333 408 4397 dictus
430 4334 539 4397 retulit
562 4353 596 4397 se
618 4333 732 4396 citasse
755 4333 838 4397 dicto
854 4335 957 4414 modo,
982 4351 1046 4416 quo
1069 4332 1128 4395 sibi
1151 4333 1355 4395 commissum
1378 4337 1436 4401 est,
1463 4332 1545 4393 inira
1567 4331 1702 4413 scriptos
1735 4300 1842 4443 ἭΠῙ

302 4440 399 4501 testes
421 4436 570 4501 videlicet
1735 4453 1848 4506 decanis.

457 4538 645 4623 Magistrum
667 4539 848 4604 Iohannem
871 4540 1059 4604 canonicum
1083 4538 1255 4605 Albensem
1278 4539 1425 4622 regalem,

460 4712 480 4778 ¹)
504 4710 588 4765 Ucbcr
606 4710 656 4764 der
673 4710 749 4764 Zeila
766 4710 974 4779 aocbyetrapea.

458 4796 480 4864 ¹)
498 4795 629 4850 Faucia
646 4795 695 4850 der
717 4795 843 4865 Vorlape.

458 4884 480 4950 ⁸)
503 4882 636 4953 Vorlape:
653 4882 750 4937 foveat.

457 4968 480 5036 ⁴)
498 4967 629 5036 Hierasos
639 4968 806 5038 pcsbicben:
824 4970 864 5022 de.

458 5056 479 5122 ³)
497 5053 636 5122 Hieratis:
654 5072 745 5108 unum.

458 5144 479 5208 ⁸)
502 5141 657 5195 Verbeseert
675 5158 743 5195 aas:
761 5145 795 5195 et.

458 5227 479 5294 l)
501 5227 635 5298 Verlupc:
651 5227 780 5283 litantem

232 5313 267 5368 45
459 5315 480 5383 ⁸)
498 5313 629 5382 Hieratis
641 5315 893 5384 durcbpestriclrcn:
909 5314 999 5370 libere.

458 5400 481 5468 ⁹)
499 5400 598 5455 Dumit
615 5401 737 5456 acblieast
754 5402 808 5456 dos
823 5401 956 5456 rwiacbrn
968 5402 1046 5456 Blctt
1063 5407 1098 5456 31
1117 5404 1176 5456 aad
1193 5408 1228 5457 32
1245 5403 1406 5472 eiapelrlcbte
1417 5404 1504 5470 Bion,
1524 5405 1636 5471 moruus
1649 5404 1702 5457 dns

300 5490 344 5541 32.
362 5487 441 5541 Bran
458 5487 524 5542 mbr
541 5487 591 5541 Die
608 5487 733 5542 Mercurii
751 5488 870 5559 bepinnt.
