4048 6284
938 1662 976 1750 1.

333 1833 423 1906 Rom
439 1833 488 1904 im
506 1830 663 1904 Laterum
681 1835 774 1903 1191
790 1830 977 1903 Deaembcr
994 1834 1059 1903 20.
1082 1830 1192 1923 Pupat
1215 1829 1381 1902 Coelcstia
1400 1826 1479 1901 ΠΙ.
1499 1829 1658 1920 bestbtipt

254 1956 333 2028 ᾱωη
363 1953 503 2026 &aaa
529 1953 742 2042 &abactas
761 1955 826 2025 dus
848 1953 1132 2043 Krbaaapsrecbt
1158 1952 1232 2024 aad
1257 1952 1321 2023 dus
1344 1951 1520 2043 peistlicbe
1537 1951 1656 2024 Juria-

256 2071 500 2149 dilctionarecbt
522 2068 714 2167 pegmate
740 2070 806 2147 dea
824 2070 1058 2164 Hofheomteu
1085 2074 1159 2145 aad
1184 2070 1342 2165 beetdtipt
1369 2068 1425 2145 die
1443 2072 1659 2163 Ermobtuuy

201 2218 219 2269 5
256 2200 353 2271 οἰκον
370 2198 492 2287 saeba
517 2197 676 2289 Propalai
701 2203 804 2269 aare
830 2198 896 2270 dea
923 2196 1172 2288 nichauome
1198 2195 1403 2268 Deabcbea.

414 2362 527 2417 Druck
544 2361 649 2416 Kmuz
667 2360 848 2416 Monumeata
860 2362 886 2430 1,
905 2366 956 2417 111
974 2362 1045 2416 noch
1063 2362 1122 2417 dem
1144 2360 1221 2431 Orip.
1239 2361 1320 2430 Perp.
1339 2358 1549 2428 Kapietarcbiv
1569 2359 1658 2414 Gran.

363 2449 498 2504 Bleibulle
516 2465 556 2503 aa
572 2448 737 2518 gold-rotha
755 2448 959 2504 Seiderwcbuur
976 2448 1141 2519 uapebdagt.
1161 2448 1224 2503 Dua
1245 2445 1375 2516 Oripiaul
1391 2446 1429 2499 iu
1448 2444 1612 2515 beedtddiqt.
1625 2475 1660 2484 —

362 2537 442 2606 Pruy
460 2535 601 2607 specim
619 2535 645 2603 1,
664 2539 716 2590 103
733 2535 792 2590 aad
809 2534 855 2603 11,
872 2538 933 2590 206.
964 2534 1080 2589 Kutoua
1099 2534 1174 2589 Hiat.
1192 2534 1253 2589 crit.
1272 2534 1328 2602 IV,
1345 2538 1398 2589 336
1416 2530 1476 2588 aad
1492 2537 1553 2587 388.
1573 2533 1660 2599 chtr

365 2618 455 2678 Codex
472 2618 517 2691 II,
535 2624 597 2678 276.
615 2620 740 2692 Mogyor
758 2620 828 2677 Sion
844 2622 890 2689 II,
910 2624 969 2676 124.
993 2620 1103 2677 Weneei
1124 2621 1188 2677 Ood.
1207 2622 1315 2691 Aspad.
1339 2614 1390 2689 1⁷1,
1409 2624 1468 2676 182.

420 2743 647 2815 Unoolietdudig:
664 2744 794 2798 Andreae
812 2744 857 2799 11.
875 2744 963 2798 libert.
982 2743 1087 2798 Suana
1106 2749 1227 2798 macrior
1245 2744 1324 2798 Blae
1342 2742 1377 2810 B,
1395 2746 1423 2797 3,
1446 2742 1544 2796 Timon
1562 2742 1661 2811 Imago
1705 2776 1709 2783 ·

363 2847 424 2887 noa.
436 2832 533 2902 Ham.
545 2835 588 2886 88.
606 2830 728 2900 Wagner
740 2830 825 2884 Auel.
838 2829 914 2899 Scep.
927 2831 1028 2899 1114.
1047 2830 1173 2886 Sabldaer
1184 2830 1261 2885 Krit.
1274 2829 1469 2899 Sauuuluapea
1480 2833 1524 2883 23.
1547 2828 1660 2882 Teutacb

363 2935 391 2972 a.
410 2918 573 2974 Fimbober
590 2916 663 2972 ean.
687 2916 769 2973 Urso.
787 2914 814 2986 Ι,
831 2922 857 2972 3.
881 2916 970 2972 Tordk
989 2917 1183 2988 Mogyaroraa.
1197 2918 1329 2986 primdsa
1345 2917 1390 2985 11,
1409 2921 1451 2971 11.

417 3039 530 3111 Bepeat:
547 3039 623 3108 Jaffe
641 3038 759 3109 Repente
771 3039 825 3095 Nr.
845 3043 931 3095 10332
948 3040 1008 3094 aad
1026 3043 1112 3096 10333
1117 3060 1126 3108 ,·
1143 3044 1168 3094 3.
1188 3040 1306 3109 Antiope
1318 3037 1372 3094 Nr.
1391 3041 1477 3094 16773
1495 3038 1554 3092 aad
1567 3040 1661 3093 16774.

365 3152 399 3168 ·-·
417 3127 505 3197 Prepa,
522 3126 647 3194 Katane,
666 3126 761 3195 eene,
779 3126 855 3195 Jafft
867 3126 926 3181 aad
943 3125 988 3180 die
1001 3126 1194 3196 Heraaapeber
1207 3127 1257 3181 der
1267 3129 1293 3179 3.
1306 3126 1424 3195 Antiope
1436 3126 1486 3180 der
1497 3124 1663 3193 Jaffe’aeun

192 3218 225 3269 15
367 3213 499 3284 manea
510 3213 736 3282 meliorationes,
749 3213 938 3269 neemanim
949 3213 1123 3268 versadam
1135 3213 1208 3269 dicae
1225 3213 1355 3268 Urkuade
1366 3212 1410 3267 ule
1420 3212 1487 3267 awei
1504 3211 1663 3268 Urkundea.

417 3387 596 3454 Celestinus
625 3390 794 3475 episcopus
824 3409 938 3454 servus
968 3409 1135 3454 servornm
1169 3389 1220 3453 dei
1249 3388 1424 3453 venerabili
1455 3387 1545 3452 butri
1576 3432 1584 3449 .
1617 3387 1662 3461 .¹l

262 3491 472 3577 Strigoniensi
494 3494 730 3578 archiepiscopo
754 3493 889 3558 salutem
913 3499 945 3558 et
960 3493 1165 3579 apostolicam
1180 3492 1443 3557 benedictionem.
1464 3491 1550 3556 ‘luae
1566 3491 1664 3555 devo·

263 3596 359 3661 tionis
388 3597 556 3679 fervorem,
586 3618 684 3681 quum
714 3598 798 3661 circa
819 3596 994 3661 Romanam
1025 3597 1189 3662 ecclesiam
1213 3602 1245 3661 et
1271 3617 1329 3661 nos
1351 3596 1529 3682 specialiter
1558 3594 1664 3677 habes,

264 3700 359 3764 certis
381 3720 488 3764 rerum
510 3701 636 3766 indiciis
659 3708 896 3785 cognoscentes,
929 3702 992 3765 tuis
1022 3701 1187 3766 desideriis
1216 3701 1368 3765 duximus
1396 3708 1428 3766 et
1456 3698 1665 3785 petitionibus

195 3812 231 3866 20
264 3805 472 3870 annuendum
494 3809 613 3869 ettam
636 3805 669 3868 in
692 3806 899 3870 coronatione
921 3807 1014 3889 regis,
1036 3806 1129 3870 iuxta
1151 3805 1237 3888 qnod
1260 3806 1293 3868 in
1316 3805 1451 3889 registro
1475 3804 1577 3869 bonae
1599 3822 1665 3866 me·

264 3912 382 3975 moriae
405 3908 577 3974 Clementis
599 3910 852 3994 praedecessoris
874 3910 976 3975 nostri
999 3908 1135 3974 habetur
1157 3910 1355 3994 inscriptum,
1382 3909 1439 3972 tibi
1461 3907 1665 3993 privilegium

265 4012 499 4096 confirmamus,
523 4033 620 4096 quam
643 4014 738 4078 etiam
761 4014 867 4098 regiae
890 4013 1005 4078 domus
1020 4012 1203 4077 officialium
1219 4013 1417 4098 praepositos
1439 4011 1567 4077 viuculo
1591 4031 1666 4076 ana·

266 4119 413 4184 thematis
443 4117 593 4201 alligandi
622 4123 655 4184 et
677 4117 711 4180 in
734 4118 838 4182 causis
869 4118 1088 4204 spiritualibus
1119 4117 1280 4183 iudicandi
1310 4116 1437 4202 plenam
1460 4122 1492 4181 et
1513 4116 1665 4180 illibatam

266 4228 354 4287 tuam
376 4222 605 4287 fraternitatem
629 4220 745 4287 babere
776 4223 978 4289 decernimus
1004 4230 1202 4309 potestatem,
1233 4223 1278 4287 ita
1300 4222 1468 4305 siquidem,
1500 4229 1536 4284 ut
1558 4219 1667 4284 nullus

200 4331 232 4386 25
269 4327 418 4412 Vngarici
440 4327 530 4410 regni
552 4325 777 4410 praelatorum,
800 4327 862 4391 nisi
886 4334 921 4392 tu
944 4326 1042 4409 solus,
1073 4326 1156 4391 sicut
1178 4326 1272 4391 etiam
1295 4327 1329 4389 in
1352 4326 1437 4409 reg‘a
1461 4325 1667 4389 concessione

266 4431 414 4514 babetur,
449 4429 560 4494 beatae
589 4431 760 4496 memoriae
789 4430 1042 4516 praedecessoris
1073 4430 1174 4494 nostri
1206 4430 1384 4494 Alexandri
1414 4430 1601 4494 auctoritate
1631 4449 1667 4492 ac

266 4542 376 4600 nostra
391 4540 466 4600 tuae
481 4533 633 4599 ecclesiae
656 4533 850 4617 confirmata,
872 4535 904 4598 id
926 4535 1186 4619 praesumptione
1209 4534 1352 4617 qualibet
1373 4535 1489 4599 audeat
1503 4538 1667 4598 attentare.

267 4637 347 4703 Cum
378 4643 485 4702 autem
516 4638 649 4703 ecclesia
670 4638 938 4703 Theutonicorum
962 4638 1252 4703 Vltrasiluanorum
1282 4637 1317 4701 iu
1350 4637 1600 4723 praeposituram
1627 4637 1669 4700 sit

267 4743 399 4808 liberam
413 4742 568 4825 instituta,
585 4750 618 4808 et
629 4742 757 4825 eisdem,
774 4741 892 4825 quibus
905 4738 950 4824 [et
965 4741 1057 4827 aliae]
1070 4743 1308 4828 praepositurae
1321 4747 1498 4827 exemptae,
1515 4740 1669 4805 libertatis

204 4851 236 4905 30
270 4843 461 4931 [insignibus
482 4846 638 4929 redimita,
669 4852 701 4910 et
723 4845 805 4931 eam]
828 4848 1011 4912 authentico
1034 4848 1152 4932 scripto
1175 4847 1357 4911 carissimus
1380 4846 1412 4909 in
1437 4844 1561 4909 Christo
1584 4844 1670 4909 filius

269 4957 378 5015 noster
400 4951 479 5016 Bela
501 4950 633 5015 illustris
655 4970 714 5015 rex
737 4951 896 5036 Vngariae
919 4951 1044 5016 studuit
1065 4951 1273 5032 communire,
1296 4969 1391 5033 quam
1416 4950 1511 5014 etiam
1534 4949 1669 5013 dilectus

269 5054 353 5120 lilius
377 5060 485 5120 noster
508 5054 681 5139 Gregorius
703 5062 831 5121 sanotae
853 5052 972 5119 Mariae
1002 5054 1034 5118 in
1057 5055 1187 5120 Portiou
1217 5054 1371 5118 diaconus
1400 5054 1570 5119 cardinalis
1593 5060 1671 5119 tunc

270 5159 459 5244 apostelicae
489 5160 573 5224 sedis
606 5160 731 5243 legatus
764 5158 922 5243 privilegii
952 5159 1003 5224 sui
1037 5159 1213 5223 munimine
1244 5158 1407 5222 roboravit
1436 5163 1469 5222 et
1499 5158 1672 5242 apostolica

270 5263 472 5346 postmodum
503 5264 676 5328 auctoritas
704 5263 919 5346 confirmavit,
950 5263 1081 5328 eandem
1113 5262 1345 5327 iustitutionem
1377 5268 1478 5326 ratam
1509 5262 1671 5343 habentes,

211 5369 241 5423 35
273 5367 490 5453 praecepimus
505 5367 606 5432 nostri
621 5367 746 5450 registri
762 5368 844 5432 serie
859 5366 1024 5447 contineri,
1048 5367 1179 5449 perenni
1196 5366 1348 5430 memoria
1363 5365 1558 5430 duraturam.
1582 5366 1670 5430 Nulli

427 5539 449 5606 ¹)
466 5535 563 5593 debete.

375 5656 566 5704 [imminet.
1551 5645 1565 5697 1
