4088 6292
989 581 1144 676 Q

1027 785 1119 869 233.

444 950 559 1019 1289.
603 946 681 1018 Das
715 946 995 1040 Weisscchurpcr
1020 949 1166 1041 Kapttel
1191 950 1374 1022 beautreibt
1400 952 1456 1024 dic
1481 953 1771 1046 Haltertprecsen

367 1091 432 1141 oon
458 1069 578 1160 Ipbea.

523 1231 706 1286 Brucbrtttck:
725 1232 812 1298 Pejor
832 1232 922 1289 Codex
945 1233 1015 1301 VII,
1037 1240 1063 1301 2,
1089 1240 1140 1290 121
1157 1235 1228 1290 narb
1248 1236 1323 1290 einer
1341 1236 1693 1308 Bcplcabipaapaurkucde
1710 1242 1768 1296 dea·

469 1318 560 1373 selben
576 1318 705 1386 Kopiteta
727 1334 781 1372 von
806 1323 882 1387 1655,
909 1321 1040 1376 Cornides
1058 1322 1206 1376 Manuskr.
1225 1323 1269 1390 II,
1295 1326 1354 1377 111.
1372 1353 1407 1363 -
1428 1324 1541 1379 Yeatrcb
1558 1343 1585 1379 a.
1605 1327 1767 1382 Firababer
1801 1329 1817 1381 5

471 1404 543 1460 sico.
557 1404 639 1460 ureb.
649 1405 675 1472 Ι,
689 1408 740 1459 154
751 1404 822 1459 nodi
831 1406 953 1476 Keratny
962 1408 1085 1476 Diplom.
1097 1410 1227 1478 supplem.
1238 1410 1264 1476 l,
1276 1414 1319 1465 97.
1337 1410 1521 1465 Dammana
1529 1413 1696 1468 Documenta
1708 1418 1767 1469 486.

521 1526 585 1581 Das
597 1527 769 1582 Bracbetr'rct
785 1528 886 1582 attmmt
903 1530 1026 1586 wbrtticb
1037 1532 1150 1586 abacia
1161 1533 1211 1586 urit
1222 1533 1271 1587 der
1284 1534 1590 1606 Hcttertbeecbreibunp
1607 1535 1639 1589 in
1650 1536 1699 1591 der
1716 1536 1767 1591 Ur·

469 1613 559 1668 tunde
571 1614 618 1668 cies
630 1614 740 1684 Konipa
752 1614 823 1669 Belo
835 1616 890 1669 IV.
903 1632 956 1670 oon
970 1618 1104 1684 rassNr.
1120 1623 1159 1686 75,
1177 1619 1210 1673 in
1221 1620 1331 1674 weidner
1342 1620 1387 1674 aie
1399 1621 1602 1692 Bcacbreibanp
1613 1623 1663 1676 mit
1674 1622 1769 1691 Incipit

471 1698 542 1754 Seite
559 1703 597 1755 67
611 1700 686 1755 Zoilo
703 1705 739 1756 28
756 1701 867 1771 bcptnct
884 1703 943 1756 aad
960 1702 1009 1756 mit
1026 1706 1054 1758 et
1071 1704 1106 1758 ibi
1124 1704 1280 1758 tenninatur
1297 1704 1368 1759 Seite
1386 1709 1421 1761 68
1438 1707 1513 1761 Zeila
1530 1711 1547 1761 3
1565 1707 1693 1762 scidisset.

1021 1983 1116 2067 234.
1802 2011 1836 2066 10

448 2142 582 2216 Obeenk
598 2147 703 2215 1290
719 2145 802 2216 Mai
819 2149 876 2217 21.
905 2147 1022 2239 Kbnip
1035 2146 1225 2220 Ladtshaus
1238 2150 1266 2219 I
1269 2148 1307 2219 V.
1324 2149 1482 2240 bestbtipt
1495 2149 1561 2221 den
1576 2148 1768 2223 Deutscbea

364 2287 430 2337 con
446 2264 537 2338 Dete
562 2267 638 2337 ihre
655 2266 819 2354 Freibeit
848 2267 912 2338 das
937 2269 987 2338 im
1007 2267 1144 2341 Water
1166 2292 1369 2361 pewoaneae
1396 2268 1478 2341 Sala
1504 2270 1555 2342 bis
1580 2271 1659 2343 cett
1675 2270 1768 2364 Tupc

364 2387 453 2458 nach
479 2386 556 2458 dem
586 2385 760 2478 Georptap
777 2388 857 2476 fret
881 2389 1069 2477 verfhbrea
1094 2413 1139 2462 aa
1164 2390 1302 2479 diirfen.

523 2549 598 2620 Θήρ.
618 2551 698 2621 Perp.
717 2550 894 2606 Stactarcbio
911 2552 992 2607 Dete.
1012 2552 1100 2622 Siepet
1117 2569 1177 2607 war
1195 2554 1251 2621 aas
1264 2553 1313 2608 der
1330 2553 1474 2608 Rttctseitc
1492 2554 1679 2622 cufpcdntckt.

520 2671 632 2725 Druck:
651 2670 852 2742 Scbbasbarper
870 2674 1035 2743 Propramm
1053 2677 1130 2741 1862,
1148 2677 1191 2728 53.
1799 2677 1832 2730 15

519 2845 586 2909 Nos
607 2845 773 2910 Ladislaus
803 2846 854 2910 dei
883 2846 984 2929 gratia
1013 2866 1073 2911 rex
1095 2848 1280 2931 Hungariae
1306 2851 1477 2914 memoriae
1507 2850 1765 2915 commendantes

364 2948 579 3033 significamus
602 2950 719 3032 quibus
741 2950 873 3034 expedit
899 2951 1058 3015 universis
1088 2953 1303 3034 praesentium
1325 2972 1383 3037 per
1405 2959 1557 3036 tenorem,
1581 2953 1764 3035 quodcum

364 3052 525 3136 hospitum
548 3060 730 3118 nostrorum
753 3054 792 3117 de
814 3052 985 3117 Deeswaar
1006 3053 1135 3118 libertas
1158 3055 1197 3118 ab
1221 3056 1352 3138 antiquo
1367 3057 1513 3120 instituta
1536 3061 1568 3119 et
1590 3056 1763 3131 ordinata¹t

363 3155 396 3218 id
417 3157 568 3239 requirat
592 3162 629 3220 ut
650 3157 741 3239 sales,
765 3177 846 3239 quos
868 3156 964 3221 iidem
980 3162 1121 3240 tempore
1142 3159 1267 3222 hiemali
1281 3179 1340 3242 pro
1363 3160 1460 3223 rebus
1475 3161 1615 3243 ipsorum
1632 3158 1763 3224 minutia

363 3260 624 3342 comparaverint,
654 3260 693 3323 ab
716 3261 803 3323 omni
833 3261 1051 3324 iurisdictione
1079 3269 1111 3325 et
1138 3268 1293 3345 potestate
1316 3263 1470 3327 vurodae
1491 3262 1708 3326 Transsiluani
1731 3268 1762 3327 et
1797 3270 1832 3325 20

363 3363 487 3427 comitis
509 3363 549 3427 de
571 3363 684 3427 chuk
713 3368 770 3426 aut
799 3361 981 3426 officialium
1013 3364 1196 3442 comitum2)
1226 3385 1369 3431 camerae
1391 3374 1518 3431 nostrae
1539 3386 1597 3450 pro
1620 3372 1763 3450 tempore

363 3466 609 3530 constitutorum
638 3467 729 3530 liberi
759 3467 823 3530 sint
852 3472 884 3530 et
912 3469 1061 3551 exempti,
1091 3468 1177 3551 ipsos
1205 3470 1240 3531 in
1262 3468 1407 3534 libertate
1429 3488 1541 3534 eorum
1567 3470 1606 3534 ab
1629 3471 1762 3553 antiquo

362 3570 509 3633 instituta
530 3576 563 3634 et
585 3570 730 3634 ordinata
744 3570 949 3654 dignaremur
963 3589 1161 3635 conservare.
1184 3572 1252 3636 Nos
1273 3572 1381 3654 itaque
1396 3575 1581 3657 petitionem
1604 3575 1761 3639 dictorum

362 3674 523 3757 hospitum
545 3680 728 3737 nostrorum
751 3675 819 3737 iore
841 3675 958 3738 iustam
981 3681 1013 3739 et
1027 3676 1200 3759 legitimam
1215 3695 1285 3740 esse
1308 3677 1508 3742 attendentes
1530 3686 1562 3742 et
1582 3678 1761 3742 libertatem

361 3776 509 3860 primitus
531 3777 650 3841 eisdem
672 3796 855 3841 concessam
878 3783 909 3841 et
931 3778 1108 3842 ordinatam
1129 3779 1369 3844 immutabiliter
1398 3781 1568 3846 observare
1590 3783 1760 3846 statuimus
1795 3788 1829 3841 25

361 3886 394 3945 et
416 3880 643 3962 ordinavimus,
671 3886 710 3944 ut
738 3880 821 3945 sales
852 3901 933 3964 quos
956 3881 1031 3945 dieti
1061 3883 1201 3966 hospites
1231 3885 1332 3947 nostri
1363 3890 1504 3969 tempore
1534 3885 1660 3949 hiemali
1686 3906 1760 3950 cum

361 3983 458 4048 rebus
486 3985 628 4067 ipsorum
658 3985 790 4049 minutis
819 3986 1074 4068 comparaverint
1104 3986 1143 4049 ab
1174 3988 1261 4049 omni
1290 3988 1509 4053 iurisdictione
1539 3995 1571 4052 et
1603 3994 1760 4072 potestate

361 4086 515 4152 vaivodae
533 4086 749 4151 lharmsiluani
771 4094 803 4152 et
825 4089 949 4152 comitis
971 4088 1010 4152 de
1026 4089 1138 4152 Zonuk
1160 4097 1216 4154 aut
1238 4089 1421 4155 officialium
1443 4093 1595 4156 comitum
1617 4112 1760 4158 camerae

362 4209 418 4274 pro
442 4197 583 4274 tempore
606 4191 854 4254 constitutorum
876 4211 980 4273 usque
1003 4198 1132 4256 octavas
1154 4195 1255 4257 sancti
1278 4193 1406 4278 Georgii
1428 4195 1578 4277 martyris
1600 4196 1759 4261 vendendi

360 4300 393 4358 et
422 4292 634 4358 descendendi
664 4314 739 4357 cum
768 4295 888 4358 eisdem
917 4296 951 4358 in
982 4296 1130 4360 omuibus
1159 4297 1292 4361 liberam
1322 4298 1459 4362 habeant
1487 4299 1670 4363 immtatem
1699 4319 1759 4364 nec
1793 4303 1828 4359 30

359 4396 475 4478 aliquis
503 4397 641 4460 vaivoda
669 4407 725 4461 aut
753 4396 896 4461 officialis
926 4400 1079 4464 comitum
1108 4421 1251 4466 camerae
1281 4402 1410 4466 eosdem
1432 4404 1555 4467 ratione
1576 4403 1758 4467 huiusmodi

360 4499 476 4563 salium
498 4505 682 4582 praesumat
703 4500 881 4565 molestare.
903 4501 1023 4566 Datum
1045 4504 1080 4567 in
1103 4503 1240 4583 Oheenh‚
1269 4506 1303 4568 in
1326 4506 1407 4570 festo
1430 4506 1651 4587 Pentecosten,
1673 4525 1757 4573 anno

360 4580 532 4666 dominiil
561 4580 611 4667 0⁰0
634 4604 848 4687 nonagesimo.

1010 4898 1103 4982 235.

434 5061 540 5129 1290
564 5059 648 5130 Mat
672 5061 740 5131 27.
768 5059 885 5151 Kbnip
906 5059 1097 5133 Lodirlata
1114 5061 1183 5134 IV.
1212 5062 1371 5155 bcatbttpt
1395 5065 1487 5136 setae
1512 5061 1677 5137 Urbunde
1692 5087 1758 5137 con
1791 5079 1825 5133 35

356 5178 467 5248 1286
497 5176 548 5249 bis
577 5181 685 5250 1289
712 5178 779 5252 Nr.
815 5182 886 5250 211
920 5180 1105 5270 tetreffead
1130 5180 1432 5275 Steterbefreiunp
1466 5184 1529 5255 der
1558 5185 1755 5257 Bistritzcr.

514 5358 535 5427 ¹)
558 5358 690 5431 Vorlope:
708 5360 806 5416 ordina

512 5445 535 5514 ¹)
558 5444 689 5516 Veriapc:
706 5446 867 5502 comitatum.
