4048 6284
1019 605 1061 668 54

343 801 505 874 similiter
540 808 574 874 et
607 800 760 896 hospites
786 799 1033 894 cuiuscumque
1066 799 1219 873 nationis
1254 799 1442 873 secundum
1474 798 1668 873 libertatem
1694 800 1738 873 ab

342 921 442 994 initio
468 921 519 995 eie
546 943 744 995 concessam
770 926 929 1016 perpetuo
955 919 1072 993 teneri.

420 1042 549 1115 Datum
585 1064 677 1116 anno
712 1042 756 1114 ab
782 1040 1021 1114 incarnatione
1054 1040 1183 1113 domini
1209 1040 1394 1114 millesimo
1420 1041 1649 1114 ducentesimo
1674 1041 1737 1112 tri·

341 1163 467 1235 cesimo
494 1162 616 1258 primo,
641 1184 732 1235 anno
758 1184 839 1235 vero
865 1161 964 1258 regni
989 1161 1100 1233 nostri
1127 1162 1292 1234 vicesimo
1317 1184 1415 1235 nono.

496 1326 609 1380 Druck:
630 1326 746 1380 Ποίων
758 1325 836 1378 Mon.
849 1324 944 1394 Haap.
954 1325 980 1391 1,
994 1329 1044 1380 109
1056 1325 1127 1379 abab
1138 1326 1547 1396 derBeylaabigaagaurkuade
1558 1326 1605 1379 dea
1617 1324 1739 1394 Lepcim
1773 1328 1790 1379 5

445 1413 536 1469 Jatob
553 1428 607 1467 von
626 1416 695 1467 1232
710 1412 749 1465 im
766 1412 852 1466 Liber
870 1427 998 1466 maenam
1015 1428 1083 1466 cam.
1102 1419 1189 1482 apost.
1207 1412 1256 1480 fol.
1273 1416 1333 1468 353.
1356 1411 1564 1467 Vntitaaiscbea
1581 1410 1691 1465 Arabio.
1704 1440 1738 1451 -

447 1499 581 1569 Raynald
599 1499 703 1553 Arnai,
721 1497 893 1564 x111,3ea
912 1497 992 1566 Pray
1009 1498 1113 1551 Annal.
1134 1514 1189 1568 reg.
1208 1498 1304 1568 Haap.
1323 1498 1348 1565 l,
1366 1501 1426 1553 233.
1450 1497 1566 1550 Kalena
1584 1497 1660 1551 Hiat.
1677 1495 1738 1551 crit.

449 1585 482 1653 V,
500 1589 560 1641 628.
578 1586 680 1640 Palm
696 1585 808 1640 Notitia
825 1585 852 1652 Ι,
874 1587 933 1639 641.
952 1583 1108 1638 Kovacbicb
1130 1584 1254 1655 Vestipia
1271 1588 1313 1640 98.
1344 1583 1500 1638 Xenoclide
1518 1582 1626 1653 Sylloge
1649 1583 1737 1638 decre·

445 1677 535 1726 torum
552 1672 579 1739 1,
597 1676 622 1726 1.
640 1671 727 1739 nejer
747 1671 837 1726 Codex
854 1671 917 1738 ΙΙΙ,
934 1674 960 1737 2,
976 1674 1037 1725 255.
1059 1670 1147 1725 Tbrblc
1159 1671 1353 1741 Mapyarorea.
1366 1669 1496 1739 primane
1512 1669 1557 1736 11,
1574 1673 1617 1724 25.
1636 1669 1740 1723 Knaaa

444 1758 490 1812 Π.
508 1758 606 1812 Endre
622 1757 827 1827 uabadedglev.
844 1759 887 1822 37,
910 1756 942 1811 in
965 1756 1076 1812 walae
1093 1757 1191 1812 Arbeit
1214 1758 1266 1811 des
1284 1756 1522 1827 Rapieruapsjabr
1539 1756 1583 1811 ale
1600 1756 1739 1827 anricblip
1774 1756 1808 1810 10

444 1843 646 1914 aarbpewieaeu
662 1844 741 1898 wird.
760 1843 832 1898 Seite
848 1846 891 1898 45.

496 1963 608 2035 Repest:
626 1963 730 2020 Kaous
747 1963 928 2019 Monumenta
945 1962 972 2031 Ι,
988 1964 1051 2018 279.

1008 2240 1074 2322 63.

419 2407 529 2476 1231.
548 2406 666 2497 Kdnip
678 2406 770 2478 Belo
782 2405 913 2477 artiori
926 2405 1000 2476 υἱον
1018 2402 1239 2491 Orbebaftcn
1257 2402 1320 2475 der
1332 2401 1526 2475 Deatscbea
1544 2402 1740 2475 Oorrardae

341 2526 416 2598 wad
441 2525 580 2613 Daniel,
608 2524 720 2599 Sbbae
746 2526 805 2597 das
830 2524 973 2597 Jobana
998 2522 1159 2610 Latiares,
1179 2524 1250 2612 fiir
1275 2524 1469 2613 eteaerfrea'.
1775 2544 1807 2596 15

498 2689 701 2759 Eiapeacbaltet
720 2705 774 2743 voa
791 2687 886 2756 Konta
904 2686 1027 2755 Stepban
1045 2690 1121 2753 1257,
1142 2685 1218 2756 erip.
1241 2686 1345 2756 Unger.
1364 2686 1571 2741 Laadeaarebiv
1588 2686 1739 2755 Badapesl.

496 2810 607 2864 nse:
625 2809 743 2863 raom
761 2809 837 2863 net.
854 2807 915 2862 ern.
939 2807 970 2874 v,
988 2811 1049 2862 aar.
1076 2807 1155 2875 ΡΜ,
1173 2805 1325 2876 maana
1348 2811 1391 2863 oe.
1418 2806 1505 2874 rae
1524 2807 1614 2862 eoae
1633 2807 1697 2875 ΠΙ,
1713 2811 1739 2874 a,

444 2899 506 2951 aaa.
529 2895 812 2951 emendantia.
836 2894 945 2951 vma
959 2895 1024 2951 coa,
1039 2896 1147 2964 Arpaa.
1160 2895 1289 2961 raam
1307 2893 1669 2949 pommeranorum
1680 2897 1739 2949 rao.

497 3069 576 3134 Bela
604 3070 656 3133 dei
685 3070 787 3153 gratia
816 3088 875 3134 rex
905 3070 1135 3155 primogenitus
1160 3071 1244 3153 regis
1266 3069 1450 3153 Hungan'ae
1480 3068 1628 3132 omnibus
1650 3087 1739 3152 prae·

341 3178 449 3237 sentes
479 3173 586 3237 literas
611 3174 803 3257 inspecturis
826 3173 960 3237 salutem
982 3175 1017 3236 in
1039 3174 1175 3236 domino.
1220 3173 1328 3238 Gloria
1349 3174 1383 3235 in
1406 3171 1541 3236 excelsis
1570 3171 1629 3235 deo
1652 3177 1684 3235 et
1705 3172 1740 3234 in
1774 3177 1809 3232 20
1839 3252 1842 3256 A

342 3282 427 3341 terra
448 3275 551 3340 bonae
573 3276 747 3341 voluntatis
776 3276 958 3340 hominibus
979 3296 1043 3359 pax
1066 3276 1099 3339 in
1123 3281 1208 3339 terra
1236 3277 1417 3357 nunciatur,
1445 3275 1522 3357 quia
1542 3273 1651 3338 illuxit
1673 3274 1740 3338 dies

342 3379 568 3463 redemptionis
595 3379 834 3464 Hungarorum,
857 3378 1068 3441 restitutionis
1091 3378 1252 3462 dignitatis
1274 3380 1388 3463 regiae,
1409 3378 1621 3442 revocationis
1645 3377 1740 3441 liber·

342 3482 416 3546 tatis
446 3501 591 3563 coronae,
623 3481 826 3548 beatissimus
853 3500 913 3546 rex
944 3479 1124 3564 Stephanus
1153 3482 1193 3545 ad
1225 3482 1511 3546 immarciseibilem
1541 3482 1626 3544 enim
1655 3481 1740 3545 vitae

342 3591 489 3650 aeternae
511 3586 705 3650 transiturus
726 3586 859 3670 gloriam
885 3584 1062 3649 defensioni
1083 3585 1194 3650 beatae
1216 3586 1350 3669 virginis
1372 3591 1489 3649 terram
1510 3585 1737 3667 Hungarorum

341 3690 455 3753 merito
477 3689 719 3770 commendavit,
741 3690 817 3771 quia
838 3689 909 3752 eius
938 3689 1086 3771 precibus
1109 3695 1141 3753 et
1169 3690 1352 3753 interventu
1376 3688 1415 3751 de
1441 3705 1564 3750 merore
1587 3686 1627 3749 ad
1649 3686 1738 3750 laeti-
1773 3694 1807 3747 25

342 3793 427 3873 fiam,
450 3791 490 3855 de
521 3792 675 3856 servitute
697 3792 737 3855 ad
759 3792 936 3855 libertatem
962 3797 1011 3855 est
1040 3793 1199 3856 translata
1244 3792 1311 3855 Nos
1333 3792 1432 3875 igitur
1452 3791 1512 3854 sub
1544 3791 1740 3873 protectione

342 3894 484 3959 eiusdem
515 3894 695 3976 militantes
727 3894 803 3958 dum
832 3914 890 3977 per
920 3893 1047 3956 divinae
1076 3895 1292 3978 inspirationis
1322 3896 1423 3978 gnatia
1452 3894 1616 3957 voluntate
1642 3893 1741 3976 patris

342 3998 444 4062 nostri
474 4002 507 4062 et
527 4002 653 4062 matouo
681 3997 860 4082 principum
890 4003 992 4060 terrae
1022 4004 1149 4063 nostrae
1179 3998 1310 4062 consilio
1341 3997 1471 4061 inutiles
1501 4002 1533 4060 et
1562 3993 1741 4080 superfluas

341 4100 545 4181 donationes,
579 4120 661 4183 quae
691 4101 769 4165 lalso
801 4101 928 4164 nomine
959 4103 1187 4184 perpetuitates
1217 4108 1460 4185 nuncupantur,
1494 4101 1741 4183 destrueremus,

342 4205 437 4288 positi
465 4204 501 4268 in
529 4204 746 4270 'ibaneiluanis
767 4203 919 4288 partibus,
949 4202 1059 4268 fideles
1081 4210 1114 4268 et
1135 4204 1266 4270 dilectos
1295 4204 1411 4269 milites
1440 4210 1567 4268 nostros
1596 4203 1740 4269 Saxones
1774 4209 1811 4264 30

342 4307 576 4372 Vltrasilnanos
599 4307 792 4372 (lomardum
814 4315 846 4372 et
867 4306 1032 4371 Danielem
1054 4305 1137 4371 filios
1157 4306 1315 4372 Johannis
1336 4306 1448 4388 latini,
1471 4308 1528 4389 qui
1550 4306 1642 4371 nobis
1663 4306 1741 4372 fide-

342 4410 415 4474 liter
437 4430 497 4475 sua
518 4429 643 4494 semper
664 4411 699 4473 in
721 4409 869 4473 omnibus
897 4410 1114 4475 exhibuernmt
1135 4412 1265 4475 servitia
1287 4416 1351 4474 tam
1374 4410 1518 4494 diligenti
1540 4411 1741 4492 anneximuS,

343 4514 431 4596 quod
453 4520 593 4596 quatuor
614 4512 706 4576 villae
728 4531 848 4594 eorum,
879 4514 999 4578 scilicet
1020 4514 1127 4577 villam
1150 4514 1251 4578 Albae
1282 4513 1441 4595 ecclesiae,
1471 4513 1580 4577 villam
1601 4513 1741 4578 Homus-

341 4622 444 4699 poton,
467 4615 575 4679 villam
591 4614 752 4699 Sanpotoe,
774 4614 882 4679 villam
897 4614 1042 4680 latinam
1064 4636 1190 4681 necnon
1213 4622 1246 4681 et
1263 4616 1399 4700 populos
1413 4616 1588 4681 eorundem
1610 4617 1650 4680 de
1665 4617 1742 4680 villa

342 4717 437 4802 Oplid
467 4717 506 4782 ab
537 4719 623 4783 omni
652 4719 784 4784 collecta
804 4719 1008 4802 absolvimus,
1036 4721 1083 4783 ita
1105 4720 1191 4802 quod
1212 4738 1272 4783 nec
1294 4721 1411 4784 nostris
1437 4720 1659 4785 collectoribus
1681 4739 1741 4785 neo
1775 4726 1809 4780 35

342 4822 469 4907 populis
503 4821 721 4887 Scibiensibus
750 4822 913 4887 collectam
942 4823 1135 4907 persolvent,
1168 4842 1228 4887 nec
1257 4823 1441 4888 collectores
1465 4823 1562 4887 ‘villas
1598 4825 1741 4907 ipsorum

342 4925 462 4990 intrare
490 4927 591 4989 nostri
621 4932 833 5009 praesumant,
863 4926 919 4991 sed
942 4928 1115 4991 constituto
1138 4927 1283 5008 termino,
1312 4927 1345 4990 id
1367 4934 1416 4991 est
1437 4928 1521 4991 circa
1542 4927 1741 4991 nativitatem

343 5027 472 5111 domini,
503 5034 673 5093 teneantur
695 5028 787 5093 nobis
809 5029 911 5094 dictae
932 5029 1027 5095 villae
1050 5030 1187 5094 militum
1209 5037 1274 5095 tres
1297 5031 1437 5095 fertones
1466 5032 1536 5094 anri
1558 5029 1741 5114 persolvere

344 5131 518 5213 annuatim,
539 5132 586 5196 ita
607 5132 693 5222 quod
715 5138 845 5217 propter
865 5133 958 5197 istam
981 5134 1150 5217 specialem
1165 5133 1356 5199 solutionem
1377 5134 1513 5217 populos
1528 5134 1567 5198 ab
1584 5134 1671 5197 omni
1686 5133 1740 5198 ab·

343 5232 498 5298 solvimus
519 5237 711 5319 gravamine.
744 5236 815 5300 Hoc
837 5256 903 5300 non
925 5237 1221 5320 praetermittentes,
1244 5237 1331 5319 quod
1354 5237 1482 5319 quando
1504 5238 1539 5300 in
1561 5238 1739 5302 exercitum
1773 5239 1810 5296 40

342 5336 589 5422 proficiscuntm
609 5340 678 5425 ipse
693 5341 745 5406 vel
765 5340 823 5404 filii
845 5342 915 5405 eius
936 5342 971 5404 in
988 5361 1066 5405 usus
1088 5360 1199 5405 eornm
1218 5340 1351 5405 collecta
1365 5341 1467 5405 dietae
1481 5340 1635 5424 peemniae
1656 5340 1740 5405 redi·

342 5445 445 5525 gutur.
468 5442 513 5507 Ut
526 5442 625 5527 igitur
638 5448 749 5509 nostra
763 5445 890 5509 donatio
914 5444 954 5509 de
976 5445 1180 5528 generatione
1201 5445 1236 5507 in
1257 5445 1494 5528 generationem
1513 5444 1603 5509 salva
1616 5462 1741 5529 semper
