4084 6302
982 610 1138 706 „rtis-

513 797 709 863 Benediotus
728 798 896 882 episcopus
912 846 1013 863 .....
1030 799 1154 864 dilectis
1171 797 1269 863 filiis.
1285 843 1295 862 .
1310 799 1490 884 praeposito
1506 798 1712 863 Genadionsis
1727 803 1761 863 ot

359 947 368 965 .
384 946 394 965 .
410 902 450 966 de
465 900 534 965 Ozd
549 921 586 965 ac
608 948 616 966 .
634 947 642 965 .
659 903 699 966 de
713 899 845 965 Dobalra
861 902 1089 967 archidiaconis
1104 903 1254 967 Albensis
1276 903 1481 967 ecclesiarum
1503 902 1638 968 salutem
1659 953 1758 966 .....

357 1004 582 1087 Exsoquentes
604 1006 759 1070 hactenus
782 1054 910 1068 .....
934 1025 1037 1090 nuper
1058 1008 1151 1070 etiam
1175 1028 1232 1091 pro
1256 1013 1345 1091 parte
1368 1007 1473 1072 dilecti
1496 1005 1553 1070 filii
1573 1052 1582 1070 .
1599 1052 1608 1070 .
1628 1008 1759 1070 rectoris

358 1107 510 1173 eeclesiae
524 1109 559 1172 in
573 1108 721 1174 Bistrioia
730 1108 881 1173 Albensis
896 1109 1030 1174 diocesis
1044 1110 1137 1174 nobis
1152 1111 1276 1175 exstitit
1289 1110 1479 1191 intimatum,
1503 1110 1590 1192 quod
1606 1110 1756 1193 praedicti

358 1212 534 1277 eonmdem
556 1212 814 1277 Praedicatorum
845 1218 878 1276 et
899 1211 1059 1277 Minorum
1084 1214 1232 1278 ordinum
1262 1215 1376 1279 fratres
1397 1219 1509 1277 contra
1539 1218 1681 1277 tenorem
1704 1213 1758 1278 de-
1793 1220 1811 1274 5

358 1315 484 1381 cretalis
499 1315 642 1381 eiusdem
657 1316 758 1380 multa
777 1316 879 1381 eidem
902 1317 1018 1380 rectori
1035 1318 1221 1400 gravamina
1242 1324 1274 1382 st
1292 1318 1426 1381 iniurias
1442 1367 1542 1381 .....
1557 1336 1616 1381 seu
1637 1317 1758 1383 iudices

358 1421 502 1507 deputati
530 1427 595 1485 tam
625 1419 726 1485 eidem
757 1421 873 1485 rectori
906 1422 1062 1485 adversus
1091 1421 1205 1486 iratres
1226 1421 1413 1505 praedictos,
1445 1440 1540 1504 quam
1563 1440 1757 1486 econverso

360 1525 479 1591 eisdem
502 1526 654 1590 fratribus
676 1524 832 1587 adversus
853 1529 1008 1587 rectorem
1031 1525 1209 1609 praelatum
1232 1529 1265 1589 ct
1286 1524 1430 1608 singulos
1452 1545 1563 1590 corum
1584 1575 1684 1588 .....
1702 1545 1759 1609 per

358 1635 550 1695 memoratos
579 1630 693 1693 fratres
723 1627 881 1691 dictorum
904 1628 1053 1692 ordinum
1082 1629 1184 1694 cidem
1208 1629 1323 1692 rectori
1346 1648 1405 1692 nec
1427 1629 1521 1692 etiam
1551 1648 1609 1712 per
1638 1629 1755 1693 dictum

359 1740 515 1799 rectorem
537 1734 657 1798 eisdem
672 1731 824 1795 iratribus
840 1780 940 1794 .....
956 1736 988 1795 et
1004 1730 1151 1794 ordinum
1167 1731 1351 1813 eorundem,
1374 1751 1470 1814 quam
1486 1733 1626 1816 praefato
1642 1734 1756 1797 rectori
1796 1740 1831 1792 10

360 1839 572 1903 communiter
586 1836 640 1901 vel
655 1835 780 1899 divisim
798 1884 896 1898 .....
913 1835 1085 1898 dummodo
1101 1834 1186 1898 ultra
1200 1834 1280 1898 duas
1295 1835 1415 1899 diaetas
1430 1834 1546 1917 aliquis
1562 1841 1654 1900 extra
1668 1855 1758 1900 suam

359 1940 519 2005 civitatem
535 1944 569 2005 et
582 1939 733 2003 diocesim
748 1939 935 2003 auctoritate
950 1939 1165 2023 praesentium
1183 1988 1283 2002 .....
1299 1943 1332 2003 et
1347 1939 1497 2003 ordinum
1515 1939 1758 2023 praedictorum,

360 2063 457 2127 quam
471 2043 588 2109 rectori
601 2043 762 2127 praedicto
777 2062 835 2108 seu
852 2043 1019 2126 quibusvis
1038 2043 1107 2107 aliis
1123 2092 1210 2106 .....
1225 2043 1383 2107 dictorum
1397 2042 1656 2107 Praedicatorum
1672 2092 1758 2106 .....

359 2147 480 2213 Datum
503 2147 673 2229 Avinione‚
695 2146 751 2211 IV.
774 2148 884 2212 Nonas
904 2147 993 2230 Julii,
1016 2167 1101 2211 anno
1123 2146 1265 2232 septimo.

1019 2458 1111 2542 569.
1796 2484 1830 2536 lo

437 2622 597 2716 Acipaoa
622 2626 721 2695 1341
755 2622 900 2695 Olatober
929 2624 984 2694 31.
1021 2622 1132 2714 Papst
1157 2622 1328 2695 Bcacditt
1355 2622 1448 2694 XII.
1481 2622 1680 2712 bacaflropt
1706 2620 1761 2691 dia

358 2746 523 2837 Biaclao‘fe
556 2768 621 2818 voa
648 2744 899 2833 Fatusbircbaa,
940 2742 1202 2816 Groaswardeia
1236 2745 1310 2816 aad
1339 2743 1465 2829 Erus,
1502 2743 1558 2815 die
1588 2765 1653 2814 von
1684 2742 1761 2812 mm

359 2866 675 2959 mmbupbcmc
697 2864 849 2953 Bisolaos
864 2887 973 2955 papea
999 2866 1065 2938 dara
1090 2863 1285 2937 Woa'wodaa
1307 2864 1454 2937 Thomas
1480 2863 1666 2935 erbobcnca
1692 2861 1760 2932 Ba

360 2989 554 3065 scbwerdaa
578 3011 623 3060 aa
648 2987 884 3074 anesum,
921 2987 970 3057 im
996 2986 1097 3058 Folle
1124 2986 1186 3058 dor
1213 2985 1344 3059 Scbuld
1368 2986 1434 3058 dea
1468 2983 1664 3057 Woa‘wodea
1689 2981 1763 3052 aad
1790 2966 1795 2975 ’

362 3113 482 3186 &asca
508 3107 636 3199 Helfer
660 3108 700 3181 iu
726 3108 792 3180 ders
818 3107 925 3178 Boon
950 3129 995 3178 ru
1021 3107 1115 3180 iliaca.
1796 3118 1833 3174 20

517 3255 644 3326 Rapum
666 3253 876 3309 Vatitam‘acbcs
893 3253 1004 3308 Armis.

516 3359 629 3416 Druck:
650 3358 767 3414 litum
783 3357 862 3412 Mon.
881 3357 977 3429 Huap.
996 3358 1022 3426 1,
1040 3362 1101 3413 644.

517 3518 711 3583 Benedictus
733 3517 900 3601 episcopus
923 3568 1051 3581 .....
1075 3516 1311 3582 venerabilibus
1333 3516 1485 3579 fratribus
1507 3561 1515 3578 .
1540 3514 1575 3591 .¹)
1597 3513 1762 3596 Quinque-

362 3624 545 3689 eoclesiensi
567 3627 600 3686 et
618 3667 626 3685 .
644 3620 683 3697 Α)
698 3619 898 3683 Waradiensi
922 3641 958 3683 ac
978 3667 986 3683 .
1004 3620 1038 3697 .³)
1057 3621 1206 3704 Agriensi
1228 3620 1384 3704 episcopis
1406 3619 1541 3684 salntem
1558 3667 1658 3681 .....
1681 3616 1764 3694 Quia

362 3727 510 3792 nonnulli
524 3727 570 3789 sic
583 3726 617 3789 in
633 3723 753 3788 malitia
775 3723 981 3807 delectantur,
1005 3724 1092 3806 quod
1113 3744 1223 3789 sorum
1239 3725 1415 3788 voluntatis
1430 3723 1529 3803 libito,
1551 3721 1761 3786 abstinentiae
1797 3726 1834 3780 25

361 3831 466 3916 ruptis
487 3829 628 3912 habenis,
651 3828 691 3891 ad
706 3826 816 3892 illicita
830 3826 982 3910 relaxato,
1006 3828 1146 3892 ecclesiis
1166 3834 1198 3892 et
1212 3829 1356 3912 personis
1372 3827 1592 3892 ecclesiasticis
1614 3830 1647 3889 et
1669 3824 1761 3887 bonis

361 3935 511 4019 ipsarum,
535 3933 584 3997 dei
608 3933 721 3995 timore
742 3929 928 4014 postposito,
950 3930 1166 4015 multipliciter
1187 3931 1334 3995 iniurian'
1355 3936 1572 4014 praesumunt
1594 3928 1762 3992 consuevit

362 4035 534 4122 apostolica
556 4034 647 4099 sedes
670 4038 703 4098 et
724 4033 819 4098 debet
837 4034 977 4099 ecclesiis
1000 4040 1032 4098 et
1050 4035 1194 4118 personis
1216 4034 1292 4118 ipsis
1315 4039 1425 4098 contra
1438 4032 1628 4117 pravitatem
1650 4031 1760 4096 talium

361 4139 416 4204 illo
447 4138 640 4203 defensionis
668 4138 808 4202 remedio
837 4137 1018 4217 subvenire,
1048 4156 1106 4219 per
1129 4137 1214 4220 quod
1236 4138 1305 4222 ipse
1327 4125 1490 4202 eteorum
1514 4137 1597 4201 bona
1621 4142 1690 4201 tuta
1712 4155 1760 4199 re·

363 4247 512 4307 maneant
533 4247 566 4306 et
586 4242 797 4306 iniuratorum
819 4243 962 4326 ipsorum
981 4246 1201 4325 compescatur
1219 4242 1380 4306 temeritas
1402 4248 1435 4306 et
1456 4241 1526 4306 aliis
1547 4242 1654 4305 aditus
1676 4259 1760 4303 eom-
1797 4245 1834 4298 30

362 4344 509 4409 mittendi
539 4345 654 4408 similia
681 4344 915 4430 praecludatur.
948 4344 1101 4408 Exhibita
1127 4344 1284 4426 siquidem
1314 4344 1405 4408 nobis
1436 4343 1625 4409 venerabilis
1655 4343 1762 4406 fratris

362 4446 465 4512 nostri
486 4446 635 4512 Andreae
657 4449 796 4533 episcopi
809 4448 1060 4530 lbansilvaniin
1076 4447 1219 4532 Ungaria
1232 4467 1306 4511 oum
1321 4448 1411 4530 gravi
1432 4446 1631 4530 querimonia
1652 4446 1761 4530 petitio

363 4550 554 4625 continebat,
585 4550 670 4633 quod
700 4552 816 4616 nobilis
842 4552 893 4615 vir
913 4552 1048 4615 Th0mas
1077 4551 1214 4615 vaivoda
1234 4551 1470 4633 Transilvanus
1501 4551 1557 4634 qui
1586 4550 1626 4613 de
1650 4556 1762 4634 poten-

363 4654 497 4720 tioribus
519 4654 693 4719 baronibus
715 4656 805 4739 regni
821 4655 981 4739 Ungariae
1002 4655 1071 4718 iore
1087 4655 1292 4738 dignoscitur,
1316 4655 1428 4718 timore
1451 4654 1551 4717 divini
1573 4652 1713 4717 nominis
1730 4659 1763 4717 ct

363 4777 470 4823 amore
492 4758 621 4843 penitus
642 4759 753 4842 procul
768 4758 1012 4843 pulsis,·contra
1033 4758 1198 4823 ecclesiam
1213 4757 1450 4822 Transilvanam
1473 4757 1551 4820 alias
1573 4757 1689 4821 dictam
1704 4755 1761 4820 s]-
1796 4762 1832 4815 35

363 4860 495 4927 bensom
516 4861 673 4927 hostiliter
694 4862 872 4946 insurgens
895 4862 1058 4926 associatis
1072 4862 1132 4926 sibi
1155 4862 1342 4926 officialibus
1363 4861 1430 4925 suis
1452 4866 1485 4925 ot
1506 4858 1671 4924 nonnullis
1693 4859 1762 4923 aliis

362 4964 452 5029 laicis
479 4966 514 5029 in
536 4966 595 5029 hac
622 4969 711 5049 parte
741 4965 956 5049 complicibus,
986 4967 1148 5030 civitatem
1178 4963 1351 5029 Albensem
1380 4964 1420 5028 ad
1451 4964 1565 5028 dietam
1598 4963 1762 5028 ecclesiam

363 5067 458 5153 pleno
481 5068 552 5133 iure
581 5072 777 5152 spectantem
805 5088 863 5151 per
884 5069 1052 5133 Nicolaum
1075 5069 1196 5133 dietum
1218 5067 1258 5132 de
1279 5067 1372 5131 Rima
1394 5073 1470 5131 tunc
1492 5066 1699 5131 castellanum
1723 5066 1763 5132 de

364 5170 509 5236 Kecblres
530 5171 803 5237 Transilvanensis
825 5172 968 5254 diocesis,
997 5172 1134 5255 spoliari,
1166 5191 1203 5235 ao
1233 5170 1378 5234 homines
1399 5176 1432 5235 et
1452 5170 1603 5235 mulieres
1625 5169 1763 5234 civitatis

521 5307 542 5375 ¹)
559 5305 723 5362 Midam.
1797 5306 1835 5361 40

519 5394 542 5462 ¹)
559 5393 697 5449 Andreas.

519 5480 542 5549 ⁸)
559 5478 704 5535 Nicotaus.
