4088 6292
964 583 1117 677 Ar-.-

446 769 513 821 Bau
526 768 629 835 Sicana,
648 772 857 838 13179enannt,
875 769 978 823 anaim
991 773 1059 824 1325
1078 769 1175 824 baca
1190 770 1332 838 perturbere
1348 786 1384 824 aa
1401 770 1469 825 eain.
1490 769 1583 825 demes
1600 770 1744 825 winricus

448 857 505 909 ared
526 856 618 911 Comes
637 857 736 909 Petrae
760 856 825 910 sind
848 873 911 910 anm
929 856 1016 911 Jelrre
1038 859 1107 911 12⁸0
1125 857 1241 925 bezenpt,
1265 857 1396 911 wdlrrend
1419 857 1557 911 Domlrerr
1579 856 1743 911 Vincendus

446 944 506 996 aad
522 943 714 997 Arebidiolton
731 942 906 996 Laurenciaa
923 943 1068 996 ianerlrulb
1086 944 1135 997 der
1153 942 1240 997 dabre
1256 948 1324 996 1300
1342 943 1384 996 bia
1403 947 1471 996 1320
1487 947 1610 1012 panchat
1627 943 1742 997 werden.

447 1028 511 1082 Sielr
528 1029 581 1082 Nr.
601 1034 654 1085 197
669 1046 721 1083 von
740 1032 816 1096 1280,
834 1031 912 1083 duan
935 1031 1085 1085 Urbanden
1103 1048 1154 1085 eon
1173 1034 1244 1084 1317
1261 1031 1318 1084 read
1336 1034 1419 1097 1325,·
1442 1029 1649 1084 Vercineurcltia
1666 1028 1743 1083 Neue

448 1115 534 1185 Felpe
553 1116 641 1182 XIX,
661 1120 726 1185 139‚·
744 1116 954 1171 nuenarianae
972 1118 1038 1171 cleri
1055 1117 1138 1171 dioec.
1162 1117 1313 1171 Tractatio.
1332 1117 1414 1171 LIV.
1778 1118 1794 1171 5

498 1288 709 1372 R[ererendis
738 1294 772 1356 in
796 1293 920 1357 Christo
950 1293 1099 1378 dominis]
1116 1294 1266 1358 Albensis
1289 1294 1419 1378 capituli
1441 1294 1602 1357 canonicis
1625 1294 1745 1357 scilicet

343 1395 493 1477 magistro
522 1396 696 1460 Vincencio
727 1398 908 1479 Arnoltque
942 1399 1092 1481 magistro
1126 1405 1158 1462 et
1192 1399 1341 1481 magistro
1372 1395 1560 1479 Llaurencio
1595 1398 1639 1482 et]
1673 1398 1745 1461 uni-

344 1498 487 1563 versitati
512 1500 714 1564 dominorum
746 1502 888 1566 eiusdem
911 1502 1062 1566 ecclesiae
1089 1522 1195 1567 comes
1217 1502 1434 1584 Weynrich1),
1456 1502 1572 1566 Petrus
1594 1502 1634 1567 de
1656 1501 1743 1584 Dela,

343 1602 495 1667 Nicolaus
517 1604 557 1667 de
580 1600 590 1684 [
748 1605 789 1689 Γ)
816 1606 947 1669 comites
969 1605 1104 1669 salutem
1132 1611 1164 1669 et
1194 1606 1351 1688 quidquid
1373 1607 1514 1690 poterint
1544 1605 1689 1687 obsequii
1712 1612 1745 1670 et

342 1705 481 1770 honoris.
525 1706 723 1792 Complaouit
756 1709 976 1773 communitati
1006 1707 1194 1790 Siculorum,
1233 1711 1319 1792 quod
1354 1730 1452 1794 supra
1485 1714 1586 1772 morte
1620 1710 1743 1772 comitis
1780 1715 1813 1769 10

344 1809 431 1873 Petri
439 1810 460 1889 ⁸)
490 1812 529 1875 de
560 1812 643 1875 Alba
679 1812 812 1876 ecclesia
841 1814 925 1876 inter
947 1811 1120 1893 Symonem
1150 1813 1232 1876 baan
1264 1820 1296 1877 et
1327 1815 1473 1877 comitem
1504 1813 1672 1877 Nicolaum
1706 1813 1746 1876 de

345 1915 483 1998 Apoldia
511 1935 621 1999 pacem
651 1922 683 1980 et
713 1917 959 1980 satisfactionem
988 1916 1171 1981 ordinarent
1201 1925 1233 1982 et
1261 1918 1358 1981 rebus
1391 1917 1493 1981 allatis
1523 1918 1623 2002 ipsius
1655 1917 1746 1982 fieret

345 2024 525 2083 restaurem
559 2020 679 2085 scilicet
707 2040 764 2105 pro
798 2021 940 2104 corporis
970 2021 1128 2083 occisione
1162 2021 1274 2103 viginti
1310 2023 1455 2104 quinque
1489 2042 1612 2085 marcas
1645 2022 1746 2085 veluti

345 2123 454 2187 decem
476 2124 599 2189 nobiles
628 2126 764 2189 mediam
786 2124 977 2189 solutionem
1004 2144 1041 2188 ac
1063 2143 1184 2206 equum
1206 2125 1366 2189 valentem
1397 2127 1507 2191 decem
1528 2145 1650 2189 marcas
1672 2144 1745 2189 cum

344 2227 445 2311 clipeo
469 2234 501 2293 et
522 2229 627 2313 paulic
650 2235 682 2293 et
704 2229 743 2293 de
766 2229 1006 2312 renascereris,
1034 2248 1114 2310 quas
1137 2228 1287 2292 volumus
1309 2231 1414 2313 ipsum
1436 2231 1592 2314 recepisse
1615 2230 1745 2294 exhibet
1781 2234 1813 2287 15

345 2332 566 2415 purgationem
588 2332 654 2412 ut⁸)
678 2333 905 2397 iurisdictionis
935 2332 1012 2396 ordo
1043 2332 1185 2414 exquirit
1214 2340 1246 2396 et
1268 2334 1412 2417 promisit
1438 2354 1544 2397 coram
1567 2334 1659 2397 vobis
1682 2339 1746 2398 ter·

345 2437 468 2501 minum
499 2438 722 2513 satislactionis
752 2443 938 2522 praenotare
968 2443 1000 2500 et
1030 2437 1069 2501 de
1100 2436 1217 2520 spoliis,
1252 2456 1335 2519 qnae
1365 2437 1514 2519 Symonis
1544 2438 1627 2502 baan
1659 2438 1746 2503 filins

344 2540 508 2605 Johannes
530 2563 603 2606 oum
619 2543 686 2606 suis
701 2541 907 2625 complicibus
923 2540 963 2604 ob
978 2546 1124 2603 nostrum
1140 2540 1366 2605 detrimentum
1382 2542 1539 2605 commisit
1553 2543 1587 2605 in
1603 2543 1746 2624 quinque

346 2644 464 2707 nostris
486 2644 570 2708 villis
599 2646 754 2710 incendiis
783 2652 815 2710 et
837 2645 957 2729 rapinis
987 2664 1166 2729 expurgare
1195 2666 1269 2709 cum
1292 2646 1405 2729 viginti
1436 2646 1580 2726 quinque
1602 2647 1746 2729 personis

344 2747 378 2809 in
402 2747 564 2812 nobilitate
586 2749 646 2813 sibi
669 2749 916 2813 assimilantibus
939 2768 973 2812 se
989 2748 1233 2831 compromisit⁴)
1258 2747 1376 2831 duplici
1398 2748 1585 2831 iuramento,
1607 2750 1745 2834 primum
1781 2754 1816 2808 20

345 2870 402 2935 pro
418 2851 529 2935 spolio,
552 2854 727 2917 secundum
743 2873 801 2938 pro
816 2851 995 2931 incendor)
1018 2852 1187 2936 praedictis
1202 2872 1276 2916 curn
1288 2849 1309 2929 ⁸)
1332 2853 1484 2936 personis,
1510 2855 1586 2936 qnia
1600 2854 1628 2917 si
1642 2854 1747 2919 facere

346 2974 412 3018 non
427 2958 601 3038 praesumit
616 2977 673 3040 pro
691 2956 833 3039 quolibet
848 2958 1025 3021 iuramento
1042 2963 1171 3020 centurn
1187 2976 1309 3020 marcas
1321 2956 1397 3021 dare
1411 2958 1600 3041 repromisit
1623 2965 1655 3021 et
1671 2959 1697 3021 si
1713 2958 1746 3020 in

346 3060 549 3143 supradicto
572 3061 727 3144 promisso
751 3062 929 3125 constantia
959 3061 1071 3143 tenuit,
1101 3061 1140 3124 de
1171 3061 1296 3124 damnis
1316 3080 1374 3144 per
1397 3081 1455 3125 nos
1478 3081 1514 3125 ac
1537 3067 1664 3125 nostros
1687 3061 1747 3125 sibi

345 3163 441 3227 illatis
462 3170 588 3228 restrae
610 3164 791 3228 discretioni
813 3165 967 3228 iudicium
990 3185 1026 3229 ac
1049 3164 1290 3243 ordinationem,
1324 3165 1417 3228 sicuti
1440 3164 1639 3246 confidimus,
1661 3184 1747 3228 oom-

345 3268 552 3331 mitteremus.
591 3270 639 3331 Ac
668 3269 799 3353 insuper
828 3268 999 3332 diffinitum
1033 3275 1083 3333 est
1114 3288 1170 3353 per
1200 3269 1406 3353 providorum
1437 3269 1745 3353 praeordinationem
1781 3272 1815 3327 ‘25

346 3372 497 3453 virorum,
521 3372 607 3454 quod
630 3374 655 3435 si
679 3379 895 3457 praenotatam
919 3374 1072 3457 pecuniae
1095 3393 1252 3437 summam
1274 3394 1331 3457 pro
1351 3381 1453 3437 morte
1468 3373 1600 3456 praelati
1623 3373 1748 3435 comitis

346 3475 456 3539 beame
478 3478 649 3542 memoriae
671 3477 757 3542 Petri
781 3479 820 3542 de
842 3478 925 3542 Alba
954 3478 1087 3541 ecclesia
1116 3478 1175 3541 sub
1207 3484 1348 3560 tempore
1382 3476 1507 3539 termini
1531 3476 1747 3560 compendiosi

346 3598 411 3641 non
434 3580 564 3663 dederit,
594 3582 761 3666 dupliciter
790 3583 971 3666 persolvere
1000 3602 1034 3647 se
1057 3581 1208 3663 obligarit
1232 3587 1264 3643 et
1294 3580 1422 3643 termini
1444 3579 1578 3663 praefixi
1600 3586 1649 3644 est
1670 3579 1748 3657 dies,

347 3702 419 3747 curn
442 3685 525 3767 regis
548 3687 708 3750 exercitus
730 3686 905 3769 susceperit
928 3687 1125 3763 descensum,
1157 3690 1189 3747 et
1211 3684 1238 3746 si
1260 3684 1294 3745 in
1316 3683 1468 3747 universo
1490 3684 1651 3767 praedicto
1674 3704 1748 3767 pro·

346 3788 443 3851 misso
465 3787 561 3853 fidem
591 3809 656 3852 non
686 3788 863 3852 servaverit
890 3788 1060 3852 diffinitum
1085 3786 1167 3869 est‚³)
1197 3788 1284 3868 quod
1306 3807 1366 3850 nos
1388 3806 1461 3850 eum
1485 3787 1601 3851 Siculis
1622 3789 1657 3849 in
1679 3787 1747 3850 suis
1782 3792 1817 3846 30

348 3890 432 3954 villis
462 3897 494 3954 et
523 3892 752 3957 hereditatibus
783 3898 890 3956 vestra
918 3912 992 3955 cum
1024 3891 1249 3956 deliberatione
1272 3911 1385 3955 sumus
1407 3891 1574 3974 recepturi.
1611 3891 1749 3974 Insuper

347 3994 434 4075 quod
457 4015 522 4059 non
538 3996 654 4060 talibus
670 3997 830 4061 nobilibus
846 3996 959 4060 debeat
981 4016 1015 4060 se
1031 4014 1218 4079 expurgare,
1244 3996 1299 4076 qui
1315 3995 1347 4058 in
1363 4000 1473 4059 nostro
1490 3995 1606 4058 damno
1622 4000 1745 4058 actores

346 4099 549 4183 exstiterunt,
582 4107 614 4165 et
644 4100 800 4183 quidquid
830 4101 989 4184 praesenti
1019 4100 1128 4163 literae
1158 4118 1222 4162 non
1258 4099 1487 4181 intricavimns,
1520 4097 1745 4163 aSiculorum

346 4203 465 4267 nuncio
487 4224 524 4267 ac
553 4206 711 4289 praesenti
740 4204 893 4268 didicetis.
930 4204 1011 4267 ltem
1042 4208 1180 4267 vestram
1210 4205 1363 4267 attentius
1394 4204 1591 4267 honestatem
1614 4203 1747 4286 dignum

347 4307 530 4383 duximnslt
554 4309 798 4389 exhortandum,
821 4314 857 4371 ut
872 4309 905 4370 in
929 4326 1133 4389 quocumque
1153 4308 1273 4370 iachim
1296 4314 1440 4371 nostrum
1458 4326 1516 4371 seu
1530 4307 1564 4368 in
1578 4306 1679 4370 literis
1694 4304 1746 4368 vel
1783 4313 1816 4365 35

347 4412 379 4473 in
393 4411 462 4475 ahis
474 4413 589 4476 vestris
604 4412 858 4496 promotionibus
870 4412 910 4475 ad
925 4410 1103 4495 proficuum
1121 4410 1212 4474 nobis
1228 4410 1402 4493 perducere
1418 4411 1546 4494 possitis
1557 4410 1578 4488 ³)
1601 4409 1748 4473 ellectum

346 4534 404 4598 pro
428 4517 530 4579 nostri
552 4516 725 4581 famulatus
748 4516 943 4580 exhibitione
965 4514 1035 4579 fieri
1058 4514 1266 4598 postulamus.

502 4657 577 4740 Aaf
600 4656 655 4720 der
680 4655 838 4720 Ranae
858 4654 1008 4719 Adreese:
1043 4653 1251 4719 Universitati
1285 4652 1488 4716 dominorum
1522 4653 1749 4715 canonicorum

347 4758 497 4824 Albensis
520 4761 679 4825 ecelesiae.

504 4954 524 5014 ¹)
544 4949 647 5016 Weynr
664 4948 682 4999 h
700 4947 795 5014 rietur,
814 4947 859 5001 die
876 4946 962 5001 durch
976 4944 1163 5015 Feaclrtipltcit
1181 4943 1351 5013 beecbddt'pte
1363 4943 1444 4999 Stella
1461 4943 1545 4998 reiclrt
1562 4945 1613 5012 fiir
1629 4942 1749 4998 2Baclt·
1784 4942 1820 4997 40

347 5037 443 5091 staden
461 5053 522 5089 area.

503 5127 525 5191 ¹)
542 5123 634 5178 Leone
653 5127 696 5176 rc
716 5121 884 5177 eruimur.

504 5213 525 5277 ⁸)
548 5211 633 5266 Ueber
650 5210 700 5265 der
717 5209 793 5263 Zeila
811 5209 1020 5279 auebqetrcpen.

502 5301 524 5365 ⁴)
547 5297 683 5365 Vorlepe:
700 5285 829 5365 cppmisit

504 5386 525 5452 ε)
544 5383 672 5451 nereus
686 5383 792 5451 naar,
813 5398 854 5436 ao
872 5381 1094 5437 amidanae
1112 5363 1149 5436 οιῖ
1162 5381 1320 5451 qaaere.
