4084 6302
994 625 1149 718 332-

376 813 553 877 habentem.
583 811 627 876 Et
648 812 763 876 deinde
786 813 888 876 tendit
910 832 966 877 seu
991 813 1079 876 vadit
1099 812 1192 876 iuxta
1213 812 1367 896 piscinam
1391 830 1503 875 versus
1526 810 1775 894 septentrionem

377 918 569 980 existentem
599 921 631 979 et
659 915 773 979 deinde
804 916 948 979 similiter
979 916 1069 979 iuxta
1092 917 1223 980 eandem
1248 916 1400 999 piscinam
1429 915 1531 978 tendit
1553 933 1610 978 seu
1632 914 1774 997 procedit

376 1039 490 1084 versus
522 1019 769 1102 septentrionem
799 1019 838 1081 ad
870 1020 1029 1101 quandam
1060 1020 1187 1100 fossam,
1217 1038 1299 1101 quae
1330 1018 1458 1099 quidem
1489 1017 1575 1080 fossa
1604 1018 1643 1081 de
1665 1018 1774 1080 eadem

375 1124 497 1208 piscina
518 1122 620 1187 tendit
650 1141 763 1186 versus
794 1123 963 1205 antiquum
986 1122 1185 1186 obstaculum
1209 1121 1381 1185 molendini
1413 1121 1537 1183 comitis
1560 1121 1721 1203 Stephani,
1743 1126 1775 1183 et

374 1228 444 1311 ipsa
473 1227 595 1311 piscina
625 1244 707 1308 quae
738 1245 757 1287 a
786 1224 870 1288 dicta
899 1226 1012 1289 arbore
1034 1226 1141 1289 Fwafa
1163 1226 1306 1309 procedit
1335 1243 1438 1306 usque
1460 1224 1500 1286 ad
1531 1224 1647 1288 fossam
1678 1242 1773 1306 supra
1808 1233 1825 1285 5

376 1331 492 1394 dictam
514 1331 609 1394 cessit
631 1330 670 1393 ad
693 1330 871 1413 portionem
894 1329 1032 1392 liliorum
1056 1329 1179 1392 Alberti
1202 1328 1445 1411 praedictorum,
1475 1334 1508 1392 et
1529 1327 1666 1391 insulam
1690 1346 1772 1408 quae

375 1434 478 1497 tendit
499 1453 519 1497 a
540 1433 701 1517 praedicta
715 1431 828 1495 arbore
843 1432 949 1495 szia
971 1434 1056 1495 intra
1070 1433 1262 1515 praedictam
1278 1433 1430 1515 piscinam
1453 1438 1485 1494 et
1506 1430 1642 1494 fluvium
1657 1430 1774 1493 Zomvs

376 1538 566 1601 existentem
588 1536 767 1620 praenotati
787 1534 845 1598 filii
867 1535 991 1600 Alberti
1014 1542 1174 1617 tamquam
1198 1536 1336 1599 insulam
1359 1536 1500 1619 ipsorum
1523 1533 1597 1597 filiis
1620 1532 1773 1597 Demetrii

374 1660 431 1723 pro
447 1640 592 1723 portione
604 1641 744 1723 ipsorum
760 1639 889 1723 pacifice
901 1645 1053 1724 perpetue
1068 1659 1105 1702 ac
1120 1638 1369 1702 irrevocabiliter
1383 1638 1600 1721 permisissent
1615 1657 1651 1700 ac
1667 1655 1773 1699 coram

375 1741 467 1805 nobis
496 1741 711 1824 permiserunt
742 1741 972 1825 possidendam.
1016 1742 1059 1806 Et
1089 1742 1128 1805 ab
1152 1744 1283 1824 antiquo
1307 1741 1469 1805 obstaculo
1500 1739 1674 1805 molendini
1697 1739 1771 1802 dicti
1809 1747 1843 1800 10

374 1843 526 1929 Stephani
547 1850 632 1908 meta
654 1844 756 1909 tendit
777 1845 818 1908 ad
841 1845 971 1909 domum
991 1846 1121 1909 scolaris
1144 1852 1176 1909 et
1199 1844 1313 1909 deinde
1328 1845 1416 1909 vadit
1438 1845 1477 1907 ad
1501 1844 1666 1908 ecclesiam
1688 1842 1771 1906 beati

372 1948 539 2033 Leonardi,
561 1950 607 2014 ita
624 1957 731 2014 tamen
755 1950 841 2032 quod
864 1951 968 2014 insula
982 1971 1040 2016 seu
1059 1970 1173 2015 nemus
1195 1951 1229 2014 in
1251 1950 1355 2014 medio
1377 1949 1469 2014 fluvii
1484 1949 1609 2013 Zomws
1631 1947 1773 2012 existens

373 2054 414 2117 ad
436 2054 656 2118 molendinum
670 2053 810 2118 liliorum
824 2053 978 2118 Demetrii
995 2054 1201 2139 pertinebunt
1223 2055 1291 2137 ipso
1306 2052 1406 2117 fluvio
1423 2053 1548 2116 Zomws
1570 2071 1612 2116 ex
1635 2056 1772 2132 utraque

372 2161 463 2241 parte
484 2157 585 2241 ipsius
614 2157 738 2223 insulae
768 2157 889 2222 fluente
919 2158 1101 2221 molendino
1123 2157 1263 2222 filiorum
1285 2158 1409 2222 Alberti
1433 2161 1647 2241 permanente,
1679 2159 1710 2218 et
1732 2154 1772 2217 de

374 2260 458 2325 dicta
479 2261 613 2325 ecclesia
635 2268 719 2326 meta
741 2262 883 2345 procedit
905 2281 1018 2325 versus
1034 2267 1139 2324 ortum
1155 2261 1231 2325 solis
1253 2262 1292 2325 ad
1311 2262 1470 2343 quandam
1492 2266 1609 2323 arctam
1625 2259 1770 2342 plateam,
1809 2266 1842 2315 te

373 2384 438 2447 qua
459 2365 563 2449 platea
583 2364 674 2429 finita
704 2373 736 2429 et
759 2367 926 2429 terminata
956 2365 1057 2428 tendit
1079 2385 1136 2447 per
1158 2366 1290 2428 eandem
1321 2367 1405 2428 riam
1433 2384 1545 2428 versus
1569 2371 1673 2425 ortum
1696 2360 1771 2423 solis

373 2468 494 2532 bonum
516 2470 555 2532 ad
571 2469 709 2553 spatium
725 2469 821 2532 unius
836 2468 946 2550 iugeri.
968 2466 1010 2531 Et
1033 2468 1146 2531 deinde
1163 2469 1251 2532 radit
1266 2488 1379 2532 versus
1395 2477 1516 2552 partem
1533 2464 1769 2530 meridionalem

373 2571 413 2634 ad
437 2572 598 2653 quandam
620 2571 714 2635 aliam
737 2572 820 2633 viam
845 2577 877 2634 et
899 2571 1014 2635 deinde
1031 2592 1088 2654 per
1110 2572 1243 2636 eandem
1259 2573 1342 2634 viam
1365 2571 1508 2654 procedit
1530 2589 1642 2633 versus
1665 2574 1769 2631 ortum

373 2675 449 2740 eolis
478 2676 518 2739 ad
550 2675 709 2758 quendam
742 2680 880 2738 montem
903 2673 1090 2739 Kneslonlrh
1120 2677 1316 2738 nominatum
1349 2683 1381 2739 et
1411 2674 1525 2738 deinde
1555 2671 1770 2757 pereundam

373 2780 456 2842 viam
477 2780 649 2844 revertitur
666 2778 706 2841 ad
721 2783 841 2861 partem
858 2778 1095 2841 meridionalem
1118 2779 1157 2841 ad
1178 2777 1337 2859 quendam
1353 2778 1503 2859 rivulum,
1527 2778 1581 2859 qui
1597 2775 1771 2858 vulgariter
1805 2781 1842 2836 20

372 2881 498 2963 Zeshyd
521 2886 735 2964 nuncupatur,
758 2887 790 2945 et
811 2880 925 2945 deinde
950 2883 1103 2945 transitur
1117 2902 1174 2965 per
1195 2882 1393 2946 obstaculum
1410 2882 1502 2944 iuxta
1525 2880 1683 2963 quandam
1706 2879 1770 2962 pis·

371 2986 476 3048 cinam
505 2984 581 3048 dicti
610 2984 735 3047 comitis
757 2983 908 3066 Stephani
939 3004 1051 3048 versus
1082 2984 1244 3048 meridiem
1275 3004 1331 3067 por
1363 2984 1522 3066 quandam
1552 2984 1696 3046 semitam
1730 2981 1769 3044 ad

372 3088 533 3171 quendam
555 3087 657 3170 bercz,
684 3088 741 3169 qui
764 3087 1013 3152 Oheoreesbercz
1036 3088 1222 3171 appellatur,
1252 3097 1284 3151 ct
1305 3108 1362 3172 per
1384 3088 1475 3152 illum
1505 3086 1618 3151 circuit
1640 3086 1770 3150 arbores

371 3191 628 3256 Oheereeslnesla
650 3196 780 3255 vocatas
802 3196 835 3255 et
857 3191 959 3256 tendit
974 3212 1087 3257 versus
1110 3198 1214 3255 ortum
1232 3192 1307 3255 solis
1322 3192 1362 3254 ad
1384 3192 1537 3275 piscinam
1550 3189 1767 3254 Keedeleutho

371 3301 525 3377 vocatam,
557 3294 611 3357 ubi
633 3293 759 3358 rivulus
782 3292 1098 3378 Gheresnyespathah
1120 3295 1297 3378 appellatus
1318 3295 1403 3358 cadit
1424 3295 1465 3358 ad
1486 3295 1640 3379 piscinam
1662 3292 1766 3357 Kede-
1801 3299 1837 3353 25

370 3397 478 3461 lentho
502 3398 742 3481 supradictam.
777 3397 819 3460 Et
842 3399 955 3462 deinde
978 3398 1121 3481 procedit
1146 3405 1178 3461 et
1199 3399 1341 3462 ascendit
1363 3418 1475 3462 versus
1498 3403 1620 3481 partem
1643 3404 1769 3479 septen·

370 3501 538 3564 trionalem
560 3501 600 3563 ad
623 3507 762 3564 montem
774 3501 890 3564 Halom
906 3508 1053 3565 vocatum
1077 3503 1170 3565 iuxta
1184 3503 1377 3584 praedictam
1392 3503 1545 3585 piscinam
1568 3500 1768 3579 existentem,

370 3607 403 3666 et
424 3603 515 3665 iuxta
536 3602 626 3665 illum
649 3603 764 3667 Halom
794 3611 842 3668 est
873 3606 1033 3687 quoddam
1065 3605 1263 3668 obstaculum
1287 3614 1319 3670 et
1342 3607 1455 3669 transit
1476 3624 1541 3688 per·
1554 3603 1634 3667 illud
1657 3622 1768 3666 versus

371 3712 476 3770 ortum
507 3706 591 3787 solis,
622 3712 653 3770 et
682 3708 804 3790 piscina
834 3727 916 3790 quae
946 3709 1030 3771 circa
1060 3709 1257 3791 praedictum
1290 3708 1488 3771 obstaculum
1511 3727 1624 3771 versus
1647 3713 1767 3788 partem

369 3809 609 3874 meridionalem
632 3812 741 3875 existit
763 3812 858 3875 cessit
880 3832 937 3896 pro
961 3813 1103 3896 ipsorum
1119 3813 1267 3896 portione
1289 3812 1363 3875 filiis
1378 3812 1531 3875 Demetrii
1554 3832 1651 3895 supra
1667 3810 1766 3889 dictis,
1802 3816 1839 3870 30

368 3913 490 3996 piscina
511 3932 588 3977 vero
611 3932 694 3995 quae
717 3914 861 3979 similiter
882 3916 966 3978 circa
988 3917 1184 3999 praedictum
1200 3916 1401 3980 obstaculum
1416 3935 1529 3979 versus
1551 3922 1673 3999 partem
1696 3933 1766 3996 sep-

369 4016 589 4080 tentrionalem
621 4018 731 4081 existit
760 4017 834 4081 filiis
857 4018 979 4082 Alberti
1002 4021 1195 4102 praenotatis
1217 4040 1275 4103 pro
1298 4039 1409 4083 eorum
1440 4019 1536 4082 cessit
1556 4019 1711 4103 portione,
1735 4022 1767 4080 et

368 4121 462 4184 iuxta
479 4122 673 4205 praedictam
689 4121 841 4205 piscinam
858 4129 942 4186 meta
957 4123 1121 4187 descendit
1136 4124 1280 4187 simihter
1295 4125 1334 4186 ad
1349 4130 1471 4207 partem
1488 4122 1765 4207 septentrionalem

371 4226 411 4288 ad
435 4224 634 4288 obstaculum
657 4225 758 4288 dictae
782 4225 921 4307 piscinae
943 4231 976 4290 et
998 4227 1112 4291 deinde
1136 4228 1223 4291 vadit
1246 4247 1359 4291 versus
1382 4233 1487 4290 ortum
1510 4227 1586 4290 solis
1607 4246 1664 4310 per
1686 4225 1767 4289 diri-

369 4330 492 4394 sionem
523 4330 617 4393 villae
640 4330 679 4393 ad
710 4328 852 4392 rivulum
873 4328 1133 4414 Kedelenpathalr
1165 4332 1371 4395 nominatum.
1409 4331 1450 4394 Et
1480 4331 1594 4394 deinde
1624 4330 1767 4394 ascendit
1801 4334 1837 4387 35

368 4432 513 4496 similiter
535 4452 648 4497 versus
671 4438 777 4495 ortmn
800 4432 876 4497 solis
898 4433 938 4496 ad
955 4434 1114 4515 quendam
1137 4435 1229 4498 bercz
1251 4436 1336 4499 inter
1350 4434 1430 4499 duas
1453 4435 1549 4499 silvas
1564 4435 1766 4514 existentem,

368 4536 424 4617 qui
454 4535 548 4600 bcrcz
570 4535 797 4619 Nodglredelen
828 4536 1014 4621 appellatur,
1045 4544 1077 4602 et
1106 4537 1221 4602 deinde
1250 4556 1308 4621 per
1336 4538 1474 4602 eundem
1504 4538 1597 4602 bercz
1623 4538 1767 4602 similiter

367 4657 480 4702 versus
501 4646 623 4723 partem
647 4639 885 4704 meridionalem
915 4641 1017 4704 tendit
1047 4641 1087 4704 ad
1111 4640 1271 4723 quendam
1293 4640 1386 4705 bercz
1409 4641 1642 4723 Gyersiaborch
1665 4641 1766 4704 norni-

366 4747 487 4824 natum,
517 4748 550 4806 et
571 4743 686 4807 deinde
715 4744 878 4808 descendit
900 4764 1014 4810 versus
1045 4752 1152 4810 ortum
1181 4745 1257 4808 solis
1280 4745 1320 4808 ad
1344 4747 1504 4828 quandam
1535 4754 1659 4825 metam,
1683 4765 1765 4829 quae

367 4843 483 4907 dictam
512 4846 745 4929 possessionem
768 4847 844 4910 th
871 4848 985 4912 dividit
1014 4850 1254 4933 apossessione
1276 4848 1485 4913 Sumatheluh
1509 4855 1628 4933 vocata,
1659 4857 1691 4914 et
1720 4851 1764 4914 ibi
1799 4851 1836 4905 40

366 4953 470 5012 metae
493 4948 595 5014 dictae
616 4951 827 5034 possessionis
843 4951 919 5015 th
949 4954 1169 5017 terminantur.
1203 4953 1244 5017 Et
1266 4954 1311 5017 sic
1333 4973 1408 5037 pars
1430 4953 1532 5018 dictae
1554 4956 1764 5038 possessionis

366 5050 444 5114 Zwlr
473 5072 492 5115 a
520 5058 611 5135 parte
641 5054 880 5136 septentrionah
911 5057 1052 5121 existens
1082 5058 1225 5140 aprima
1254 5064 1339 5121 meta
1360 5057 1539 5141 incipiendo
1562 5059 1764 5142 procedendo

368 5155 536 5235 usquead
559 5155 704 5220 ultimam
725 5156 799 5221 filiis
821 5157 946 5221 Alberti
968 5160 1172 5242 supradictis
1194 5180 1252 5244 pro
1275 5161 1417 5244 ipsorum
1440 5162 1535 5225 cessit
1555 5164 1710 5245 portione,
1733 5169 1767 5227 et

365 5257 478 5321 eodem
500 5259 594 5322 modo
617 5279 692 5344 pars
714 5260 816 5324 dictae
838 5261 1049 5344 possessionis
1078 5269 1207 5347 aparte
1237 5265 1435 5328 meridionali
1457 5265 1600 5329 existens
1623 5286 1642 5329 a
1662 5267 1766 5350 prima

364 5365 451 5424 meta
470 5361 651 5445 incipiendo
673 5363 875 5446 procedendo
899 5383 1003 5446 usque
1025 5365 1065 5428 ad
1088 5365 1233 5430 ultimam
1254 5387 1312 5451 pro
1334 5369 1477 5452 ipsorum
1500 5371 1646 5452 portione
1668 5370 1763 5434 cessit
1797 5370 1834 5425 45

364 5460 438 5528 liliis
452 5462 607 5529 Demetrii
629 5467 832 5549 praenotatis,
854 5467 900 5530 ita
920 5472 1027 5532 tamen
1044 5469 1130 5550 quod
1150 5469 1232 5533 silva
1245 5469 1466 5537 Kereuseerdo
1482 5478 1595 5537 vocata
1617 5492 1659 5538 ex
1673 5478 1763 5557 parte
