4064 6288
896 622 1052 719 ‚Q-

430 808 542 864 Droct:
569 808 657 876 Fater
683 807 773 864 (lodex
797 808 830 877 V,
854 813 880 877 1,
907 813 962 865 137
982 809 1053 864 neo·
1075 809 1125 863 der
1147 806 1470 879 Beonaponpeorbaade
1493 807 1541 863 des
1564 806 1673 879 neapo

377 895 532 950 Ladielaaa
550 895 606 950 IV.
631 911 685 949 oon
702 898 772 949 1272
791 895 823 949 ia
840 896 889 950 der
907 896 1096 961 Haadocltrift
1115 894 1266 964 (11111111.
1284 893 1430 963 Kapriaci
1448 894 1493 961 ΙΙ,
1516 894 1567 948 sub
1585 895 1613 948 B
1629 898 1672 949 87.

431 1016 543 1086 Repeot:
571 1017 683 1071 Teatocb
706 1033 734 1069 a.
754 1014 916 1071 Firabober
939 1017 1012 1072 Stet.
1035 1016 1117 1071 Urbb.
1136 1016 1162 1083 1,
1186 1015 1258 1071 Seite
1278 1015 1350 1069 LII.
1379 1015 1563 1071 Demeam
1580 1014 1673 1070 Docu-

378 1106 464 1157 menta
480 1105 541 1156 356.

224 1387 242 1441 r
931 1363 1026 1445 144.

353 1546 461 1615 1272
482 1543 642 1616 Febr-uer
668 1548 698 1615 1.
735 1542 901 1616 Albertus
928 1543 1095 1640 magister
1120 1564 1325 1639 agasonum,
1349 1563 1463 1615 comes
1484 1541 1525 1614 de
1543 1539 1675 1615 Sibinio

276 1664 329 1735 aa
354 1663 529 1755 7119111
556 1663 619 1736 der
653 1662 818 1735 Urloodc
843 1663 903 1735 des
929 1663 1062 1753 Ktoips
1090 1662 1242 1755 Stepboa
1277 1662 1315 1736 V.
1340 1664 1411 1752 fur
1442 1663 1497 1736 dic
1523 1661 1676 1758 hospites

277 1782 318 1856 de
343 1783 432 1856 villa
457 1782 576 1857 Olasai
601 1805 705 1879 prope
729 1781 847 1856 Potolu

354 1903 484 1977 Datum
518 1926 579 2000 per
608 1926 736 1977 manus
767 1902 930 2000 magistri
955 1901 1133 1976 Benedicti
1159 1903 1323 1977 ecclesiae
1349 1902 1548 1978 Omdiensis
1575 1925 1675 1999 prae·

211 2043 246 2097 10
279 2024 392 2119 positi,
427 2023 529 2098 aulae
563 2030 701 2097 nostrae
736 2023 1011 2097 vicecancellarii
1050 2024 1166 2097 dilecti
1204 2048 1246 2098 ao
1279 2024 1393 2098 fidelis
1427 2024 1548 2117 nostri,
1583 2046 1677 2098 anno

278 2144 407 2218 domini
432 2144 679 2239 MCOLXXJI,
713 2141 915 2236 ualerent
942 2144 1132 2241 Februarii,
1166 2145 1351 2220 indictione
1377 2146 1500 2241 quinta
1534 2145 1678 2239 decima,

275 2266 376 2362 regui
402 2271 517 2339 autem
543 2265 655 2339 nostri
681 2289 772 2338 auno
799 2267 955 2340 secundo.

381 2514 411 2569 D
432 2428 544 2483 Druck:
567 2429 654 2496 Pejor
674 2429 764 2485 01111
786 2429 819 2496 V,
844 2435 868 2498 1,
894 2435 945 2484 181
963 2431 1034 2486 anob
1054 2430 1179 2486 comato
1200 2431 1332 2487 Cornider
1354 2431 1424 2486 VII.
1442 2461 1477 2472 -
1494 2430 1678 2487 Doaraeiaau

412 2520 548 2571 commeate
565 2518 625 2570 362.

210 2821 244 2874 15
933 2796 1026 2879 145.

356 2978 464 3047 1272
489 2960 649 3050 Feoao
677 2980 710 3048 9.
739 2974 902 3047 Albertus
924 2975 1092 3073 magister
1109 2999 1311 3073 agasonum,
1336 2999 1448 3050 comes
1466 2977 1507 3051 de
1524 2974 1676 3052 Scibinio

279 3097 332 3168 ab
357 3096 469 3187 anpe
494 3098 533 3168 ia
559 3097 622 3169 der
655 3094 820 3169 Urtuode
846 3097 905 3168 deo
926 3096 1060 3188 Kdoiys
1079 3095 1204 3186 Stasea
1230 3096 1268 3168 V.
1288 3096 1359 3185 fiir
1375 3097 1554 3171 Johannes
1579 3097 1679 3171 filius

280 3215 398 3289 Gubul
424 3216 464 3288 de
491 3215 612 3312 Zepus.

357 3335 486 3408 Datum
513 3360 573 3432 per
599 3359 726 3409 manus
754 3336 915 3433 magistri
938 3335 1114 3410 Benedicti
1133 3336 1331 3410 Orodiensis
1357 3336 1553 3433 praepositi,
1578 3336 1680 3410 atilae

211 3474 247 3529 uo
281 3463 420 3530 nostrae
446 3455 723 3529 vicecancellarii
748 3456 863 3528 dilecti
889 3462 923 3530 et
947 3456 1062 3530 fidelis
1088 3457 1208 3550 nostri,
1235 3479 1327 3528 auno
1344 3456 1476 3530 domini
1493 3456 1680 3530 millesimo

280 3577 360 3651 00⁰.
388 3577 639 3673 septuagesimo
675 3576 832 3669 secundo,
867 3576 985 3672 quinto
1011 3576 1096 3649 idus
1122 3575 1311 3669 Februarii,
1346 3575 1531 3648 indictione
1557 3574 1681 3670 quinta

279 3697 421 3789 damma,
445 3697 546 3793 mgni
572 3704 688 3769 autem
715 3698 825 3770 nostri
852 3720 945 3770 anno
972 3697 1128 3770 secundo.

436 3860 548 3914 Druck:
568 3859 659 3915 Codex
671 3861 786 3929 patrius
808 3860 841 3929 V,
859 3864 894 3916 4⁶
912 3860 983 3915 abab
999 3861 1059 3915 deta
1079 3859 1155 3930 Orio.
1171 3860 1274 3916 Arabio
1293 3861 1343 3914 der
1360 3859 1483 3915 Familia
1499 3858 1630 3929 Barotoy
1645 3876 1682 3913 ru

386 3945 503 4017 81111911
519 3947 621 4000 uorem
638 3945 780 4001 Kaecboa.

211 4068 246 4123 25
439 4067 552 4135 Repeat:
569 4066 754 4122 Deaauoicnu
771 4066 939 4122 Documenta
956 4070 1016 4121 363.

935 4395 1028 4479 146.

359 4580 468 4649 1272
498 4576 653 4650 Februado
677 4580 739 4648 16.
772 4576 891 4667 Ko‘aip
917 4574 1071 4667 Stephon
1105 4574 1144 4647 V.
1182 4574 1313 4647 belobat
1339 4572 1514 4663 Mopo'oter
1538 4570 1682 4643 Jotaao

282 4698 358 4769 aad
391 4696 553 4789 Stephon,
591 4697 703 4770 Sotae
734 4697 851 4770 Comes
882 4689 1007 4785 Gwd’o,
1040 4698 1113 4785 sair
1147 4695 1223 4767 ibre
1258 4700 1377 4765 trauca
1407 4692 1560 4779 Dienste,
1596 4712 1685 4786 quae

284 4816 384 4892 nobis
410 4817 450 4889 in
476 4816 625 4891 diversis
652 4815 924 4912 expeditionibus
951 4816 1051 4914 regni
1076 4814 1189 4888 nostri
1214 4812 1445 4887 exhibuerunt
1478 4811 1625 4884 fideliter
1651 4815 1685 4883 et

213 4957 249 5013 ao
284 4939 409 5011 devote.
433 4935 634 5034 Specialiter
651 4941 767 5009 tamen
781 4957 869 5031 quae
882 4937 981 5010 nobis
999 4935 1039 5009 in
1056 4942 1168 5010 castro
1176 4931 1439 5029 Ffekethehygh
1455 4929 1685 5004 existentibus

286 5057 517 5131 exhibuerunt
551 5057 602 5131 ita
636 5056 804 5150 videlicet,
839 5056 926 5151 quod
961 5080 1041 5130 oum
1066 5053 1282 5130 Laurencius
1314 5051 1413 5125 filius
1438 5050 1598 5145 Komeny
1624 5073 1685 5123 ex·

288 5184 460 5276 pugnaret
494 5184 614 5252 contra
647 5200 711 5251 nos
747 5176 876 5250 dictum
903 5184 1058 5251 castrum
1092 5176 1195 5250 iidem
1222 5175 1401 5249 lohannes
1427 5184 1461 5246 et
1486 5169 1684 5268 Stephanus

288 5298 452 5395 magistri
477 5321 538 5395 pro
563 5296 729 5371 fidelitate
754 5298 854 5371 nobis
873 5298 1067 5372 exhibenda
1083 5297 1233 5372 viriliter
1258 5294 1452 5371 dimicando
1478 5315 1581 5389 quam
1605 5290 1685 5388 plu-

445 5481 466 5548 Ι)
487 5478 621 5549 Vorlapc:
637 5477 778 5535 Kalendae.

395 5599 587 5647 munemne
1564 5574 1583 5633 8
