4084 6302
976 521 1129 615 Q

353 707 456 769 tribus
471 706 548 768 loris
562 708 891 789 comprovincialibus,
916 710 1061 773 videlicet
1076 712 1155 774 feria
1175 712 1287 791 quinta
1302 712 1449 793 proxima
1463 716 1535 795 post
1550 711 1631 776 diem
1648 718 1751 775 stran-

353 814 496 886 narum¹l
528 812 559 873 in
584 812 653 874 foro
676 812 715 875 (16
738 812 900 880 Clusrara.
928 816 1006 877 feria
1033 816 1125 878 tertia
1147 816 1220 877 huic
1250 815 1395 897 proxime
1418 814 1595 897 sequentia
1624 815 1657 877 in
1680 816 1750 878 loro

353 914 392 977 (16
418 915 594 996 Bonchyda
623 924 655 980 et
678 924 791 997 quarta
813 918 892 981 teria
914 928 986 1001 post
1008 919 1143 982 eamdem
1168 919 1339 982 terminum
1362 918 1536 1002 proximan
1564 919 1595 980 in
1619 918 1688 982 loro
1710 920 1751 983 de

353 1016 496 1082 Desvara
525 1040 611 1083 nune
646 1020 804 1101 affnturis,
843 1023 980 1085 eundem
1010 1023 1165 1087 Jacobum
1199 1024 1328 1086 fratrem
1359 1022 1504 1103 GyareW,
1531 1028 1575 1085 ut
1603 1022 1687 1086 idem
1715 1023 1750 1085 in

353 1123 473 1186 octavis
495 1123 567 1187 festi
597 1124 824 1206 purificationis
847 1128 979 1208 virginis
1009 1126 1164 1209 gloriosae
1190 1127 1335 1209 proxime
1357 1127 1537 1207 venturis⁴l
1574 1127 1607 1189 in
1639 1131 1749 1190 sancto
1787 1136 1806 1187 5

353 1225 498 1289 Emenso
521 1246 628 1290 coram
651 1228 743 1291 nobis
765 1236 946 1312 compareat
969 1237 1001 1293 et
1027 1231 1087 1293 iuri
1114 1236 1223 1313 pareat
1245 1231 1284 1294 de
1306 1232 1389 1294 iacto
1413 1230 1578 1314 principali
1600 1235 1750 1294 annotato

352 1336 463 1393 eontra
477 1331 674 1413 praedictum
690 1331 856 1396 Nicolaum
879 1334 998 1396 dictum
1014 1333 1094 1395 Wos
1108 1333 1319 1417 peremptorie
1335 1335 1578 1417 respons11r11s⁵)
1602 1340 1633 1398 et
1657 1334 1750 1398 nobis

353 1434 392 1496 de
416 1435 532 1497 nostris
555 1435 679 1499 iudiciis
694 1436 922 1517 satisfacturam,
946 1436 1084 1519 legitime
1106 1438 1200 1500 iaciat
1222 1437 1324 1521 palam
1341 1437 1536 1519 proclamari.
1559 1437 1676 1502 Datum
1700 1438 1751 1502 die

353 1544 385 1600 et
407 1538 476 1600 loco
500 1545 532 1601 61
554 1559 638 1602 anno
662 1540 915 1622 congregationis
939 1548 1065 1604 nostrae
1088 1549 1162 1604 ante
1184 1542 1284 1605 dictis.

508 1678 581 1758 Anf
605 1678 659 1741 der
681 1676 837 1741 Rilckscite
858 1677 1006 1742 Adresac:
1039 1677 1192 1744 Discretis
1223 1681 1299 1743 viris
1323 1687 1355 1744 et
1376 1681 1518 1744 honestis
1545 1681 1653 1745 amicis
1683 1682 1751 1745 suis
1790 1689 1826 1741 10

352 1781 536 1845 reverendis
569 1781 745 1846 honorabili
779 1782 917 1866 capitulo
951 1783 1102 1847 ecclesiae
1135 1783 1377 1849 Transsiluanae
1410 1805 1467 1870 pro
1502 1785 1633 1849 Nicolao
1666 1786 1751 1850 (11616

352 1884 433 1950 Wes
454 1885 581 1949 iuniori.

884 2208 887 2215 .
1005 2129 1102 2213 540.

431 2294 628 2385 Kokelbarp
645 2299 754 2366 1337
771 2294 958 2367 December
984 2298 1044 2366 18.
1080 2294 1251 2367 Woiwodc
1272 2295 1418 2367 Tlmmua
1444 2296 1586 2366 erkennt
1608 2296 1664 2367 aie
1681 2295 1751 2367 Be·

352 2416 487 2507 silaaap
521 2414 729 2488 Weisslrircb
755 2418 821 2488 den
847 2416 985 2488 Ealtcla
1019 2410 1174 2508 Wycbc's
1199 2440 1252 2488 aa.
1790 2438 1826 2489 15

510 2581 713 2650 Einqcecbaltet
739 2598 792 2635 con
818 2582 867 2635 der
895 2582 1146 2635 Hammaastddtcr
1172 2580 1536 2650 Provinaiulncraammluaq
1565 2584 1641 2647 1342,
1674 2579 1751 2650 0619.

462 2667 567 2738 Unqar.
587 2668 794 2723 Landcsarcbio
813 2669 964 2737 Budapcat.

508 2789 621 2843 Druck:
643 2790 852 2845 Vereiuaarcbin
870 2791 896 2857 1,
914 2794 956 2844 60.

508 2965 576 3028 Nos
596 2965 731 3028 Thomas
760 2965 896 3028 vaivoda
916 2965 1144 3028 Transiluanus
1174 2970 1206 3028 et
1234 2984 1340 3027 comes
1370 2965 1409 3029 de
1440 2965 1551 3029 Zonuk
1582 2968 1753 3030 memoriae

352 3068 611 3132 commendantes
640 3074 750 3132 tenere
780 3068 995 3151 praesentium
1025 3067 1239 3150 significamus
1275 3067 1392 3149 quibus
1423 3070 1554 3153 expedit
1584 3070 1750 3151 universis,
1787 3076 1826 3131 20

354 3170 439 3252 quod
470 3191 542 3234 cum
574 3171 731 3251 Salomon,
767 3174 883 3237 Petrus
914 3179 947 3237 61
975 3173 1148 3255 Nycolaus,
1177 3171 1234 3235 filii
1264 3172 1398 3254 Nycolai
1428 3173 1468 3236 de
1497 3173 1635 3257 Apoldia
1662 3174 1754 3237 iuxta

353 3275 580 3339 continentiam
604 3276 736 3341 aliarum
767 3278 931 3342 literarum
954 3282 1135 3341 nostrarum
1158 3278 1423 3360 protectoriarum
1453 3278 1754 3360 incongregatione

354 3384 463 3441 nostra
483 3380 632 3461 generali,
662 3382 741 3445 feria
764 3388 877 3463 quarta
899 3384 1046 3465 proxima
1068 3388 1140 3464 post
1162 3386 1290 3444 octavas
1313 3381 1397 3445 heah
1418 3382 1567 3446 Andreae
1589 3378 1752 3464 apostoli1)

354 3480 496 3546 Tbcrdac
512 3483 678 3565 celebrata,
702 3486 741 3549 dc
756 3487 839 3549 facto
863 3486 1072 3570 possessionis
1087 3485 1249 3568 Feirighaz
1273 3485 1376 3550 dictae
1398 3487 1432 3548 in
1455 3484 1606 3549 6611111616
1621 3484 1754 3549 Albensi

356 3587 523 3650 existentis
546 3595 657 3651 contra
678 3589 858 3653 «Iohannem
881 3595 913 3653 et
927 3589 1106 3671 Nycolaum
1127 3588 1210 3652 filios
1225 3588 1359 3669 Nycolai
1382 3610 1419 3652 ac
1434 3589 1630 3672 Stephanum
1652 3588 1753 3652 filium
1789 3597 1825 3651 25

355 3688 514 3772 Stephani,
537 3690 673 3755 filiorum
691 3692 815 3773 Wycbe
831 3694 870 3757 de
886 3693 1057 3775 Seguzwar
1071 3693 1195 3755 actione
1210 3693 1351 3775 ipsorum
1368 3711 1545 3776 proponere
1561 3691 1755 3775 debuissent,

354 3794 499 3857 volentes
523 3815 581 3858 nos
603 3796 746 3879 partibus
769 3798 890 3861 iustitia
904 3797 1068 3879 coaequali
1084 3798 1276 3880 respondere
1294 3803 1326 3859 et
1341 3817 1451 3860 corum
1475 3816 1587 3860 causas
1608 3797 1642 3858 in
1665 3794 1755 3859 brevi

355 3899 532 3963 discutione
555 3900 774 3982 determinare,
805 3902 844 3964 ad
871 3902 1108 3983 requisitionem
1141 3901 1173 3962 in
1196 3901 1279 3963 facto
1312 3900 1454 3963 eiusdem
1484 3898 1693 3984 possessionis
1715 3899 1754 3963 de

354 4003 562 4067 universitate
575 4005 739 4068 Saxonum
755 4012 1046 4069 commctaneorum
1058 4004 1158 4088 ipsius
1173 4004 1382 4087 possessionis
1394 4002 1557 4087 Feirighaa
1572 4009 1605 4067 et
1619 4002 1753 4065 ahomm

354 4107 386 4169 in
410 4106 567 4172 Kukulles
589 4110 763 4173 faciendam
795 4110 896 4192 ipsam
919 4128 1047 4172 causam
1073 4127 1342 4191 prorogassemus,
1373 4106 1566 4188 demumque
1593 4105 1753 4169 aJacobo
1790 4116 1827 4169 30

354 4211 458 4275 iudice
472 4211 677 4293 Cybyniensi,
701 4212 866 4295 Mychaele
882 4213 921 4276 de
936 4212 1106 4294 EnyetinO,
1129 4211 1272 4293 Nycolao
1288 4210 1353 4274 filio
1366 4211 1541 4277 Bolobuch.
1565 4209 1700 4292 Georgia
1716 4209 1755 4272 de

354 4312 588 4397 Weryzmorth,
610 4317 776 4398 Reynaldo
793 4318 832 4380 (16
848 4316 990 4397 Medyes,
1013 4315 1108 4379 Petro
1125 4315 1164 4378 de
1179 4314 1327 4396 Kewruz,
1351 4304 1510 4398 Stephano
1529 4314 1594 4377 filio
1611 4313 1755 4395 Arnoldi,

353 4417 448 4482 Petro
482 4420 522 4483 de
544 4420 652 4503 Sarna,
682 4420 835 4502 Danyele,
866 4419 1039 4502 Mychaele,
1070 4419 1099 4482 N
1101 4420 1213 4500 yeolao
1246 4426 1278 4483 et
1300 4419 1395 4483 Petro
1427 4418 1501 4482 filiis
1523 4417 1693 4482 Wernheri
1715 4416 1755 4480 (16

353 4520 455 4605 Kyzd,
477 4524 498 4588 J
500 4525 624 4588 channe
640 4513 782 4589 et'Petro
797 4526 871 4589 filiis
886 4524 1037 4608 Stephani
1053 4525 1091 4587 de
1107 4524 1197 4586 Beda
1220 4530 1252 4587 et
1267 4523 1362 4588 Petro
1380 4523 1419 4586 de
1434 4522 1559 4587 Karuth
1575 4521 1755 4586 senioribus

354 4626 476 4690 sedium
507 4628 547 4692 de
569 4629 714 4711 (lybiuio,
744 4631 783 4693 de
806 4629 935 4709 Medias,
966 4629 1005 4692 de
1028 4628 1198 4710 Seguzwar
1231 4634 1263 4691 et
1285 4627 1362 4709 Koz,
1385 4647 1511 4691 necnon
1532 4627 1693 4707 Hennyns
1716 4626 1755 4687 de
1790 4633 1826 4687 35

354 4730 511 4795 Healolua
526 4734 703 4815 ceterisque
719 4732 901 4797 Senonibus
917 4752 1011 4814 quam
1027 4731 1174 4815 pluribus
1191 4731 1381 4813 requisitum
1396 4731 1474 4793 inibi
1490 4731 1529 4793 de
1545 4729 1656 4793 eodem
1672 4729 1754 4791 facto

355 4836 583 4900 habuissemus
614 4837 757 4900 Saxones
779 4839 842 4899 iam
865 4836 1041 4900 enumerati
1064 4841 1097 4898 et
1119 4841 1185 4898 tota
1206 4836 1417 4899 communitas
1440 4854 1551 4898 corum
1574 4838 1691 4896 statum
1713 4852 1754 4898 ex

357 4942 552 4949 ——ou
563 4944 613 4950 ——-

513 4976 532 5040 ¹)
551 4977 621 5027 1338
637 4974 752 5028 Januur
769 4978 795 5027 8.

509 5062 530 5123 ¹)
549 5064 619 5114 1338
636 5061 751 5115 Jonaar
771 5064 811 5113 13.

509 5148 531 5214 ⁸)
550 5150 619 5201 1338
636 5146 751 5202 Januor
770 5150 811 5199 14.

510 5235 532 5302 ⁶)
552 5237 620 5288 1338
638 5234 769 5288 Febraar
786 5237 811 5288 9.

510 5320 530 5385 ὃ1
553 5319 686 5389 Varlapc:
704 5334 889 5389 respunsurus.

509 5408 531 5474 ⁴)
549 5405 698 5461 December
717 5410 759 5461 10.
