<?xml version="1.0" encoding="UTF-8"?>
<!DOCTYPE html PUBLIC "-//W3C//DTD XHTML 1.0 Transitional//EN"
    "http://www.w3.org/TR/xhtml1/DTD/xhtml1-transitional.dtd">
<html xmlns="http://www.w3.org/1999/xhtml" xml:lang="en" lang="en">
 <head>
  <title>
</title>
<meta http-equiv="Content-Type" content="text/html;charset=utf-8" />
  <meta name='ocr-system' content='tesseract 3.04.00' />
  <meta name='ocr-capabilities' content='ocr_page ocr_carea ocr_par ocr_line ocrx_word'/>
</head>
<body>
  <div class='ocr_page' id='page_1' title='image "./urkundenbuchzur00mlgoog_0498.png"; bbox 0 0 4084 6302; ppageno 0'>
   <div class='ocr_carea' id='block_1_1' title="bbox 970 620 1035 684">
    <p class='ocr_par' dir='ltr' id='par_1_1' title="bbox 970 620 1035 684">
     <span class='ocr_line' id='line_1_1' title="bbox 970 620 1035 684; baseline -0.015 0"><span class='ocrx_word' id='word_1_1' title='bbox 970 620 1035 684; x_wconf 81' lang='lat'>443</span> 
     </span>
    </p>
   </div>
   <div class='ocr_carea' id='block_1_2' title="bbox 956 826 1052 908">
    <p class='ocr_par' dir='ltr' id='par_1_2' title="bbox 956 826 1052 908">
     <span class='ocr_line' id='line_1_2' title="bbox 956 826 1052 908; baseline 0 0"><span class='ocrx_word' id='word_1_2' title='bbox 956 826 1052 908; x_wconf 81' lang='grc'><em>486.</em></span> 
     </span>
    </p>
   </div>
   <div class='ocr_carea' id='block_1_3' title="bbox 292 1006 1703 1220">
    <p class='ocr_par' dir='ltr' id='par_1_3' title="bbox 292 1006 1703 1220">
     <span class='ocr_line' id='line_1_3' title="bbox 389 1006 1703 1099; baseline 0 -21"><span class='ocrx_word' id='word_1_3' title='bbox 389 1006 593 1099; x_wconf 70' lang='lat' dir='ltr'>Wissapraa</span> <span class='ocrx_word' id='word_1_4' title='bbox 616 1010 716 1078; x_wconf 82' lang='lat'><strong><em>1331</em></strong></span> <span class='ocrx_word' id='word_1_5' title='bbox 740 1007 821 1079; x_wconf 76' lang='lat' dir='ltr'>Jali</span> <span class='ocrx_word' id='word_1_6' title='bbox 846 1010 907 1079; x_wconf 87' lang='grc'>10.</span> <span class='ocrx_word' id='word_1_7' title='bbox 949 1008 1065 1099; x_wconf 77' lang='lat' dir='ltr'>Ktaip</span> <span class='ocrx_word' id='word_1_8' title='bbox 1092 1007 1187 1078; x_wconf 85' lang='lat' dir='ltr'>Korl</span> <span class='ocrx_word' id='word_1_9' title='bbox 1221 1006 1379 1097; x_wconf 62' lang='lat' dir='ltr'>tautae</span> <span class='ocrx_word' id='word_1_10' title='bbox 1411 1007 1504 1079; x_wconf 80' lang='lat' dir='ltr'>seiae</span> <span class='ocrx_word' id='word_1_11' title='bbox 1538 1006 1703 1079; x_wconf 77' lang='lat' dir='ltr'>Urttmde</span> 
     </span>
     <span class='ocr_line' id='line_1_4' title="bbox 292 1126 1701 1220; baseline 0 -21"><span class='ocrx_word' id='word_1_12' title='bbox 292 1128 363 1216; x_wconf 75' lang='lat' dir='ltr'>fltr</span> <span class='ocrx_word' id='word_1_13' title='bbox 380 1129 626 1220; x_wconf 72' lang='lat' dir='ltr'>chueeabtcrp</span> <span class='ocrx_word' id='word_1_14' title='bbox 652 1128 924 1201; x_wconf 75' lang='lat' dir='ltr'>ooa1322Nr.</span> <span class='ocrx_word' id='word_1_15' title='bbox 943 1130 1017 1200; x_wconf 86' lang='grc'>391</span> <span class='ocrx_word' id='word_1_16' title='bbox 1043 1128 1227 1218; x_wconf 78' lang='lat' dir='ltr'>betreffend</span> <span class='ocrx_word' id='word_1_17' title='bbox 1253 1126 1390 1199; x_wconf 77' lang='lat' dir='ltr'>Steter-</span> <span class='ocrx_word' id='word_1_18' title='bbox 1417 1128 1492 1199; x_wconf 81' lang='lat' dir='ltr'>aad</span> <span class='ocrx_word' id='word_1_19' title='bbox 1507 1126 1701 1199; x_wconf 79' lang='lat' dir='ltr'>Zollweaeu.</span> 
     </span>
    </p>
   </div>
   <div class='ocr_carea' id='block_1_4' title="bbox 249 1289 1704 1450">
    <p class='ocr_par' dir='ltr' id='par_1_4' title="bbox 249 1289 1704 1450">
     <span class='ocr_line' id='line_1_5' title="bbox 459 1289 1704 1364; baseline -0.002 -17"><span class='ocrx_word' id='word_1_20' title='bbox 459 1291 535 1364; x_wconf 64' lang='grc' dir='ltr'>θήρ.</span> <span class='ocrx_word' id='word_1_21' title='bbox 548 1293 629 1363; x_wconf 79' lang='lat' dir='ltr'>Perp.</span> <span class='ocrx_word' id='word_1_22' title='bbox 647 1291 824 1347; x_wconf 72' lang='lat' dir='ltr'>Stadtardtia</span> <span class='ocrx_word' id='word_1_23' title='bbox 842 1291 1049 1361; x_wconf 71' lang='lat' dir='ltr'>Klaaseubmp.</span> <span class='ocrx_word' id='word_1_24' title='bbox 1067 1290 1164 1362; x_wconf 76' lang='lat' dir='ltr'>Siepel,</span> <span class='ocrx_word' id='word_1_25' title='bbox 1182 1291 1265 1354; x_wconf 78' lang='lat' dir='ltr'>raud,</span> <span class='ocrx_word' id='word_1_26' title='bbox 1288 1306 1348 1344; x_wconf 80' lang='lat' dir='ltr'>war</span> <span class='ocrx_word' id='word_1_27' title='bbox 1365 1290 1397 1345; x_wconf 80' lang='lat' dir='ltr'>in</span> <span class='ocrx_word' id='word_1_28' title='bbox 1408 1291 1516 1345; x_wconf 73' lang='lat' dir='ltr'>waiam</span> <span class='ocrx_word' id='word_1_29' title='bbox 1533 1289 1635 1346; x_wconf 83' lang='lat' dir='ltr'>Wacba</span> <span class='ocrx_word' id='word_1_30' title='bbox 1647 1292 1704 1359; x_wconf 79' lang='lat' dir='ltr'>aas</span> 
     </span>
     <span class='ocr_line' id='line_1_6' title="bbox 249 1378 824 1450; baseline -0.003 -16"><span class='ocrx_word' id='word_1_31' title='bbox 249 1382 266 1434; x_wconf 81' lang='lat' dir='ltr'>b</span> <span class='ocrx_word' id='word_1_32' title='bbox 406 1379 455 1433; x_wconf 78' lang='lat' dir='ltr'>dar</span> <span class='ocrx_word' id='word_1_33' title='bbox 473 1378 617 1434; x_wconf 62' lang='lat' dir='ltr'>Bactaeila</span> <span class='ocrx_word' id='word_1_34' title='bbox 635 1379 824 1450; x_wconf 76' lang='lat' dir='ltr'>auspedritclct.</span> 
     </span>
    </p>
   </div>
   <div class='ocr_carea' id='block_1_5' title="bbox 458 1499 959 1568">
    <p class='ocr_par' dir='ltr' id='par_1_5' title="bbox 458 1499 959 1568">
     <span class='ocr_line' id='line_1_7' title="bbox 458 1499 959 1568; baseline 0 -14"><span class='ocrx_word' id='word_1_35' title='bbox 458 1499 571 1554; x_wconf 69' lang='lat' dir='ltr'>naa.-</span> <span class='ocrx_word' id='word_1_36' title='bbox 588 1499 682 1555; x_wconf 67' lang='lat' dir='ltr'>raas</span> <span class='ocrx_word' id='word_1_37' title='bbox 702 1500 854 1556; x_wconf 76' lang='lat' dir='ltr'>ouaaar</span> <span class='ocrx_word' id='word_1_38' title='bbox 871 1500 897 1568; x_wconf 89' lang='lat'>1,</span> <span class='ocrx_word' id='word_1_39' title='bbox 915 1504 959 1557; x_wconf 82' lang='lat' dir='ltr'>eo.</span> 
     </span>
    </p>
   </div>
   <div class='ocr_carea' id='block_1_6' title="bbox 230 1674 1701 3525">
    <p class='ocr_par' dir='ltr' id='par_1_6' title="bbox 300 1674 1701 1967">
     <span class='ocr_line' id='line_1_8' title="bbox 456 1674 1700 1761; baseline 0.001 -22"><span class='ocrx_word' id='word_1_40' title='bbox 456 1674 524 1740; x_wconf 89' lang='lat' dir='ltr'>Nos</span> <span class='ocrx_word' id='word_1_41' title='bbox 545 1674 683 1740; x_wconf 86' lang='lat' dir='ltr'>Karolns</span> <span class='ocrx_word' id='word_1_42' title='bbox 714 1676 765 1740; x_wconf 89' lang='lat' dir='ltr'>dei</span> <span class='ocrx_word' id='word_1_43' title='bbox 795 1676 897 1759; x_wconf 91' lang='lat' dir='ltr'>gratia</span> <span class='ocrx_word' id='word_1_44' title='bbox 925 1695 986 1740; x_wconf 85' lang='grc'>161</span> <span class='ocrx_word' id='word_1_45' title='bbox 1010 1674 1195 1759; x_wconf 87' lang='lat' dir='ltr'>Hungariae</span> <span class='ocrx_word' id='word_1_46' title='bbox 1225 1675 1441 1759; x_wconf 85' lang='lat' dir='ltr'>significamus</span> <span class='ocrx_word' id='word_1_47' title='bbox 1470 1682 1580 1740; x_wconf 90' lang='lat' dir='ltr'>tenore</span> <span class='ocrx_word' id='word_1_48' title='bbox 1610 1696 1700 1761; x_wconf 87' lang='lat' dir='ltr'>pree-</span> 
     </span>
     <span class='ocr_line' id='line_1_9' title="bbox 300 1778 1701 1864; baseline 0.001 -21"><span class='ocrx_word' id='word_1_49' title='bbox 300 1779 440 1844; x_wconf 90' lang='lat' dir='ltr'>sentium</span> <span class='ocrx_word' id='word_1_50' title='bbox 472 1780 590 1862; x_wconf 90' lang='lat' dir='ltr'>quibus</span> <span class='ocrx_word' id='word_1_51' title='bbox 619 1781 750 1864; x_wconf 84' lang='lat' dir='ltr'>expedit</span> <span class='ocrx_word' id='word_1_52' title='bbox 779 1780 939 1844; x_wconf 87' lang='lat' dir='ltr'>universis</span> <span class='ocrx_word' id='word_1_53' title='bbox 969 1780 1139 1844; x_wconf 89' lang='lat' dir='ltr'>memoriae</span> <span class='ocrx_word' id='word_1_54' title='bbox 1169 1780 1436 1862; x_wconf 65' lang='lat' dir='ltr'>commendantes</span> <span class='ocrx_word' id='word_1_55' title='bbox 1471 1781 1557 1863; x_wconf 92' lang='lat' dir='ltr'>quod</span> <span class='ocrx_word' id='word_1_56' title='bbox 1591 1778 1701 1845; x_wconf 89' lang='lat' dir='ltr'>fideles</span> 
     </span>
     <span class='ocr_line' id='line_1_10' title="bbox 301 1883 1699 1967; baseline 0.001 -21"><span class='ocrx_word' id='word_1_57' title='bbox 301 1883 441 1967; x_wconf 78' lang='lat' dir='ltr'>hospites</span> <span class='ocrx_word' id='word_1_58' title='bbox 471 1884 574 1948; x_wconf 89' lang='lat' dir='ltr'>nostri</span> <span class='ocrx_word' id='word_1_59' title='bbox 597 1884 636 1948; x_wconf 91' lang='lat' dir='ltr'>de</span> <span class='ocrx_word' id='word_1_60' title='bbox 658 1883 829 1948; x_wconf 84' lang='lat' dir='ltr'>Koluswar</span> <span class='ocrx_word' id='word_1_61' title='bbox 858 1883 898 1947; x_wconf 86' lang='lat' dir='ltr'>ad</span> <span class='ocrx_word' id='word_1_62' title='bbox 928 1889 1056 1947; x_wconf 88' lang='lat' dir='ltr'>nostrae</span> <span class='ocrx_word' id='word_1_63' title='bbox 1078 1883 1258 1948; x_wconf 81' lang='lat' dir='ltr'>serenitatis</span> <span class='ocrx_word' id='word_1_64' title='bbox 1280 1884 1466 1948; x_wconf 87' lang='lat' dir='ltr'>accedentes</span> <span class='ocrx_word' id='word_1_65' title='bbox 1488 1885 1699 1967; x_wconf 80' lang='lat' dir='ltr'>praesentiam</span> 
     </span>
    </p>

    <p class='ocr_par' dir='ltr' id='par_1_7' title="bbox 232 1985 1700 2487">
     <span class='ocr_line' id='line_1_11' title="bbox 232 1985 1700 2071; baseline 0.003 -25"><span class='ocrx_word' id='word_1_66' title='bbox 232 1992 266 2047; x_wconf 91' lang='lat'>10</span> <span class='ocrx_word' id='word_1_67' title='bbox 300 1986 517 2051; x_wconf 84' lang='lat' dir='ltr'>exhibuerunt</span> <span class='ocrx_word' id='word_1_68' title='bbox 538 1987 631 2051; x_wconf 91' lang='lat' dir='ltr'>nobis</span> <span class='ocrx_word' id='word_1_69' title='bbox 654 1989 807 2071; x_wconf 86' lang='lat' dir='ltr'>quasdam</span> <span class='ocrx_word' id='word_1_70' title='bbox 829 1988 938 2051; x_wconf 79' lang='lat' dir='ltr'>literas</span> <span class='ocrx_word' id='word_1_71' title='bbox 960 1992 1086 2051; x_wconf 87' lang='lat' dir='ltr'>nostras</span> <span class='ocrx_word' id='word_1_72' title='bbox 1107 1991 1253 2071; x_wconf 87' lang='lat' dir='ltr'>patentes</span> <span class='ocrx_word' id='word_1_73' title='bbox 1276 1985 1379 2069; x_wconf 88' lang='lat' dir='ltr'>sigillo</span> <span class='ocrx_word' id='word_1_74' title='bbox 1401 1993 1511 2050; x_wconf 90' lang='lat' dir='ltr'>nostro</span> <span class='ocrx_word' id='word_1_75' title='bbox 1534 1986 1700 2071; x_wconf 86' lang='lat' dir='ltr'>principali</span> 
     </span>
     <span class='ocr_line' id='line_1_12' title="bbox 300 2090 1700 2176; baseline 0.001 -23"><span class='ocrx_word' id='word_1_76' title='bbox 300 2090 482 2155; x_wconf 89' lang='lat' dir='ltr'>authentico</span> <span class='ocrx_word' id='word_1_77' title='bbox 512 2091 580 2156; x_wconf 83' lang='lat' dir='ltr'>sive</span> <span class='ocrx_word' id='word_1_78' title='bbox 602 2092 714 2155; x_wconf 89' lang='lat' dir='ltr'>maiori</span> <span class='ocrx_word' id='word_1_79' title='bbox 738 2098 771 2157; x_wconf 92' lang='lat' dir='ltr'>et</span> <span class='ocrx_word' id='word_1_80' title='bbox 792 2092 925 2176; x_wconf 81' lang='lat' dir='ltr'>insuper</span> <span class='ocrx_word' id='word_1_81' title='bbox 954 2091 1057 2175; x_wconf 91' lang='lat' dir='ltr'>sigillo</span> <span class='ocrx_word' id='word_1_82' title='bbox 1085 2096 1194 2155; x_wconf 88' lang='lat' dir='ltr'>nostro</span> <span class='ocrx_word' id='word_1_83' title='bbox 1218 2090 1356 2153; x_wconf 84' lang='lat' dir='ltr'>annuleo</span> <span class='ocrx_word' id='word_1_84' title='bbox 1379 2090 1477 2173; x_wconf 88' lang='lat' dir='ltr'>priori</span> <span class='ocrx_word' id='word_1_85' title='bbox 1499 2092 1700 2175; x_wconf 87' lang='lat' dir='ltr'>consignatas</span> 
     </span>
     <span class='ocr_line' id='line_1_13' title="bbox 300 2194 1700 2278; baseline 0.001 -20"><span class='ocrx_word' id='word_1_86' title='bbox 300 2213 397 2278; x_wconf 91' lang='lat' dir='ltr'>snper</span> <span class='ocrx_word' id='word_1_87' title='bbox 428 2195 619 2276; x_wconf 84' lang='lat' dir='ltr'>quibusdam</span> <span class='ocrx_word' id='word_1_88' title='bbox 648 2194 849 2259; x_wconf 83' lang='lat' dir='ltr'>libertatibus</span> <span class='ocrx_word' id='word_1_89' title='bbox 879 2194 1021 2277; x_wconf 91' lang='lat' dir='ltr'>ipsorum</span> <span class='ocrx_word' id='word_1_90' title='bbox 1050 2214 1108 2278; x_wconf 88' lang='lat' dir='ltr'>per</span> <span class='ocrx_word' id='word_1_91' title='bbox 1130 2214 1190 2258; x_wconf 91' lang='lat' dir='ltr'>nos</span> <span class='ocrx_word' id='word_1_92' title='bbox 1213 2194 1259 2258; x_wconf 93' lang='lat' dir='ltr'>eis</span> <span class='ocrx_word' id='word_1_93' title='bbox 1281 2194 1417 2276; x_wconf 78' lang='lat' dir='ltr'>gratiose</span> <span class='ocrx_word' id='word_1_94' title='bbox 1443 2196 1602 2259; x_wconf 78' lang='lat' dir='ltr'>concessis</span> <span class='ocrx_word' id='word_1_95' title='bbox 1625 2215 1700 2259; x_wconf 90' lang='lat' dir='ltr'>con-</span> 
     </span>
     <span class='ocr_line' id='line_1_14' title="bbox 299 2296 1699 2383; baseline 0 -22"><span class='ocrx_word' id='word_1_96' title='bbox 299 2298 397 2362; x_wconf 81' lang='lat' dir='ltr'>fectas</span> <span class='ocrx_word' id='word_1_97' title='bbox 427 2304 573 2383; x_wconf 90' lang='lat' dir='ltr'>petentes</span> <span class='ocrx_word' id='word_1_98' title='bbox 603 2319 662 2363; x_wconf 88' lang='lat' dir='ltr'>nos</span> <span class='ocrx_word' id='word_1_99' title='bbox 691 2298 854 2362; x_wconf 88' lang='lat' dir='ltr'>humiliter</span> <span class='ocrx_word' id='word_1_100' title='bbox 883 2298 1100 2383; x_wconf 77' lang='lat' dir='ltr'>supplicando,</span> <span class='ocrx_word' id='word_1_101' title='bbox 1129 2303 1167 2361; x_wconf 93' lang='lat' dir='ltr'>ut</span> <span class='ocrx_word' id='word_1_102' title='bbox 1196 2297 1323 2361; x_wconf 89' lang='lat' dir='ltr'>easdem</span> <span class='ocrx_word' id='word_1_103' title='bbox 1354 2296 1461 2361; x_wconf 87' lang='lat' dir='ltr'>literas</span> <span class='ocrx_word' id='word_1_104' title='bbox 1492 2302 1616 2361; x_wconf 87' lang='lat' dir='ltr'>nostras</span> <span class='ocrx_word' id='word_1_105' title='bbox 1642 2316 1699 2361; x_wconf 87' lang='lat' dir='ltr'>eeu</span> 
     </span>
     <span class='ocr_line' id='line_1_15' title="bbox 299 2398 1700 2487; baseline 0 -23"><span class='ocrx_word' id='word_1_106' title='bbox 299 2402 384 2484; x_wconf 87' lang='lat' dir='ltr'>ipsas</span> <span class='ocrx_word' id='word_1_107' title='bbox 405 2400 568 2466; x_wconf 82' lang='lat' dir='ltr'>libertates</span> <span class='ocrx_word' id='word_1_108' title='bbox 590 2403 667 2486; x_wconf 91' lang='lat' dir='ltr'>ipsis</span> <span class='ocrx_word' id='word_1_109' title='bbox 695 2422 754 2487; x_wconf 89' lang='lat' dir='ltr'>per</span> <span class='ocrx_word' id='word_1_110' title='bbox 776 2423 835 2467; x_wconf 88' lang='lat' dir='ltr'>nos</span> <span class='ocrx_word' id='word_1_111' title='bbox 857 2421 1024 2467; x_wconf 87' lang='lat' dir='ltr'>concessas</span> <span class='ocrx_word' id='word_1_112' title='bbox 1046 2398 1211 2482; x_wconf 86' lang='lat' dir='ltr'>ratificare,</span> <span class='ocrx_word' id='word_1_113' title='bbox 1241 2399 1417 2484; x_wconf 85' lang='lat' dir='ltr'>approbare</span> <span class='ocrx_word' id='word_1_114' title='bbox 1438 2400 1700 2484; x_wconf 87' lang='lat' dir='ltr'>appositioneque</span> 
     </span>
    </p>

    <p class='ocr_par' dir='ltr' id='par_1_8' title="bbox 231 2503 1701 3005">
     <span class='ocr_line' id='line_1_16' title="bbox 231 2503 1701 2590; baseline 0.001 -26"><span class='ocrx_word' id='word_1_115' title='bbox 231 2513 264 2565; x_wconf 81' lang='lat'>15</span> <span class='ocrx_word' id='word_1_116' title='bbox 298 2504 474 2589; x_wconf 89' lang='lat' dir='ltr'>praesentis</span> <span class='ocrx_word' id='word_1_117' title='bbox 503 2505 581 2568; x_wconf 82' lang='lat' dir='ltr'>nori</span> <span class='ocrx_word' id='word_1_118' title='bbox 609 2505 703 2590; x_wconf 81' lang='lat' dir='ltr'>sigilli</span> <span class='ocrx_word' id='word_1_119' title='bbox 733 2506 834 2570; x_wconf 86' lang='lat' dir='ltr'>nestri</span> <span class='ocrx_word' id='word_1_120' title='bbox 863 2505 1042 2569; x_wconf 83' lang='lat' dir='ltr'>uberiorem</span> <span class='ocrx_word' id='word_1_121' title='bbox 1073 2504 1114 2568; x_wconf 89' lang='lat' dir='ltr'>ad</span> <span class='ocrx_word' id='word_1_122' title='bbox 1142 2504 1299 2569; x_wconf 85' lang='lat' dir='ltr'>cantelam</span> <span class='ocrx_word' id='word_1_123' title='bbox 1322 2523 1364 2568; x_wconf 84' lang='lat' dir='ltr'>err</span> <span class='ocrx_word' id='word_1_124' title='bbox 1396 2503 1592 2588; x_wconf 75' lang='lat' dir='ltr'>benignitate</span> <span class='ocrx_word' id='word_1_125' title='bbox 1614 2504 1701 2587; x_wconf 88' lang='lat' dir='ltr'>regia</span> 
     </span>
     <span class='ocr_line' id='line_1_17' title="bbox 300 2604 1700 2692; baseline -0.001 -21"><span class='ocrx_word' id='word_1_126' title='bbox 300 2609 505 2692; x_wconf 89' lang='lat' dir='ltr'>dignaremur</span> <span class='ocrx_word' id='word_1_127' title='bbox 535 2608 731 2674; x_wconf 88' lang='lat' dir='ltr'>confirmare.</span> <span class='ocrx_word' id='word_1_128' title='bbox 768 2608 910 2686; x_wconf 75' lang='lat' dir='ltr'>Quarum</span> <span class='ocrx_word' id='word_1_129' title='bbox 935 2614 1028 2673; x_wconf 89' lang='lat' dir='ltr'>tenor</span> <span class='ocrx_word' id='word_1_130' title='bbox 1057 2608 1128 2673; x_wconf 83' lang='lat' dir='ltr'>talis</span> <span class='ocrx_word' id='word_1_131' title='bbox 1157 2615 1214 2672; x_wconf 88' lang='lat' dir='ltr'>cst.</span> <span class='ocrx_word' id='word_1_132' title='bbox 1250 2606 1356 2692; x_wconf 64' lang='lat' dir='ltr'>(aaut</span> <span class='ocrx_word' id='word_1_133' title='bbox 1385 2608 1434 2672; x_wconf 83' lang='lat' dir='ltr'>die</span> <span class='ocrx_word' id='word_1_134' title='bbox 1471 2604 1617 2672; x_wconf 77' lang='lat' dir='ltr'>Urtanda</span> <span class='ocrx_word' id='word_1_135' title='bbox 1649 2606 1700 2670; x_wconf 78' lang='lat' dir='ltr'>dea</span> 
     </span>
     <span class='ocr_line' id='line_1_18' title="bbox 299 2709 1699 2796; baseline -0.002 -21"><span class='ocrx_word' id='word_1_136' title='bbox 299 2709 418 2796; x_wconf 71' lang='lat' dir='ltr'>Kbaips</span> <span class='ocrx_word' id='word_1_137' title='bbox 439 2709 525 2777; x_wconf 86' lang='lat' dir='ltr'>Kcrl</span> <span class='ocrx_word' id='word_1_138' title='bbox 545 2733 603 2776; x_wconf 84' lang='lat' dir='ltr'>oon</span> <span class='ocrx_word' id='word_1_139' title='bbox 624 2712 714 2775; x_wconf 79' lang='lat'><strong><em>1322</em></strong></span> <span class='ocrx_word' id='word_1_140' title='bbox 726 2710 785 2776; x_wconf 90' lang='lat' dir='ltr'>Nr.</span> <span class='ocrx_word' id='word_1_141' title='bbox 810 2712 899 2794; x_wconf 84' lang='lat'><strong><em>391.)</em></strong></span> <span class='ocrx_word' id='word_1_142' title='bbox 919 2712 987 2777; x_wconf 89' lang='lat' dir='ltr'>Nos</span> <span class='ocrx_word' id='word_1_143' title='bbox 1003 2712 1161 2795; x_wconf 87' lang='lat' dir='ltr'>siquidem</span> <span class='ocrx_word' id='word_1_144' title='bbox 1177 2712 1384 2796; x_wconf 90' lang='lat' dir='ltr'>petitionibus</span> <span class='ocrx_word' id='word_1_145' title='bbox 1399 2711 1541 2796; x_wconf 89' lang='lat' dir='ltr'>ipsorum</span> <span class='ocrx_word' id='word_1_146' title='bbox 1555 2710 1699 2774; x_wconf 90' lang='lat' dir='ltr'>fidelium</span> 
     </span>
     <span class='ocr_line' id='line_1_19' title="bbox 299 2814 1699 2900; baseline -0.001 -20"><span class='ocrx_word' id='word_1_147' title='bbox 299 2816 460 2900; x_wconf 86' lang='lat' dir='ltr'>hospitum</span> <span class='ocrx_word' id='word_1_148' title='bbox 489 2822 673 2881; x_wconf 88' lang='lat' dir='ltr'>nostrorum</span> <span class='ocrx_word' id='word_1_149' title='bbox 703 2817 742 2881; x_wconf 90' lang='lat' dir='ltr'>de</span> <span class='ocrx_word' id='word_1_150' title='bbox 764 2816 935 2881; x_wconf 85' lang='lat' dir='ltr'>Koluswar</span> <span class='ocrx_word' id='word_1_151' title='bbox 963 2815 1147 2880; x_wconf 88' lang='lat' dir='ltr'>huiusmodi</span> <span class='ocrx_word' id='word_1_152' title='bbox 1176 2816 1269 2880; x_wconf 88' lang='lat' dir='ltr'>iustis</span> <span class='ocrx_word' id='word_1_153' title='bbox 1291 2815 1402 2880; x_wconf 82' lang='lat' dir='ltr'>farore</span> <span class='ocrx_word' id='word_1_154' title='bbox 1428 2815 1533 2879; x_wconf 91' lang='lat' dir='ltr'>debito</span> <span class='ocrx_word' id='word_1_155' title='bbox 1556 2814 1699 2878; x_wconf 89' lang='lat' dir='ltr'>inclinati</span> 
     </span>
     <span class='ocr_line' id='line_1_20' title="bbox 296 2918 1699 3005; baseline -0.003 -20"><span class='ocrx_word' id='word_1_156' title='bbox 296 2921 507 3005; x_wconf 86' lang='lat' dir='ltr'>praescriptus</span> <span class='ocrx_word' id='word_1_157' title='bbox 536 2920 645 2985; x_wconf 86' lang='lat' dir='ltr'>literas</span> <span class='ocrx_word' id='word_1_158' title='bbox 674 2927 800 2985; x_wconf 88' lang='lat' dir='ltr'>nostras</span> <span class='ocrx_word' id='word_1_159' title='bbox 828 2925 975 3005; x_wconf 85' lang='lat' dir='ltr'>petentes</span> <span class='ocrx_word' id='word_1_160' title='bbox 1004 2919 1097 2984; x_wconf 91' lang='lat' dir='ltr'>nobis</span> <span class='ocrx_word' id='word_1_161' title='bbox 1126 2939 1184 3004; x_wconf 93' lang='lat' dir='ltr'>per</span> <span class='ocrx_word' id='word_1_162' title='bbox 1205 2919 1334 2984; x_wconf 90' lang='lat' dir='ltr'>eosdem</span> <span class='ocrx_word' id='word_1_163' title='bbox 1356 2923 1532 3004; x_wconf 87' lang='lat' dir='ltr'>reportatas</span> <span class='ocrx_word' id='word_1_164' title='bbox 1553 2920 1588 2982; x_wconf 93' lang='lat' dir='ltr'>in</span> <span class='ocrx_word' id='word_1_165' title='bbox 1610 2918 1699 2982; x_wconf 88' lang='lat' dir='ltr'>nulle</span> 
     </span>
    </p>

    <p class='ocr_par' dir='ltr' id='par_1_9' title="bbox 230 3021 1699 3525">
     <span class='ocr_line' id='line_1_21' title="bbox 230 3021 1699 3108; baseline 0 -23"><span class='ocrx_word' id='word_1_166' title='bbox 230 3030 265 3085; x_wconf 82' lang='lat'>20</span> <span class='ocrx_word' id='word_1_167' title='bbox 299 3025 351 3088; x_wconf 86' lang='lat' dir='ltr'>sui</span> <span class='ocrx_word' id='word_1_168' title='bbox 375 3031 466 3108; x_wconf 86' lang='lat' dir='ltr'>parte</span> <span class='ocrx_word' id='word_1_169' title='bbox 496 3024 623 3089; x_wconf 86' lang='lat' dir='ltr'>vitiatus</span> <span class='ocrx_word' id='word_1_170' title='bbox 653 3024 693 3089; x_wconf 91' lang='lat' dir='ltr'>de</span> <span class='ocrx_word' id='word_1_171' title='bbox 723 3024 822 3089; x_wconf 79' lang='lat' dir='ltr'>verbo</span> <span class='ocrx_word' id='word_1_172' title='bbox 852 3024 892 3087; x_wconf 90' lang='lat' dir='ltr'>ad</span> <span class='ocrx_word' id='word_1_173' title='bbox 921 3023 1057 3088; x_wconf 77' lang='lat' dir='ltr'>verbum</span> <span class='ocrx_word' id='word_1_174' title='bbox 1086 3023 1307 3108; x_wconf 88' lang='lat' dir='ltr'>praesentibus</span> <span class='ocrx_word' id='word_1_175' title='bbox 1336 3024 1471 3087; x_wconf 82' lang='lat' dir='ltr'>insertas</span> <span class='ocrx_word' id='word_1_176' title='bbox 1501 3021 1596 3087; x_wconf 91' lang='lat' dir='ltr'>simul</span> <span class='ocrx_word' id='word_1_177' title='bbox 1625 3041 1699 3085; x_wconf 91' lang='lat' dir='ltr'>cum</span> 
     </span>
     <span class='ocr_line' id='line_1_22' title="bbox 299 3126 1699 3212; baseline -0.001 -21"><span class='ocrx_word' id='word_1_178' title='bbox 299 3126 442 3191; x_wconf 81' lang='lat' dir='ltr'>articulis</span> <span class='ocrx_word' id='word_1_179' title='bbox 457 3127 639 3192; x_wconf 89' lang='lat' dir='ltr'>libertatum</span> <span class='ocrx_word' id='word_1_180' title='bbox 654 3129 856 3212; x_wconf 76' lang='lat' dir='ltr'>praescriptis</span> <span class='ocrx_word' id='word_1_181' title='bbox 878 3126 1080 3211; x_wconf 64' lang='lat' dir='ltr'>ratificamus</span> <span class='ocrx_word' id='word_1_182' title='bbox 1102 3133 1312 3212; x_wconf 84' lang='lat' dir='ltr'>acceptamus,</span> <span class='ocrx_word' id='word_1_183' title='bbox 1335 3126 1547 3211; x_wconf 89' lang='lat' dir='ltr'>approbamus</span> <span class='ocrx_word' id='word_1_184' title='bbox 1562 3131 1594 3190; x_wconf 92' lang='lat' dir='ltr'>et</span> <span class='ocrx_word' id='word_1_185' title='bbox 1607 3144 1699 3209; x_wconf 91' lang='lat' dir='ltr'>prae-</span> 
     </span>
     <span class='ocr_line' id='line_1_23' title="bbox 301 3228 1698 3316; baseline -0.003 -20"><span class='ocrx_word' id='word_1_186' title='bbox 301 3231 445 3296; x_wconf 86' lang='lat' dir='ltr'>sentibus</span> <span class='ocrx_word' id='word_1_187' title='bbox 467 3231 527 3297; x_wconf 89' lang='lat' dir='ltr'>sub</span> <span class='ocrx_word' id='word_1_188' title='bbox 543 3233 741 3316; x_wconf 88' lang='lat' dir='ltr'>appositione</span> <span class='ocrx_word' id='word_1_189' title='bbox 757 3232 851 3316; x_wconf 88' lang='lat' dir='ltr'>sigilli</span> <span class='ocrx_word' id='word_1_190' title='bbox 866 3233 966 3296; x_wconf 87' lang='lat' dir='ltr'>nostri</span> <span class='ocrx_word' id='word_1_191' title='bbox 989 3232 1067 3296; x_wconf 86' lang='lat' dir='ltr'>novi</span> <span class='ocrx_word' id='word_1_192' title='bbox 1081 3232 1257 3316; x_wconf 90' lang='lat' dir='ltr'>praesentis</span> <span class='ocrx_word' id='word_1_193' title='bbox 1271 3228 1497 3295; x_wconf 87' lang='lat' dir='ltr'>confirmamus</span> <span class='ocrx_word' id='word_1_194' title='bbox 1519 3229 1698 3294; x_wconf 90' lang='lat' dir='ltr'>uberiorem</span> 
     </span>
     <span class='ocr_line' id='line_1_24' title="bbox 298 3334 1699 3420; baseline -0.001 -20"><span class='ocrx_word' id='word_1_195' title='bbox 298 3336 339 3400; x_wconf 91' lang='lat' dir='ltr'>ad</span> <span class='ocrx_word' id='word_1_196' title='bbox 371 3334 536 3400; x_wconf 88' lang='lat' dir='ltr'>cautelam.</span> <span class='ocrx_word' id='word_1_197' title='bbox 581 3335 701 3401; x_wconf 90' lang='lat' dir='ltr'>Datum</span> <span class='ocrx_word' id='word_1_198' title='bbox 729 3336 764 3399; x_wconf 90' lang='lat' dir='ltr'>in</span> <span class='ocrx_word' id='word_1_199' title='bbox 786 3336 975 3420; x_wconf 86' lang='lat' dir='ltr'>Wysegrad,</span> <span class='ocrx_word' id='word_1_200' title='bbox 1001 3338 1080 3401; x_wconf 87' lang='lat' dir='ltr'>feria</span> <span class='ocrx_word' id='word_1_201' title='bbox 1109 3342 1223 3419; x_wconf 82' lang='lat' dir='ltr'>quarta</span> <span class='ocrx_word' id='word_1_202' title='bbox 1251 3335 1399 3419; x_wconf 82' lang='lat' dir='ltr'>proxima</span> <span class='ocrx_word' id='word_1_203' title='bbox 1426 3340 1499 3419; x_wconf 88' lang='lat' dir='ltr'>post</span> <span class='ocrx_word' id='word_1_204' title='bbox 1543 3334 1699 3399; x_wconf 85' lang='lat' dir='ltr'>uindenas</span> 
     </span>
     <span class='ocr_line' id='line_1_25' title="bbox 298 3417 1697 3525; baseline -0.001 -22"><span class='ocrx_word' id='word_1_205' title='bbox 298 3439 371 3504; x_wconf 84' lang='lat' dir='ltr'>festi</span> <span class='ocrx_word' id='word_1_206' title='bbox 392 3439 567 3505; x_wconf 77' lang='lat' dir='ltr'>nativitatis</span> <span class='ocrx_word' id='word_1_207' title='bbox 582 3440 665 3505; x_wconf 91' lang='lat' dir='ltr'>beati</span> <span class='ocrx_word' id='word_1_208' title='bbox 681 3440 839 3505; x_wconf 67' lang='lat' dir='ltr'>«Iohannis</span> <span class='ocrx_word' id='word_1_209' title='bbox 853 3440 1017 3525; x_wconf 83' lang='lat' dir='ltr'>baptistae,</span> <span class='ocrx_word' id='word_1_210' title='bbox 1039 3460 1124 3505; x_wconf 88' lang='lat' dir='ltr'>anno</span> <span class='ocrx_word' id='word_1_211' title='bbox 1140 3441 1259 3504; x_wconf 89' lang='lat' dir='ltr'>domini</span> <span class='ocrx_word' id='word_1_212' title='bbox 1282 3417 1323 3503; x_wconf 80' lang='lat' dir='ltr'>ll.</span> <span class='ocrx_word' id='word_1_213' title='bbox 1346 3417 1432 3504; x_wconf 63' lang='lat' dir='ltr'>CCC.</span> <span class='ocrx_word' id='word_1_214' title='bbox 1558 3439 1697 3524; x_wconf 76' lang='lat' dir='ltr'>,primo</span> 
     </span>
    </p>
   </div>
   <div class='ocr_carea' id='block_1_7' title="bbox 227 3574 1316 3664">
    <p class='ocr_par' dir='ltr' id='par_1_10' title="bbox 227 3574 1316 3664">
     <span class='ocr_line' id='line_1_26' title="bbox 227 3574 1316 3664; baseline 0.005 -26"><span class='ocrx_word' id='word_1_215' title='bbox 227 3583 261 3638; x_wconf 76' lang='lat'>25</span> <span class='ocrx_word' id='word_1_216' title='bbox 460 3574 556 3643; x_wconf 76' lang='lat' dir='ltr'>Unter</span> <span class='ocrx_word' id='word_1_217' title='bbox 577 3579 645 3644; x_wconf 74' lang='lat' dir='ltr'>dem</span> <span class='ocrx_word' id='word_1_218' title='bbox 668 3576 783 3664; x_wconf 54' lang='lat' dir='ltr'>Saea&amp;</span> <span class='ocrx_word' id='word_1_219' title='bbox 804 3578 928 3645; x_wconf 87' lang='lat' dir='ltr'>Relatio</span> <span class='ocrx_word' id='word_1_220' title='bbox 951 3579 1088 3645; x_wconf 78' lang='lat' dir='ltr'>&#39;l&#39;homae</span> <span class='ocrx_word' id='word_1_221' title='bbox 1111 3581 1151 3645; x_wconf 89' lang='lat' dir='ltr'>de</span> <span class='ocrx_word' id='word_1_222' title='bbox 1172 3578 1316 3661; x_wconf 84' lang='lat' dir='ltr'>Zeremy.</span> 
     </span>
    </p>
   </div>
   <div class='ocr_carea' id='block_1_8' title="bbox 953 3925 1047 4009">
    <p class='ocr_par' dir='ltr' id='par_1_11' title="bbox 953 3925 1047 4009">
     <span class='ocr_line' id='line_1_27' title="bbox 953 3925 1047 4009; baseline 0 -1"><span class='ocrx_word' id='word_1_223' title='bbox 953 3925 1047 4009; x_wconf 78' lang='lat'><strong>487.</strong></span> 
     </span>
    </p>
   </div>
   <div class='ocr_carea' id='block_1_9' title="bbox 288 4103 1698 4440">
    <p class='ocr_par' dir='ltr' id='par_1_12' title="bbox 288 4103 1698 4440">
     <span class='ocr_line' id='line_1_28' title="bbox 382 4103 1698 4199; baseline 0.002 -23"><span class='ocrx_word' id='word_1_224' title='bbox 382 4103 585 4195; x_wconf 76' lang='lat' dir='ltr'>Wtseeprud</span> <span class='ocrx_word' id='word_1_225' title='bbox 609 4107 709 4178; x_wconf 87' lang='grc'><em>1331</em></span> <span class='ocrx_word' id='word_1_226' title='bbox 733 4106 893 4178; x_wconf 76' lang='grc'><em>11010.</em></span> <span class='ocrx_word' id='word_1_227' title='bbox 921 4106 1039 4199; x_wconf 72' lang='lat' dir='ltr'>Ktaip</span> <span class='ocrx_word' id='word_1_228' title='bbox 1056 4107 1151 4178; x_wconf 86' lang='lat' dir='ltr'>Korl</span> <span class='ocrx_word' id='word_1_229' title='bbox 1176 4107 1308 4179; x_wconf 74' lang='lat' dir='ltr'>erklart</span> <span class='ocrx_word' id='word_1_230' title='bbox 1334 4106 1390 4178; x_wconf 76' lang='lat' dir='ltr'>die</span> <span class='ocrx_word' id='word_1_231' title='bbox 1412 4107 1698 4197; x_wconf 71' lang='lat' dir='ltr'>Kloueeobrarper</span> 
     </span>
     <span class='ocr_line' id='line_1_29' title="bbox 288 4224 1695 4319; baseline 0.001 -23"><span class='ocrx_word' id='word_1_232' title='bbox 288 4225 360 4314; x_wconf 73' lang='lat' dir='ltr'>fiir</span> <span class='ocrx_word' id='word_1_233' title='bbox 377 4226 457 4314; x_wconf 85' lang='lat' dir='ltr'>frei</span> <span class='ocrx_word' id='word_1_234' title='bbox 490 4248 555 4299; x_wconf 83' lang='lat' dir='ltr'>oon</span> <span class='ocrx_word' id='word_1_235' title='bbox 581 4227 645 4299; x_wconf 79' lang='lat' dir='ltr'>der</span> <span class='ocrx_word' id='word_1_236' title='bbox 674 4226 966 4300; x_wconf 75' lang='lat' dir='ltr'>Gertebtrbarkeit</span> <span class='ocrx_word' id='word_1_237' title='bbox 1000 4227 1060 4299; x_wconf 80' lang='lat' dir='ltr'>des</span> <span class='ocrx_word' id='word_1_238' title='bbox 1093 4224 1288 4299; x_wconf 82' lang='lat' dir='ltr'>Woiwodea</span> <span class='ocrx_word' id='word_1_239' title='bbox 1322 4228 1397 4299; x_wconf 77' lang='lat' dir='ltr'>aad</span> <span class='ocrx_word' id='word_1_240' title='bbox 1427 4232 1588 4319; x_wconf 74' lang='lat' dir='ltr'>pestottct</span> <span class='ocrx_word' id='word_1_241' title='bbox 1613 4226 1695 4297; x_wconf 79' lang='lat' dir='ltr'>den-</span> 
     </span>
     <span class='ocr_line' id='line_1_30' title="bbox 295 4345 1339 4440; baseline 0.003 -23"><span class='ocrx_word' id='word_1_242' title='bbox 295 4345 407 4419; x_wconf 83' lang='lat' dir='ltr'>aelbea</span> <span class='ocrx_word' id='word_1_243' title='bbox 434 4346 489 4419; x_wconf 83' lang='lat' dir='ltr'>die</span> <span class='ocrx_word' id='word_1_244' title='bbox 507 4348 604 4436; x_wconf 81' lang='lat' dir='ltr'>frete</span> <span class='ocrx_word' id='word_1_245' title='bbox 631 4347 837 4440; x_wconf 71' lang='lat' dir='ltr'>Bouttaaap</span> <span class='ocrx_word' id='word_1_246' title='bbox 863 4348 923 4421; x_wconf 77' lang='lat' dir='ltr'>aa</span> <span class='ocrx_word' id='word_1_247' title='bbox 957 4346 1097 4420; x_wconf 81' lang='lat' dir='ltr'>Waldas</span> <span class='ocrx_word' id='word_1_248' title='bbox 1124 4347 1339 4421; x_wconf 74' lang='lat' dir='ltr'>Fetctcerdri.</span> 
     </span>
    </p>
   </div>
   <div class='ocr_carea' id='block_1_10' title="bbox 226 4507 1701 4757">
    <p class='ocr_par' dir='ltr' id='par_1_13' title="bbox 226 4507 1701 4757">
     <span class='ocr_line' id='line_1_31' title="bbox 226 4507 1701 4582; baseline 0.004 -21"><span class='ocrx_word' id='word_1_249' title='bbox 226 4507 262 4561; x_wconf 87' lang='grc'>30</span> <span class='ocrx_word' id='word_1_250' title='bbox 455 4510 532 4581; x_wconf 73' lang='lat' dir='ltr'>Orip.</span> <span class='ocrx_word' id='word_1_251' title='bbox 544 4511 625 4581; x_wconf 75' lang='lat' dir='ltr'>Perp.</span> <span class='ocrx_word' id='word_1_252' title='bbox 643 4510 820 4567; x_wconf 75' lang='lat' dir='ltr'>Stadtarrtiv</span> <span class='ocrx_word' id='word_1_253' title='bbox 834 4512 1041 4582; x_wconf 74' lang='lat' dir='ltr'>Kloaeenburp.</span> <span class='ocrx_word' id='word_1_254' title='bbox 1060 4510 1157 4582; x_wconf 76' lang='lat' dir='ltr'>Steqel,</span> <span class='ocrx_word' id='word_1_255' title='bbox 1174 4512 1258 4581; x_wconf 79' lang='lat' dir='ltr'>rand,</span> <span class='ocrx_word' id='word_1_256' title='bbox 1275 4528 1335 4567; x_wconf 78' lang='lat' dir='ltr'>war</span> <span class='ocrx_word' id='word_1_257' title='bbox 1352 4513 1385 4568; x_wconf 81' lang='lat' dir='ltr'>ia</span> <span class='ocrx_word' id='word_1_258' title='bbox 1401 4512 1509 4568; x_wconf 74' lang='lat' dir='ltr'>woicam</span> <span class='ocrx_word' id='word_1_259' title='bbox 1526 4513 1628 4569; x_wconf 79' lang='lat' dir='ltr'>Waclra</span> <span class='ocrx_word' id='word_1_260' title='bbox 1644 4515 1701 4582; x_wconf 80' lang='lat' dir='ltr'>aas</span> 
     </span>
     <span class='ocr_line' id='line_1_32' title="bbox 399 4597 1697 4670; baseline 0 -16"><span class='ocrx_word' id='word_1_261' title='bbox 399 4597 448 4653; x_wconf 73' lang='lat' dir='ltr'>der</span> <span class='ocrx_word' id='word_1_262' title='bbox 470 4597 615 4654; x_wconf 64' lang='lat' dir='ltr'>Rotaria</span> <span class='ocrx_word' id='word_1_263' title='bbox 640 4599 830 4669; x_wconf 65' lang='lat' dir='ltr'>ausgedfflcltt.</span> <span class='ocrx_word' id='word_1_264' title='bbox 854 4630 889 4640; x_wconf 94' lang='lat'>-</span> <span class='ocrx_word' id='word_1_265' title='bbox 913 4599 969 4655; x_wconf 71' lang='lat' dir='ltr'>Da</span> <span class='ocrx_word' id='word_1_266' title='bbox 997 4598 1128 4654; x_wconf 73' lang='lat' dir='ltr'>Urkande</span> <span class='ocrx_word' id='word_1_267' title='bbox 1154 4598 1192 4653; x_wconf 76' lang='lat' dir='ltr'>iat</span> <span class='ocrx_word' id='word_1_268' title='bbox 1215 4599 1287 4655; x_wconf 72' lang='grc'><em>11610</em></span> <span class='ocrx_word' id='word_1_269' title='bbox 1308 4599 1499 4670; x_wconf 53' lang='lat' dir='ltr'>&amp;mesubalim</span> <span class='ocrx_word' id='word_1_270' title='bbox 1523 4615 1577 4654; x_wconf 79' lang='lat' dir='ltr'>oca</span> <span class='ocrx_word' id='word_1_271' title='bbox 1600 4599 1697 4670; x_wconf 67' lang='lat' dir='ltr'>Konip</span> 
     </span>
     <span class='ocr_line' id='line_1_33' title="bbox 399 4683 1176 4757; baseline -0.001 -17"><span class='ocrx_word' id='word_1_272' title='bbox 399 4683 519 4755; x_wconf 74' lang='lat' dir='ltr'>Lrtdwip</span> <span class='ocrx_word' id='word_1_273' title='bbox 535 4685 562 4739; x_wconf 87' lang='lat' dir='ltr'>I.</span> <span class='ocrx_word' id='word_1_274' title='bbox 580 4688 658 4753; x_wconf 80' lang='lat'><strong><em>1349,</em></strong></span> <span class='ocrx_word' id='word_1_275' title='bbox 679 4686 755 4757; x_wconf 63' lang='grc' dir='ltr'>Θήρ.</span> <span class='ocrx_word' id='word_1_276' title='bbox 774 4685 951 4741; x_wconf 65' lang='lat' dir='ltr'>&amp;adleuatio</span> <span class='ocrx_word' id='word_1_277' title='bbox 968 4685 1176 4755; x_wconf 74' lang='lat' dir='ltr'>Klauaeabarp.</span> 
     </span>
    </p>
   </div>
   <div class='ocr_carea' id='block_1_11' title="bbox 399 4805 1695 4960">
    <p class='ocr_par' dir='ltr' id='par_1_14' title="bbox 399 4805 1695 4960">
     <span class='ocr_line' id='line_1_34' title="bbox 450 4805 1695 4877; baseline 0.001 -16"><span class='ocrx_word' id='word_1_278' title='bbox 450 4805 563 4861; x_wconf 76' lang='lat' dir='ltr'>Druck:</span> <span class='ocrx_word' id='word_1_279' title='bbox 589 4805 708 4877; x_wconf 67' lang='grc'><em>0101149</em></span> <span class='ocrx_word' id='word_1_280' title='bbox 726 4806 936 4877; x_wconf 73' lang='lat' dir='ltr'>Ettnoprapbte</span> <span class='ocrx_word' id='word_1_281' title='bbox 954 4806 999 4873; x_wconf 91' lang='lat' dir='ltr'>II,</span> <span class='ocrx_word' id='word_1_282' title='bbox 1017 4809 1077 4860; x_wconf 79' lang='lat'><strong><em>348.</em></strong></span> <span class='ocrx_word' id='word_1_283' title='bbox 1102 4805 1196 4861; x_wconf 79' lang='lat' dir='ltr'>Jaltab</span> <span class='ocrx_word' id='word_1_284' title='bbox 1217 4806 1368 4864; x_wconf 72' lang='lat' dir='ltr'>Oklertltar</span> <span class='ocrx_word' id='word_1_285' title='bbox 1386 4809 1413 4877; x_wconf 89' lang='grc' dir='ltr'>Ι,</span> <span class='ocrx_word' id='word_1_286' title='bbox 1431 4812 1473 4862; x_wconf 78' lang='grc'>41.</span> <span class='ocrx_word' id='word_1_287' title='bbox 1496 4807 1695 4863; x_wconf 58' lang='lat' dir='ltr'>stabulacum</span> 
     </span>
     <span class='ocr_line' id='line_1_35' title="bbox 399 4892 1026 4960; baseline 0 -13"><span class='ocrx_word' id='word_1_288' title='bbox 399 4894 476 4960; x_wconf 82' lang='grc'><em>1871,</em></span> <span class='ocrx_word' id='word_1_289' title='bbox 495 4895 556 4949; x_wconf 83' lang='grc'><em>179.</em></span> <span class='ocrx_word' id='word_1_290' title='bbox 580 4892 765 4949; x_wconf 73' lang='lat' dir='ltr'>Daauaaau</span> <span class='ocrx_word' id='word_1_291' title='bbox 782 4894 950 4949; x_wconf 66' lang='lat' dir='ltr'>Domata</span> <span class='ocrx_word' id='word_1_292' title='bbox 966 4897 1026 4949; x_wconf 82' lang='lat'><strong><em>616.</em></strong></span> 
     </span>
    </p>
   </div>
   <div class='ocr_carea' id='block_1_12' title="bbox 225 5065 1695 5566">
    <p class='ocr_par' dir='ltr' id='par_1_15' title="bbox 225 5065 1695 5566">
     <span class='ocr_line' id='line_1_36' title="bbox 225 5065 1695 5154; baseline 0.007 -29"><span class='ocrx_word' id='word_1_293' title='bbox 225 5072 260 5125; x_wconf 78' lang='lat'>35</span> <span class='ocrx_word' id='word_1_294' title='bbox 450 5065 519 5131; x_wconf 88' lang='lat' dir='ltr'>Nos</span> <span class='ocrx_word' id='word_1_295' title='bbox 542 5065 681 5132; x_wconf 87' lang='lat' dir='ltr'>Karolus</span> <span class='ocrx_word' id='word_1_296' title='bbox 710 5068 761 5133; x_wconf 91' lang='lat' dir='ltr'>dei</span> <span class='ocrx_word' id='word_1_297' title='bbox 790 5069 892 5151; x_wconf 89' lang='lat' dir='ltr'>gratia</span> <span class='ocrx_word' id='word_1_298' title='bbox 920 5087 979 5132; x_wconf 88' lang='lat' dir='ltr'>rex</span> <span class='ocrx_word' id='word_1_299' title='bbox 1001 5067 1186 5151; x_wconf 82' lang='lat' dir='ltr'>Hungariae</span> <span class='ocrx_word' id='word_1_300' title='bbox 1217 5068 1433 5153; x_wconf 83' lang='lat' dir='ltr'>significamus</span> <span class='ocrx_word' id='word_1_301' title='bbox 1466 5075 1575 5135; x_wconf 90' lang='lat' dir='ltr'>tenore</span> <span class='ocrx_word' id='word_1_302' title='bbox 1604 5089 1695 5154; x_wconf 90' lang='lat' dir='ltr'>prae-</span> 
     </span>
     <span class='ocr_line' id='line_1_37' title="bbox 296 5169 1695 5256; baseline 0.004 -24"><span class='ocrx_word' id='word_1_303' title='bbox 296 5169 435 5233; x_wconf 90' lang='lat' dir='ltr'>sentium</span> <span class='ocrx_word' id='word_1_304' title='bbox 460 5170 577 5252; x_wconf 87' lang='lat' dir='ltr'>quibus</span> <span class='ocrx_word' id='word_1_305' title='bbox 600 5172 729 5256; x_wconf 81' lang='lat' dir='ltr'>expedit</span> <span class='ocrx_word' id='word_1_306' title='bbox 757 5172 917 5237; x_wconf 85' lang='lat' dir='ltr'>universis</span> <span class='ocrx_word' id='word_1_307' title='bbox 939 5172 1110 5237; x_wconf 87' lang='lat' dir='ltr'>memoriae</span> <span class='ocrx_word' id='word_1_308' title='bbox 1136 5174 1405 5255; x_wconf 83' lang='lat' dir='ltr'>commendantes,</span> <span class='ocrx_word' id='word_1_309' title='bbox 1436 5173 1523 5255; x_wconf 91' lang='lat' dir='ltr'>quod</span> <span class='ocrx_word' id='word_1_310' title='bbox 1553 5193 1612 5238; x_wconf 89' lang='lat' dir='ltr'>nos</span> <span class='ocrx_word' id='word_1_311' title='bbox 1633 5175 1695 5238; x_wconf 89' lang='lat' dir='ltr'>cir·</span> 
     </span>
     <span class='ocr_line' id='line_1_38' title="bbox 296 5273 1695 5359; baseline 0.004 -23"><span class='ocrx_word' id='word_1_312' title='bbox 296 5274 487 5357; x_wconf 88' lang='lat' dir='ltr'>cumspectis</span> <span class='ocrx_word' id='word_1_313' title='bbox 508 5273 715 5340; x_wconf 86' lang='lat' dir='ltr'>fidelitatibus</span> <span class='ocrx_word' id='word_1_314' title='bbox 729 5274 872 5340; x_wconf 90' lang='lat' dir='ltr'>fidelium</span> <span class='ocrx_word' id='word_1_315' title='bbox 895 5276 1055 5359; x_wconf 92' lang='lat' dir='ltr'>hospitum</span> <span class='ocrx_word' id='word_1_316' title='bbox 1071 5281 1254 5340; x_wconf 87' lang='lat' dir='ltr'>nostrorum</span> <span class='ocrx_word' id='word_1_317' title='bbox 1271 5276 1311 5339; x_wconf 90' lang='lat' dir='ltr'>de</span> <span class='ocrx_word' id='word_1_318' title='bbox 1325 5273 1505 5359; x_wconf 85' lang='lat' dir='ltr'>Koluswar‚</span> <span class='ocrx_word' id='word_1_319' title='bbox 1529 5278 1585 5358; x_wconf 91' lang='lat' dir='ltr'>qui</span> <span class='ocrx_word' id='word_1_320' title='bbox 1599 5278 1695 5342; x_wconf 89' lang='lat' dir='ltr'>etiam</span> 
     </span>
     <span class='ocr_line' id='line_1_39' title="bbox 293 5377 1695 5466; baseline 0.005 -26"><span class='ocrx_word' id='word_1_321' title='bbox 293 5377 328 5441; x_wconf 95' lang='lat' dir='ltr'>in</span> <span class='ocrx_word' id='word_1_322' title='bbox 356 5379 517 5461; x_wconf 85' lang='lat' dir='ltr'>praesenti</span> <span class='ocrx_word' id='word_1_323' title='bbox 531 5378 749 5463; x_wconf 73' lang='lat' dir='ltr'>‚expeditione</span> <span class='ocrx_word' id='word_1_324' title='bbox 778 5385 888 5444; x_wconf 82' lang='lat' dir='ltr'>nostra</span> <span class='ocrx_word' id='word_1_325' title='bbox 919 5399 1015 5462; x_wconf 89' lang='lat' dir='ltr'>qnam</span> <span class='ocrx_word' id='word_1_326' title='bbox 1044 5380 1079 5443; x_wconf 93' lang='lat' dir='ltr'>in</span> <span class='ocrx_word' id='word_1_327' title='bbox 1108 5380 1252 5464; x_wconf 85' lang='lat' dir='ltr'>partibus</span> <span class='ocrx_word' id='word_1_328' title='bbox 1282 5379 1452 5445; x_wconf 79' lang='lat' dir='ltr'>habrumus</span> <span class='ocrx_word' id='word_1_329' title='bbox 1480 5381 1695 5466; x_wconf 73' lang='lat' dir='ltr'>Transalpinis</span> 
     </span>
     <span class='ocr_line' id='line_1_40' title="bbox 294 5479 1695 5566; baseline 0.004 -22"><span class='ocrx_word' id='word_1_330' title='bbox 294 5479 421 5545; x_wconf 85' lang='lat' dir='ltr'>infinita</span> <span class='ocrx_word' id='word_1_331' title='bbox 442 5488 475 5546; x_wconf 88' lang='lat' dir='ltr'>et</span> <span class='ocrx_word' id='word_1_332' title='bbox 496 5482 755 5566; x_wconf 69' lang='lat' dir='ltr'>irrecuperabilis</span> <span class='ocrx_word' id='word_1_333' title='bbox 777 5483 893 5547; x_wconf 85' lang='lat' dir='ltr'>damna</span> <span class='ocrx_word' id='word_1_334' title='bbox 914 5501 1022 5547; x_wconf 88' lang='lat' dir='ltr'>rerum</span> <span class='ocrx_word' id='word_1_335' title='bbox 1038 5489 1070 5547; x_wconf 91' lang='lat' dir='ltr'>et</span> <span class='ocrx_word' id='word_1_336' title='bbox 1091 5482 1250 5548; x_wconf 89' lang='lat' dir='ltr'>bonorum</span> <span class='ocrx_word' id='word_1_337' title='bbox 1264 5483 1407 5566; x_wconf 88' lang='lat' dir='ltr'>ipsorum</span> <span class='ocrx_word' id='word_1_338' title='bbox 1422 5484 1457 5547; x_wconf 90' lang='lat' dir='ltr'>in</span> <span class='ocrx_word' id='word_1_339' title='bbox 1472 5483 1695 5549; x_wconf 84' lang='lat' dir='ltr'>observatione</span> 
     </span>
    </p>
   </div>
   <div class='ocr_carea' id='block_1_13' title="bbox 0 0 2046 6294">
    <p class='ocr_par' dir='ltr' id='par_1_16' title="bbox 0 0 2046 6294">
     <span class='ocr_line' id='line_1_41' title="bbox 0 0 2046 6294; baseline 0 0"><span class='ocrx_word' id='word_1_340' title='bbox 0 0 2046 6294; x_wconf 95' lang='lat' dir='ltr'> </span> 
     </span>
    </p>
   </div>
  </div>
 </body>
</html>
