4084 6302
913 645 1069 741 gn-

289 839 322 898 et
345 834 524 918 specialiter
546 833 704 899 districtui
726 835 765 899 de
780 835 889 919 Zylag,
912 835 988 900 item
1011 834 1193 900 civitatibus
1216 835 1256 900 de
1275 835 1423 899 Zathmar
1445 840 1478 899 et
1499 835 1538 900 de
1553 835 1689 920 Nympti

289 938 425 1002 salntem
447 944 479 1003 et
501 939 643 1020 gratiam.
670 938 804 1003 Noverit
819 945 926 1003 vestra
939 937 1083 1020 fidelitas,
1107 939 1193 1021 quod
1210 939 1286 1022 qnia
1306 937 1417 1004 fideles
1431 939 1571 1024 hospites
1586 941 1689 1005 nostri

289 1042 328 1106 de
349 1040 501 1106 Deeswar
530 1043 620 1124 gravi
651 1043 781 1125 querela
810 1048 956 1127 porrecta
984 1043 1111 1126 saepius
1140 1043 1308 1124 conquesti
1337 1043 1532 1107 exstiterunt
1558 1048 1686 1107 nostrae

288 1146 454 1228 maiestati,
484 1150 522 1209 ut
542 1165 601 1229 per
622 1146 851 1230 prohibitiones
877 1167 985 1212 rerum
1008 1152 1040 1211 et
1062 1146 1219 1210 bonorum
1248 1146 1391 1229 ipsorum
1414 1166 1688 1231 personarumque

237 1255 254 1309 5
290 1249 465 1313 eorundem
493 1250 527 1312 in
550 1268 660 1313 eorum
690 1250 892 1333 processibus
915 1250 1152 1334 oppressionem
1182 1269 1248 1313 non
1270 1250 1427 1314 modicam
1449 1256 1635 1335 paterentur
1658 1257 1689 1315 et

287 1354 463 1436 penuriam.
493 1352 536 1417 ut
549 1353 654 1437 regiae
669 1352 868 1418 liberalitatis
882 1353 1091 1438 providentia,
1114 1359 1240 1417 matura
1255 1353 1481 1419 deliberatione
1496 1355 1688 1438 praehabita,

288 1458 370 1520 hanc
400 1457 532 1541 gratiam
565 1457 684 1522 eisdem
714 1457 869 1523 duximus
892 1457 1078 1540 taciendam,
1106 1462 1145 1521 ut
1173 1457 1283 1522 nullus
1313 1460 1443 1522 omnino
1466 1460 1632 1525 hominum
1654 1462 1689 1524 in

288 1579 387 1644 regno
418 1565 529 1624 nostro
551 1560 687 1625 ubilibet
707 1561 795 1645 ipsos
824 1568 857 1627 et
885 1562 971 1626 hona
1000 1561 1175 1626 eorundem
1206 1562 1322 1642 quovis
1343 1569 1513 1645 praetextu
1534 1567 1635 1649 possit
1657 1570 1690 1629 et

290 1664 404 1729 debeat
432 1664 609 1748 prohibere,
639 1666 700 1729 nisi
730 1666 820 1749 prius
849 1666 1084 1750 inpraesentia
1110 1664 1269 1748 magnifici
1295 1666 1353 1729 viri
1374 1667 1511 1732 Thomas
1535 1668 1689 1733 vaivodae

222 1774 255 1827 10
288 1768 488 1832 lhansiluani
519 1768 643 1832 comitis
672 1768 815 1852 ipsorum
849 1788 889 1833 ex
919 1774 1009 1854 parte
1043 1769 1219 1834 eorundem
1252 1769 1372 1833 iustitia
1400 1771 1498 1835 tuerit
1527 1772 1688 1854 requisita
1799 1837 1801 1844 ,

288 1872 392 1955 Igitur
420 1870 564 1937 fidelitati
595 1874 813 1937 universitatis
836 1879 961 1938 vestrae
989 1873 1179 1937 firmissimis
1201 1872 1315 1937 damus
1336 1873 1370 1936 in
1393 1876 1578 1958 praeceptis,
1611 1894 1689 1956 qua·

290 1982 385 2041 tenus
416 1997 435 2039 a
465 1976 560 2041 modo
591 1975 701 2041 nullus
732 1996 775 2041 ex
804 1977 896 2041 vobis
918 1978 971 2042 vol
1000 1976 1234 2061 pertinentibus
1264 1976 1304 2039 ad
1327 1996 1394 2059 vos,
1425 1984 1481 2042 ant
1509 1979 1543 2042 in
1570 1979 1690 2042 tenutis

289 2080 414 2163 restris,
445 2080 531 2164 ipsos
562 2080 702 2164 hospites
731 2086 859 2145 nostros
880 2080 933 2145 vel
965 2082 1146 2165 quempiam
1177 2100 1219 2145 ex
1242 2080 1361 2145 eisdem
1392 2088 1449 2146 aut
1469 2081 1555 2147 bona
1577 2101 1689 2146 eorum

291 2183 460 2267 quaelibet,
483 2189 521 2248 ut
541 2185 772 2268 praemisimus,
796 2185 910 2267 quavis
932 2185 1055 2249 rationo
1078 2185 1194 2249 audeat
1214 2184 1384 2269 prohibere
1406 2191 1463 2250 aut
1477 2186 1608 2269 aliquod
1630 2187 1689 2250 im-

222 2294 254 2347 15
289 2288 507 2372 pedimentum
530 2288 707 2353 indebitum
731 2288 878 2372 irrogare.
910 2287 943 2353 si
966 2289 1022 2371 qui
1044 2294 1152 2353 autern
1174 2290 1296 2373 aliquid
1315 2292 1449 2357 achonis
1471 2295 1582 2354 contra
1603 2289 1690 2373 ipsos

289 2396 346 2455 aut
374 2391 514 2474 aliquem
544 2411 586 2456 ex
616 2392 693 2476 ipsis
722 2392 840 2457 hahent
866 2391 918 2456 vel
948 2393 1126 2477 habuerint
1156 2394 1191 2458 in
1220 2396 1402 2479 praesentia
1429 2396 1531 2479 ipsius
1552 2394 1690 2458 Thomae

289 2496 445 2560 vaivodae
468 2497 594 2560 comitis
616 2497 759 2580 ipsorum
776 2497 827 2561 rel
849 2497 920 2561 eius
942 2496 1029 2561 vices
1051 2498 1231 2580 gerentium
1245 2500 1335 2582 prius
1350 2504 1596 2583 prosequantur.
1627 2496 1690 2574 Qui

290 2600 373 2663 siin
395 2598 559 2663 reddenda
586 2600 708 2664 iustitia
730 2601 812 2664 tardi
834 2601 1024 2683 exstiterint,
1054 2620 1096 2664 ex
1118 2602 1178 2665 hoc
1200 2603 1340 2667 evidenti
1363 2603 1544 2667 testimonio
1573 2602 1690 2685 poterit

290 2702 453 2784 declarari,
474 2708 609 2767 extunc
631 2704 760 2768 tandem
782 2704 931 2768 iniuriam
953 2705 1110 2787 patientes
1130 2711 1162 2770 et
1177 2706 1300 2788 damna,
1327 2706 1412 2770 bona
1425 2707 1569 2790 ipsorum
1584 2706 1690 2790 prohi-

220 2811 255 2867 20
290 2805 385 2870 bendi
408 2806 546 2890 legitime
569 2807 706 2872 habeant
726 2807 918 2872 facultatem.
946 2807 989 2871 nt
1013 2808 1053 2872 ob
1074 2809 1134 2873 hoc
1149 2810 1232 2875 deut
1253 2830 1314 2874 nos
1329 2810 1489 2875 offendere
1503 2810 1689 2892 formidatis,

290 2929 383 2974 secus
405 2909 592 2974 nullatenus
612 2911 716 2976 faeere
739 2911 891 2977 audeatis.
924 2911 1043 2977 Datum
1066 2913 1100 2976 in
1126 2914 1275 2997 Posonio,
1306 2915 1385 2978 teria
1430 2919 1522 2979 uarta
1564 2914 1691 2978 roxima

289 3019 363 3097 post
385 3013 502 3078 testum
524 3013 609 3078 beati
623 3014 858 3080 Bartholomaei
880 3016 1024 3100 apostoli,
1046 3037 1131 3081 anno
1155 3017 1275 3082 domini
1297 2996 1340 3082 li.
1356 2933 1432 3082 0Οὲ

1435 3017 1524 3082 ‚XX
1579 3018 1689 3102 primo.

445 3151 521 3236 Auf
536 3152 591 3217 der
613 3151 771 3217 Rtatreita
793 3160 883 3218 unte
904 3153 971 3217 dem
996 3152 1112 3238 Sigei:
1140 3155 1263 3220 Relatio
1285 3155 1423 3220 ihomas
1445 3156 1601 3220 vaivodae
1624 3175 1689 3220 me

291 3254 399 3320 diante
419 3257 572 3341 magistro
594 3256 727 3322 Pethew
748 3258 936 3322 cancellario
960 3277 1027 3322 sno.

942 3588 1037 3672 492.

365 3751 465 3820 1331
504 3749 650 3823 Olrtohcr
687 3754 722 3823 5.
767 3752 886 3843 Ko'aip
916 3752 1011 3824 Korl
1045 3752 1206 3844 terant
1240 3754 1296 3825 die
1331 3752 1474 3826 Bmider
1509 3752 1689 3841 Nitoluae,

289 3867 451 3942 damone
476 3870 551 3943 aad
574 3870 718 3944 Jotoaa
743 3895 809 3945 voa
834 3872 979 3945 mallo
1004 3875 1043 3945 ia
1068 3873 1180 3946 iterem
1202 3880 1413 3965 yesammtea
1439 3873 1567 3947 Barata

446 4033 651 4105 Eiapmahaltet
666 4051 721 4089 eoa
738 4035 798 4090 deta
815 4034 1040 4106 Weineatorper
1049 4036 1164 4107 Rapiat
1176 4042 1253 4106 1337,
1270 4037 1451 4108 emanarat
1462 4037 1562 4107 Kopr'e,
1580 4036 1690 4093 dieden-

393 4120 472 4190 brtrq.
489 4121 619 4176 Marcam
636 4122 842 4193 Klaarenbarp.

220 4240 256 4294 eo
446 4241 559 4313 aaa:
581 4242 981 4313 camaracensem.

444 4415 584 4481 Karolus
606 4417 657 4482 dei
676 4419 778 4503 gratia
791 4417 985 4502 Hungariaa
1007 4417 1197 4503 Dalmaciae,
1220 4419 1377 4503 Graeciae,
1400 4419 1527 4504 Ramae,
1549 4421 1689 4504 Samiae,

290 4518 449 4603 Gallinae,
479 4519 695 4604 Lodomeriae,
726 4522 896 4587 Gemaniae
918 4523 1151 4606 Bulgariaeque
1181 4542 1250 4600 rex,
1280 4524 1428 4608 princeps
1450 4523 1689 4609 Sallernitanus,

291 4624 422 4689 honoris
443 4645 480 4688 ac
502 4627 620 4690 montis
642 4627 744 4690 sancti
760 4627 875 4712 Angeli
898 4627 1047 4692 dominus
1070 4625 1219 4690 omnibus
1238 4625 1354 4691 Christi
1375 4625 1523 4692 fidelibus
1544 4628 1690 4692 notitiam

289 4728 505 4810 praesentium
527 4730 683 4794 habituris
705 4730 840 4795 salutem
861 4731 896 4794 in
919 4731 1063 4794 omniurn
1085 4730 1249 4795 salvatore.
1273 4728 1431 4805 Quoniam
1453 4729 1562 4794 divina
1583 4731 1690 4815 provi·

221 4836 255 4891 35
291 4829 400 4894 dantia
428 4830 632 4916 humanaque
662 4835 801 4899 conditio
822 4834 950 4899 videtur
979 4834 1123 4916 innuere,
1152 4839 1189 4898 ut
1217 4834 1313 4918 digna
1341 4833 1445 4918 dignis
1464 4834 1690 4918 impendantur

291 4939 323 4998 et
345 4934 459 4999 merita
479 4955 538 5020 pro
561 4937 655 5001 modo
676 4957 753 5003 suae
769 4938 930 5021 qualitatis
951 4938 1181 5023 impensentur,
1204 4942 1282 5002 tunc
1297 4937 1382 5001 enim
1398 4938 1504 5002 aditus
1525 4938 1566 5002 ad
1588 4937 1690 5002 iamn-

288 5037 421 5103 landum
450 5039 648 5124 principibus
679 5040 897 5125 reservatur‚¹)
932 5043 959 5106 si
989 5041 1169 5125 principum
1202 5040 1414 5105 consideratio
1449 5041 1525 5123 quia
1558 5041 1690 5105 summis

289 5160 415 5205 summa
436 5148 469 5207 et
490 5144 525 5206 in
549 5145 682 5210 summis
704 5165 807 5228 aequa
828 5146 1044 5229 propriatione
1066 5163 1262 5228 componens
1276 5163 1417 5229 congrue
1439 5144 1604 5228 respondit
1625 5163 1690 5209 ser·

289 5245 377 5310 vitiis
399 5246 624 5312 subiectorum.
661 5248 801 5313 Proinde
823 5249 863 5311 ad
886 5248 1112 5313 universorum
1133 5248 1280 5312 notitiam
1301 5247 1413 5312 harum
1437 5249 1518 5313 serie
1539 5249 1690 5313 volumus

219 5354 255 5410 40
288 5350 467 5434 pervenire,
491 5351 579 5433 quod
600 5371 660 5416 nos
675 5352 876 5417 attendentes
897 5351 1004 5417 fidelia
1025 5352 1156 5416 servitia
1176 5352 1401 5436 magistrorum
1415 5350 1540 5416 Nicolai
1553 5352 1690 5437 Bnthuq

446 5523 467 5591 ¹)
489 5520 625 5592 Vorlape:
642 5524 781 5578 reseratur.
