4106 6294
908 644 1063 739 „ro-³„

286 833 376 900 nulla
399 833 495 899 etiam
528 833 710 919 praebenda
740 840 874 899 vacante
905 835 978 917 quis
1000 834 1101 917 possit
1122 834 1156 896 in
1179 834 1367 897 canonicum
1391 834 1518 913 assumi,
1547 854 1621 897 cum
1642 834 1693 897 in·

288 938 450 1023 telligatur
481 939 521 1002 ad
559 939 717 1020 quoddam
750 939 801 1003 ius
830 939 902 1023 eligi
934 938 1022 1021 quod
1050 939 1161 1023 incipit
1190 957 1260 1002 esse
1287 957 1361 1002 cum
1391 938 1491 1001 electo
1521 944 1554 1002 et
1575 938 1692 1002 desinit

287 1063 362 1106 oum
393 1044 553 1125 defuncto,
589 1049 621 1106 et
652 1044 814 1108 interdum
844 1044 937 1107 etiam
969 1042 1025 1106 ubi
1057 1049 1164 1106 certus
1196 1062 1350 1106 numerus
1383 1044 1610 1106 canonicorum
1644 1050 1693 1107 est

288 1146 483 1231 praefinitus,
516 1147 700 1230 praesertim
733 1166 805 1210 cum
838 1143 1010 1210 necessitas
1040 1147 1141 1230 exigit
1169 1153 1225 1210 aut
1254 1146 1375 1210 utilitas
1396 1148 1574 1230 persuadet,
1601 1166 1692 1230 prae-

237 1258 254 1309 5
289 1250 394 1315 banda
426 1252 520 1314 etiam
552 1270 617 1313 non
649 1256 783 1314 vacante
811 1270 853 1314 ex
882 1251 1057 1314 electorum
1086 1270 1220 1315 assensu
1249 1271 1353 1314 novus
1386 1251 1559 1314 canonicus
1587 1257 1693 1334 potest

288 1356 388 1418 creari
420 1356 460 1417 ad
484 1353 644 1435 quoddam
668 1355 719 1418 ius
741 1354 917 1437 personale,
948 1355 1034 1436 quod
1064 1355 1178 1418 occidit
1201 1374 1273 1418 cum
1303 1373 1446 1438 persona.
1492 1355 1572 1419 Cum
1594 1355 1692 1437 igitur

288 1458 449 1543 petitionis
479 1465 608 1521 nostrae
640 1457 771 1522 effectus
798 1477 839 1521 ex
862 1459 946 1521 rotis
969 1460 1067 1523 vestri
1089 1478 1265 1522 consensus
1287 1478 1306 1521 a
1327 1458 1422 1521 modo
1446 1458 1614 1521 dumtaxat
1636 1459 1691 1522 de-

290 1563 428 1647 pendeat
449 1581 509 1628 nec
532 1562 664 1644 aliquod
687 1562 876 1625 canonicum
898 1563 1162 1647 impedimentum
1186 1563 1290 1626 obstet
1310 1564 1345 1624 in
1367 1561 1426 1623 hac
1447 1569 1546 1645 parte,
1570 1563 1631 1626 nisi
1653 1568 1691 1626 ut

289 1666 498 1751 petitionibus
520 1667 639 1729 nostris
661 1671 694 1728 et
717 1666 860 1729 eiusdem
875 1667 1008 1750 praelati
1030 1667 1128 1731 vestri
1150 1667 1234 1729 votis
1256 1666 1469 1748 consentiatis,
1492 1673 1530 1729 ut
1550 1666 1692 1730 mambra

219 1776 255 1829 10
289 1769 430 1834 succuba
461 1771 526 1833 sint
556 1789 614 1833 suo
645 1771 739 1853 capiti
770 1775 802 1832 et
831 1770 970 1833 ministri
991 1771 1071 1853 legis
1092 1771 1127 1832 in
1149 1770 1230 1834 hanc
1253 1774 1380 1832 nostrae
1406 1770 1568 1852 petitionis
1589 1771 1692 1834 iustae

290 1880 322 1939 et
343 1876 516 1939 canonicae
547 1874 736 1938 sententiam
765 1874 959 1936 conveniant
989 1879 1021 1937 et
1050 1876 1133 1937 votis
1156 1878 1284 1937 nostrae
1313 1873 1417 1956 regiae
1439 1874 1612 1938 maiestatis
1634 1895 1692 1938 vos

291 1977 525 2062 obtemperetis,
548 1975 733 2041 fidelitatem
757 1977 957 2040 discretionis
979 1983 1104 2041 restrae
1119 1975 1340 2061 praesentibus
1354 1977 1492 2059 petimus
1515 1975 1691 2060 diligenter,

291 2086 451 2163 quatenus
475 2082 533 2164 ipsi
557 2081 694 2145 Mathiae
724 2081 859 2165 plebano
882 2083 1048 2145 canoniam
1076 2082 1171 2145 sitnm
1193 2101 1265 2145 cum
1288 2081 1477 2165 praebenda,
1512 2081 1585 2144 licet
1608 2081 1693 2144 ultra

289 2203 472 2265 numerum,
495 2190 532 2248 ut
547 2190 743 2268 praetactum
766 2190 823 2266 est,
846 2205 911 2247 nou
927 2192 1032 2249 tamen
1056 2191 1167 2249 contra
1182 2185 1362 2248 sanctiones
1377 2188 1504 2267 patrum
1524 2186 1693 2249 canonicas

225 2298 258 2351 15
294 2290 431 2353 conferri
462 2308 519 2374 per
549 2290 687 2354 eundem
716 2294 858 2352 vestrum
881 2289 1057 2371 praelatum
1081 2308 1274 2353 consensum
1299 2292 1441 2351 restrum
1465 2289 1639 2354 adhibeatis
1661 2296 1693 2354 et

293 2412 459 2457 assensum
484 2393 524 2456 oh
547 2399 675 2457 nostrae
698 2393 803 2476 regiae
826 2392 998 2455 maiestatis
1021 2392 1222 2456 dilectionem
1252 2398 1285 2456 et
1306 2393 1448 2455 favorem
1471 2398 1503 2456 et
1524 2393 1692 2458 utilitatem

292 2502 419 2561 vestrae
442 2497 602 2580 ecclcsim,
627 2515 721 2578 quarn
744 2498 778 2560 in
800 2516 938 2580 persona
952 2497 1093 2560 eiusdem
1110 2495 1247 2559 Mathiae
1269 2496 1396 2578 plebani
1411 2498 1565 2578 consequi
1579 2503 1692 2581 potest

293 2605 455 2682 tamquam
486 2601 624 2665 ministri
654 2602 732 2665 iuris
766 2600 873 2664 devoti
902 2600 1084 2662 existentes.
1128 2596 1248 2662 Datum
1281 2600 1401 2682 Budae,
1434 2602 1466 2664 in
1498 2602 1578 2665 festo
1610 2601 1693 2665 beati

294 2702 380 2768 Petri
403 2705 444 2767 ad
466 2703 603 2769 vincula

221 2848 257 2903 20
446 2843 522 2925 Auf
537 2842 592 2906 dar
613 2842 770 2907 Rriclcaeile
784 2842 932 2906 Adrccse:
965 2842 1119 2907 Discretis
1141 2843 1220 2908 viris
1242 2844 1379 2927 capitulo
1394 2844 1619 2909 Transsiluano
1642 2845 1689 2908 di·

290 2947 381 3011 lectis
404 2946 464 3011 sibi
487 2953 520 3011 ct
540 2945 696 3011 fidelibus.

949 3224 1044 3310 330.

370 3410 462 3477 1311
494 3406 639 3479 oerore
666 3412 731 3480 aa
766 3409 883 3499 aaa
909 3359 1004 3479 narr
1030 3408 1188 3499 learnt
1215 3409 1270 3480 aa
1305 3408 1469 3480 canonae
1496 3409 1554 3481 aa
1579 3410 1696 3483 aanor

292 3551 355 3600 rec
382 3526 535 3619 Stephon
560 3552 623 3599 voa
650 3530 758 3599 1265
785 3528 852 3599 Nr.
881 3530 1136 3602 1091111111
1170 3528 1334 3603 Urkuadc
1360 3531 1419 3603 des
1445 3531 1579 3620 Kb'nips
1606 3530 1694 3603 Belo

224 3663 258 3717 25
286 3649 356 3736 fiir
388 3648 505 3720 Omnes
536 3647 948 3721 Oorlordosooa1233
976 3650 1043 3720 Nr.
1077 3654 1140 3721 67.

451 3811 527 3881 Orip.
546 3812 626 3882 Pcrp.
651 3812 985 3881 anar.Londeaarohi1·.
1010 3812 1097 3883 Sicpel
1108 3830 1168 3867 war
1180 3814 1344 3883 aaqchdnql,
1358 3815 1428 3881 jetti
1446 3814 1495 3867 mil
1513 3815 1599 3868 1111111
1611 3813 1695 3869 Str'cok

396 3899 445 3952 der
463 3898 609 3968 Dotirunp
628 3899 837 3968 obpeacbaitton.
865 3899 921 3954 Dic
939 3900 1114 3970 Erythraea
1131 3901 1221 3955 dieser
1245 3901 1340 3954 berula
1361 3900 1418 3967 aas
1431 3901 1553 3969 Kemlay
1570 3900 1694 3969 Diplom.

398 3984 534 4054 Supplevit.
552 3984 579 4051 1,
603 3989 646 4051 43,
670 3986 781 4039 welolrer
803 3987 857 4040 duo
880 3986 1017 4057 0119111111,
1042 3987 1085 4040 ala
1108 3988 1232 4041 docaalbc
1255 3987 1324 4042 nom
1346 3987 1543 4056 uahcachddipt
1560 4004 1628 4055 war,
1652 3989 1694 4042 bc-

397 4077 474 4126 mltat
491 4072 547 4125 hat.
1737 4082 1739 4085 '

225 4192 260 4247 ao
451 4192 562 4264 naar.-
581 4194 668 4261 1111
688 4193 778 4250 coca
795 4195 853 4263 xr,
871 4199 931 4251 502.

450 4369 588 4434 Karolus
611 4370 662 4434 dei
682 4372 784 4453 gratia
799 4370 994 4455 Hungariae,
1016 4370 1206 4453 Delmaciae,
1229 4370 1386 4453 Oroaciae,
1407 4370 1535 4452 Ramae,
1558 4371 1697 4453 Seruiae,

296 4473 454 4555 Gallinae,
477 4473 692 4555 Lodomeriae,
716 4473 885 4538 (lomaniae
909 4475 1142 4558 Bulgariaeque
1164 4494 1225 4538 rex
1248 4475 1397 4539 omnibus
1412 4474 1528 4539 Christi
1550 4474 1697 4540 fidelibus

295 4596 445 4661 praesens
475 4579 629 4661 scriptum
652 4580 843 4661 inspecturis
865 4578 1000 4642 salutem
1027 4579 1060 4641 in
1084 4580 1227 4641 omnium
1250 4577 1415 4641 salvatore.
1449 4578 1549 4642 Decet
1577 4579 1697 4663 regiam

295 4681 516 4746 excellentiam
547 4682 640 4746 iustis
662 4702 793 4766 precum
815 4683 976 4747 instantiis
1002 4682 1257 4746 condescendere
1280 4701 1413 4746 suorum
1435 4682 1635 4746 subditorum
1665 4689 1698 4746 ct

226 4791 260 4846 35
295 4783 446 4867 fidelium,
459 4791 495 4849 ut
506 4805 618 4849 eorum
629 4787 823 4851 intentiones
835 4788 874 4850 ad
888 4807 984 4871 opcra
995 4784 1156 4850 fidelitatis
1168 4785 1347 4850 exercenda
1359 4785 1534 4850 reddantur
1544 4787 1697 4869 prompti-

295 4909 375 4954 ores.
404 4889 544 4954 Proinde
567 4891 606 4953 ad
630 4892 854 4954 universorum
887 4896 951 4954 tam
973 4891 1187 4974 praesentium
1213 4910 1309 4973 quam
1339 4891 1522 4954 faunorum
1551 4890 1697 4954 nohhein

294 4994 408 5057 harum
424 4994 505 5058 serie
522 4994 673 5058 uolumus
687 4994 864 5078 pervenire,
882 4995 969 5076 quod
984 4993 1138 5058 accedens
1153 4993 1194 5057 ad
1208 5001 1350 5058 nostram
1363 4995 1576 5078 praesentiam
1591 5014 1697 5059 comes

295 5096 459 5179 Nycolaus
490 5098 530 5161 de
550 5096 699 5161 Tohnach
729 5096 864 5161 dilectus
894 5104 926 5161 et
954 5097 1058 5161 fidelis
1084 5104 1194 5161 noster
1222 5097 1309 5163 filius
1338 5099 1462 5163 comitis
1485 5099 1628 5163 Corlardi
1657 5098 1697 5162 ab

296 5200 415 5284 eadem,
445 5201 591 5265 exhibuit
621 5201 713 5265 nobis
742 5201 850 5264 literas
879 5200 1092 5285 privilegiales
1119 5202 1240 5265 domini
1270 5200 1421 5286 Stephani
1450 5203 1584 5267 iunioris
1614 5205 1698 5287 regis

226 5311 262 5366 40
296 5304 481 5389 Hungariae
496 5304 702 5369 illustrissimi
723 5304 975 5389 praedecessoris
998 5306 1097 5368 nostri
1121 5310 1263 5369 tenorem
1286 5305 1444 5390 privilegii
1467 5306 1587 5370 domini
1600 5307 1698 5372 Belae

297 5408 489 5473 serenissimi
513 5408 597 5491 regis
610 5407 795 5493 Hungariae
815 5409 915 5473 felicis
934 5409 1171 5493 recordationis,
1194 5410 1348 5474 carissimi
1363 5410 1575 5495 progenitoris
1596 5411 1698 5475 nostri

296 5512 494 5577 continentes
517 5531 614 5601 super
636 5512 806 5578 donatione
829 5514 995 5578 cuiusdam
1015 5519 1118 5578 terrae
1132 5512 1252 5596 Loysta
1273 5519 1405 5579 vocatae
1427 5514 1564 5579 coniecti
1584 5521 1698 5600 petens
