4086 6300
905 626 1061 721 Ατ-

284 816 367 899 parti
389 816 430 880 ad
453 813 622 880 dicendum
646 819 757 879 contra
778 814 940 899 praedicta
952 816 1109 898 producta
1128 815 1377 900 peremptorium
1391 813 1564 879 terminum
1585 813 1684 898 assig-

284 919 431 983 navimus
464 924 705 1003 competentem.
751 918 821 995 Quo
856 919 991 983 termino
1026 919 1216 984 adveniente
1253 918 1335 982 datis
1367 939 1387 982 a
1422 917 1683 1001 procuratoribus

283 1022 454 1104 utriusque
482 1023 581 1106 partis
611 1022 803 1104 quibusdam
833 1022 1077 1105 exceptionibus
1105 1029 1217 1087 contra
1245 1022 1407 1107 praedicta
1432 1022 1581 1085 mandata
1608 1021 1683 1084 hinc

283 1124 357 1189 inde
379 1126 457 1208 ipsis
486 1126 746 1210 procuratoribus
776 1125 998 1211 praesentibus
1029 1127 1069 1190 ad
1099 1126 1317 1210 replicandum
1344 1132 1456 1190 contra
1477 1125 1682 1209 exceptiones

230 1238 247 1289 5
282 1229 459 1313 praedictas
481 1230 730 1313 peremptorium
753 1229 925 1293 terminum
947 1234 1178 1312 competentem
1201 1230 1354 1294 duximus
1375 1229 1611 1312 assignandum
1643 1228 1683 1293 In

286 1351 351 1414 quo
375 1332 503 1413 quidem
535 1334 670 1396 termino
701 1333 775 1397 hinc
805 1334 880 1399 inde
904 1334 1094 1416 quibusdam
1117 1331 1378 1415 replicationibus
1404 1333 1494 1416 datis,
1524 1352 1585 1399 nos
1608 1334 1685 1415 quia

284 1435 323 1500 de
353 1435 510 1499 mandatis
539 1440 783 1519 procuratorum
816 1437 1051 1520 praedictorum
1085 1437 1279 1500 decanorum
1313 1441 1345 1501 et
1377 1442 1536 1501 rectorum
1570 1437 1683 1501 merito

284 1538 509 1620 dubitavimus,
532 1540 674 1622 ipsorum
697 1540 891 1604 decanorum
914 1546 947 1604 et
968 1547 1129 1605 rectorum
1150 1546 1374 1624 procuratores
1397 1540 1437 1605 de
1458 1545 1545 1605 recto
1568 1540 1683 1605 idonee

283 1642 317 1704 in
339 1642 456 1705 iudicio
478 1642 699 1725 praesentibus
721 1644 981 1727 procuratoribus
1010 1644 1109 1727 partis
1132 1643 1285 1708 adversae
1315 1663 1428 1708 cavere
1450 1644 1584 1709 fecimus
1605 1644 1684 1728 ipsis

216 1752 250 1807 10
286 1745 491 1810 nihilominus
514 1746 554 1809 ad
575 1746 816 1829 producendum
839 1746 1031 1811 sufficientia
1045 1748 1194 1811 mandata
1208 1748 1338 1811 nomine
1359 1748 1593 1832 praedictorum
1609 1768 1683 1813 cum

283 1846 493 1911 ratificatione
516 1854 659 1914 actorum
681 1852 714 1913 in
730 1869 828 1914 causa
848 1851 911 1913 ista
925 1850 986 1914 sub
1008 1870 1113 1933 poena
1134 1850 1343 1915 ducentarum
1359 1871 1537 1916 marcarum
1552 1852 1683 1936 argenti,

284 1957 516 2034 competentem
529 1954 700 2016 terminum
712 1960 896 2019 statuentes.
919 1953 1043 2018 Deinde
1059 1954 1228 2037 praedictis
1243 1955 1503 2038 procuratoribus
1514 1957 1684 2038 utriusque

283 2055 382 2138 partis
404 2056 437 2117 in
464 2055 582 2119 iudicio
613 2057 872 2140 comparentibus
903 2077 1010 2121 coram
1032 2058 1125 2121 nobis
1147 2058 1224 2141 ipsis
1245 2058 1467 2142 praesentibus
1497 2065 1529 2123 et
1550 2078 1684 2125 consen·

284 2158 437 2222 dentibus
459 2159 499 2221 ad
522 2158 661 2223 dandum
677 2166 709 2224 et
723 2161 941 2244 recipiendum
963 2161 1128 2226 hincinde
1149 2161 1273 2226 libellos
1295 2164 1363 2227 sive
1376 2164 1546 2246 petitiones
1561 2169 1685 2229 certum

217 2272 250 2323 15
286 2263 457 2326 terminum
479 2263 687 2345 praefiximus
709 2271 950 2348 competentem.
988 2263 1058 2341 Quo
1082 2267 1218 2330 termino
1241 2266 1431 2331 adveniente
1453 2266 1546 2330 dictis
1568 2285 1684 2350 procu·

286 2364 445 2430 ratoribus
476 2366 670 2430 decanorum
700 2373 732 2431 et
761 2372 923 2432 rectorum
945 2374 1066 2452 septem
1089 2368 1213 2433 libellos
1236 2368 1441 2434 offerentibus
1462 2370 1685 2453 praesentibus

285 2469 545 2552 procuratoribus
567 2472 665 2553 partis
681 2472 842 2555 adversae,
865 2478 943 2537 tunc
960 2472 1085 2537 libellos
1107 2473 1175 2538 sive
1190 2473 1359 2557 petitiones
1381 2473 1505 2556 aliquas
1527 2474 1604 2538 dare
1617 2492 1685 2537 non

286 2573 474 2637 curantibus
503 2573 581 2656 ipsis
610 2575 871 2657 procuratoribus
900 2577 1135 2660 praedictorum
1167 2577 1368 2641 dominorum
1402 2577 1550 2661 episcopi,
1583 2577 1684 2641 archi·

285 2676 501 2759 diaconorum,
531 2678 757 2742 canonicorum
788 2686 820 2743 et
849 2680 980 2763 capituli
1009 2680 1049 2743 ad
1078 2680 1337 2764 respondendum
1367 2681 1459 2745 dictis
1483 2680 1600 2745 libellis
1621 2686 1685 2745 ter·

215 2786 250 2841 20
285 2779 408 2843 minum
429 2782 678 2864 peremptorium
699 2782 932 2865 assignavimus
947 2789 1188 2867 competentem.
1213 2784 1253 2847 In
1276 2803 1341 2866 quo
1363 2784 1499 2848 termino
1522 2783 1605 2849 datis
1626 2803 1684 2867 per

284 2889 507 2967 procuratores
536 2885 772 2968 praedictorum
802 2885 1004 2952 dominorum
1033 2887 1181 2971 episcopi,
1216 2887 1520 2969 archidiaconorum,
1552 2887 1683 2951 canoni-

284 3006 394 3052 corum
426 2994 459 3052 et
487 2987 618 3072 capituli
648 2989 838 3070 quibusdam
869 2991 1112 3074 exceptionibus
1142 2996 1253 3054 contra
1281 2990 1458 3074 praedictos
1490 2990 1615 3055 libellos
1647 3010 1685 3054 ac

285 3090 546 3175 replicationibus
574 3112 632 3175 pro
660 3099 750 3177 parte
781 3094 974 3159 decanorum
1005 3100 1037 3158 et
1059 3100 1218 3158 rectorum
1249 3094 1429 3158 subsecutis
1454 3112 1581 3158 necnon
1609 3093 1685 3157 alle·

284 3195 465 3276 gationibus
495 3214 592 3278 super
623 3196 715 3260 dictis
744 3196 859 3261 libellis
892 3197 931 3262 ab
962 3198 1131 3279 utriusque
1164 3198 1263 3281 partis
1296 3196 1458 3260 advocatis
1491 3196 1592 3279 iactis,
1624 3214 1684 3259 nos

216 3304 250 3359 25
284 3298 544 3382 procuratoribus
571 3300 806 3382 praedictorum
836 3301 1037 3365 dominorum
1060 3301 1253 3366 decanorum
1276 3305 1309 3364 et
1330 3305 1490 3364 rectorum
1518 3300 1559 3364 ad
1581 3298 1685 3364 decla·

285 3401 421 3465 randum
451 3402 576 3485 aliquos
598 3421 640 3465 ex
662 3403 832 3486 praedictis
857 3403 972 3469 libellis
995 3404 1167 3467 terminum
1190 3402 1343 3467 duximus
1365 3403 1580 3467 statuendum.
1616 3402 1684 3466 Ad·

285 3505 434 3569 veniente
469 3523 545 3569 vero
579 3506 663 3569 dicto
697 3506 832 3570 termino
866 3510 899 3570 et
932 3506 1199 3571 declarationibus
1234 3526 1292 3590 pro
1326 3511 1416 3590 parte
1449 3506 1685 3590 praedictorum

286 3609 488 3672 dominorum
518 3607 711 3672 decanorum
741 3613 774 3671 et
804 3615 964 3672 rectorum
993 3610 1094 3692 iactis,
1123 3610 1384 3692 procuratoribus
1412 3610 1511 3693 partis
1533 3609 1685 3674 adversae

286 3712 326 3774 ad
348 3712 518 3776 dicendum
547 3716 659 3775 conus
689 3711 866 3795 praedictas
895 3712 1124 3776 declarationes
1146 3712 1318 3776 terminum
1341 3712 1573 3795 assignavimus
1598 3731 1685 3776 com·

217 3821 252 3876 30
286 3820 456 3899 petentem,
493 3816 527 3877 in
562 3834 626 3897 quc
662 3816 743 3879 datis
777 3814 968 3896 quibusdam
998 3814 1201 3899 generalibus
1234 3814 1476 3898 exceptionibus
1508 3834 1566 3898 pro
1595 3820 1685 3898 parte

287 3917 488 3981 dominorum
511 3918 659 4002 episcopi,
682 3917 977 3982 archidiaconorum
1007 3925 1040 3983 et
1061 3920 1288 3982 canonicorum
1310 3925 1343 3983 et
1364 3917 1496 4001 capituli
1516 3936 1585 3999 nos,
1607 3917 1686 4000 ipsis

287 4041 352 4084 ucn
374 4019 583 4104 obstantibus,
606 4021 646 4084 ad
660 4021 906 4086 contestandum
919 4021 1008 4085 litem
1027 4023 1061 4086 in
1083 4023 1141 4086 hac
1156 4041 1253 4086 causa
1267 4042 1364 4106 super
1385 4020 1555 4105 praedictis
1569 4018 1685 4084 libellis

287 4125 457 4207 utriusque
485 4124 585 4207 partis
613 4124 874 4208 procuratoribus
904 4125 1076 4188 terminum
1106 4125 1337 4209 assignavimus
1366 4128 1607 4208 competentem.
1645 4121 1685 4186 In

289 4246 352 4309 quo
375 4228 511 4292 termino
533 4228 790 4311 comparentibus
811 4227 1072 4312 procuratoribus
1094 4230 1381 4313 utriusquepartis
1403 4228 1561 4292 dictorum
1584 4226 1685 4290 domi·

217 4339 251 4392 35
287 4350 403 4395 uorum
431 4331 580 4414 episcopi,
613 4331 916 4414 archidiaconorum,
948 4332 1174 4396 canonicorum
1204 4338 1237 4397 et
1266 4331 1396 4415 capituli
1425 4328 1685 4414 procuratoribus

287 4434 477 4516 petentibus,
509 4452 543 4498 se
565 4453 630 4497 non
654 4434 800 4518 compelli
829 4435 869 4498 ad
891 4436 979 4498 litem
1001 4435 1245 4499 contestandum
1268 4442 1301 4500 et
1322 4434 1546 4517 asserentibus,
1573 4452 1608 4498 se
1631 4432 1686 4497 da·

286 4543 377 4601 turos
406 4537 530 4602 libellos
559 4538 856 4603 reconventionales
885 4544 997 4602 contra
1024 4539 1202 4622 praedictos
1233 4539 1370 4603 decanos
1392 4542 1425 4601 et
1446 4543 1595 4619 rectores,
1625 4555 1685 4600 nos

286 4641 458 4704 terminum
480 4641 677 4725 praedictum
699 4641 921 4725 praesentibus
942 4642 1111 4723 utriusque
1133 4642 1232 4725 partis
1254 4639 1516 4726 procuratoribus
1538 4640 1578 4703 ad
1600 4638 1685 4703 idem

287 4744 328 4807 ad
349 4748 467 4809 certam
489 4744 574 4808 diem
603 4750 834 4828 competentem
865 4744 1017 4809 duximus
1045 4744 1291 4829 prorogandum.
1328 4740 1398 4819 Qua
1420 4743 1471 4807 die
1493 4742 1684 4807 adveniente

217 4855 253 4910 40
287 4847 548 4931 procuratoribus
578 4848 747 4931 praedictis
777 4868 884 4912 coram
912 4847 1005 4912 nobis
1034 4847 1067 4911 in
1102 4847 1220 4912 iudicio
1250 4845 1431 4911 constitutis
1463 4849 1687 4930 procuratores

286 4951 521 5034 praedictorum
537 4951 740 5015 dominorum
754 4952 903 5036 episcopi,
925 4950 1219 5015 archidiaconorum
1235 4955 1268 5014 et
1282 4948 1414 5033 capituli
1429 4966 1547 5012 novem
1560 4945 1686 5011 libellos

287 5053 583 5118 reconventionales
605 5058 717 5118 contra
738 5055 916 5138 praedictos
932 5056 1077 5119 dominos
1100 5053 1237 5118 decanos
1252 5059 1285 5118 et
1306 5058 1446 5117 rectores
1461 5050 1686 5116 exbibuerunt.

288 5155 412 5233 Quibus
442 5157 591 5222 exhibitis
620 5155 882 5241 procuratoribus
912 5157 1011 5240 partis
1033 5157 1184 5222 adversae
1207 5156 1247 5220 ad
1269 5156 1528 5241 respondendum
1549 5154 1627 5240 ipsis
1648 5153 1687 5216 li·

287 5261 378 5326 bellis
408 5262 580 5326 terminmn
611 5260 843 5345 assignavimus
873 5263 1114 5342 competentem,
1145 5265 1177 5324 et
1206 5260 1358 5323 continuo
1381 5278 1439 5343 per
1463 5263 1687 5342 procuratores

218 5372 253 5426 45
289 5365 459 5448 utriusque
487 5366 586 5449 partis
616 5384 713 5449 super
733 5363 849 5429 libellis
879 5363 1082 5427 dominorum
1111 5363 1305 5427 decanorum
1327 5369 1360 5426 et
1381 5366 1541 5426 rectorum
1564 5361 1603 5426 lis
1625 5361 1688 5424 fuit

289 5469 430 5553 legitime
452 5490 489 5533 ac
511 5469 697 5534 sollenniter
719 5472 904 5552 contestata,
925 5484 1052 5530 necnon
1075 5470 1108 5529 et
1129 5466 1169 5530 de
1190 5465 1351 5529 calumnia
1368 5464 1575 5548 corporaliter
1595 5464 1687 5528 tactis

394 5597 586 5647 urkundenbuch.
1549 5580 1583 5636 2?
