4086 6300
968 613 1123 709 Al-

346 814 381 866 se
402 802 442 865 ad
464 801 696 867 haereticorum
718 801 946 866 exterminium
968 802 1162 886 attingerint‚
1192 800 1424 885 indulgentiam
1453 800 1639 884 concedant,
1663 820 1745 883 quae

346 906 414 969 dari
444 907 613 970 consuevit
638 905 861 970 accedentibus
882 906 916 968 in
939 905 1118 969 subsidium
1140 910 1243 970 terrae
1265 912 1401 970 sanctae.
1433 905 1553 969 Datum
1575 904 1745 988 dunione,

345 1009 499 1074 Kalendis
521 1009 695 1092 Februarii,
717 1009 922 1095 pontificatus
944 1010 1045 1073 nostri
1068 1029 1152 1074 anno
1174 1009 1352 1073 undecimo.

996 1303 1094 1385 454.

421 1465 580 1558 Aoiqooo
598 1469 706 1540 1327
731 1466 892 1539 Febmor
908 1470 939 1537 1.
967 1465 1077 1558 Popst
1093 1465 1235 1538 Jobonn
1256 1466 1388 1538 XXII.
1416 1465 1587 1558 empfiablt
1612 1466 1651 1538 io
1668 1464 1745 1537 drei
1779 1483 1797 1537 5

339 1588 635 1679 plcicblautcadca
660 1587 849 1661 Urlcwaden
879 1588 935 1660 dic
958 1610 1066 1679 pecca
1092 1588 1148 1660 dic
1165 1586 1373 1660 Haeretilaer
1390 1587 1654 1678 carneadem
1670 1585 1743 1658 Do-

342 1710 537 1782 minuerer
563 1708 802 1782 denseletae
828 1709 887 1781 deo
912 1709 1014 1781 Bana
1035 1732 1099 1781 ooo
1117 1706 1301 1781 Slcvoaiao
1317 1708 1446 1796 Mitto,
1474 1709 1533 1781 deo
1549 1708 1743 1781 01001110-

338 1831 479 1920 pecto
504 1829 700 1904 Woiwodcn
720 1830 868 1903 Tbomoc
893 1830 966 1902 otc
992 1830 1051 1901 des
1077 1828 1227 1902 vaivoda
1243 1828 1499 1923 Transalpinas
1517 1826 1683 1902 Bazaras.

422 1949 553 2023 Datum
582 1951 762 2043 Avinioue,
787 1949 957 2023 Kalendis
984 1948 1174 2042 Februarii,
1200 1972 1292 2023 anno
1317 1949 1504 2021 undecimo.

499 2114 625 2184 Rectam
647 2114 857 2169 Vatiicootacbes
874 2114 986 2170 Arabio.
1004 2144 1039 2155 -
1061 2113 1122 2169 Der
1144 2113 1210 2168 Text
1226 2113 1316 2170 ὤσειν
1338 2112 1489 2168 Urbandeo
1512 2113 1613 2166 stimmt
1631 2112 1674 2168 bis
1691 2112 1749 2181 auf
1779 2113 1813 2168 10

446 2201 491 2255 die
509 2201 628 2255 Adrestae
645 2202 695 2255 mit
713 2202 773 2256 dem
794 2201 860 2255 Text
877 2218 930 2255 ooo
948 2200 1001 2254 Nr.
1019 2204 1072 2255 153
1088 2201 1210 2255 abacto.

497 2322 610 2392 Repeti:
632 2323 748 2377 lloeiocr
766 2323 844 2377 Mon.
863 2322 959 2392 Hunc.
977 2321 1004 2389 1,
1022 2325 1083 2377 513.
1107 2321 1291 2377 Deaeacioou
1309 2322 1476 2377 Docmoentc
1493 2324 1553 2375 601.

995 2602 1091 2685 455.

418 2768 526 2837 1327
552 2764 658 2857 April
683 2770 751 2839 27.
783 2767 901 2857 Kdoip
926 2766 1021 2837 Karl
1047 2765 1205 2858 bestdtipt
1229 2768 1322 2839 aciae
1356 2764 1521 2837 Urbanos
1546 2787 1611 2836 oon
1638 2765 1743 2835 1322

341 2886 407 2957 Nn.
431 2888 515 2959 305
535 2887 719 2978 betreffcad
741 2888 797 2960 dic
823 2886 1029 2979 Verloibuaq
1046 2910 1111 2959 ooo
1127 2886 1357 2979 Loopcntbol,
1377 2885 1596 2977 Fcipendorfi
1616 2884 1743 2956 Paood
1777 2899 1811 2953 15

338 3008 413 3080 und
438 3006 597 3080 Sabiona
623 3032 671 3081 aa
698 3007 877 3097 Nikoloas,
907 3007 1000 3081 Sota
1032 3001 1238 3080 Oorrordas'
1265 3032 1329 3081 ooo
1360 3006 1557 3080 Talmescb:

496 3172 700 3242 Einpcscboltet
715 3189 769 3227 oon
781 3173 841 3227 dem
858 3172 1082 3241 Weissenburqer
1095 3171 1299 3241 Kopite11370‚
1320 3170 1396 3241 Orio.
1414 3171 1519 3241 Uayar.
1531 3167 1741 3224 Londaaorcbio

442 3258 648 3327 1101109111-
672 3258 729 3314 Dic
751 3260 881 3315 Urkande
904 3275 958 3313 oon
977 3261 1047 3312 1370
1069 3258 1107 3313 iet
1129 3258 1319 3328 dnpoecbdtet
1342 3274 1396 3312 ooo
1420 3258 1479 3311 dem
1504 3256 1621 3311 Palatio
1638 3254 1742 3323 «Ioseph

443 3348 484 3399 16.
504 3345 635 3400 Februoo
653 3350 729 3412 1841,
755 3346 944 3414 wacbustlicb
967 3345 999 3398 iu
1027 3344 1150 3399 Trauacb
1173 3344 1296 3413 Diplom.
1318 3343 1470 3399 ibanasilo.
1489 3341 1594 3398 Samon.
1612 3341 1647 3408 1.,
1672 3341 1741 3395 abac

442 3431 559 3500 Aspobc
575 3432 625 3486 der
643 3431 743 3502 Qualia
1774 3425 1810 3480 20

495 3551 608 3622 cheu:
626 3553 714 3619 sajo
734 3552 824 3608 cona
841 3552 978 3623 11167.

499 3709 637 3775 Karolus
659 3711 710 3775 dei
733 3712 834 3794 gratia
855 3711 1049 3795 Hungariac,
1070 3710 1261 3793 Dalmaciao‚
1280 3709 1438 3793 Groaciae,
1459 3708 1587 3792 Ramae,
1610 3707 1740 3772 Seruiac

341 3812 500 3895 Galliciao,
530 3813 745 3898 Indomeriae,
776 3816 948 3880 Cumaniae
970 3815 1204 3899 Balgariaoque
1233 3834 1301 3897 rex,
1331 3814 1479 3898 princeps
1508 3811 1740 3877 Sallernitanus

343 3924 376 3981 et
397 3917 527 3982 honoris
549 3938 586 3982 ac
616 3919 733 3984 montis
762 3920 863 3983 sancti
884 3918 1001 4002 Angeli
1023 3918 1171 3982 dominus
1197 3918 1345 3981 omnibus
1367 3916 1483 3983 Christi
1504 3913 1653 3980 fidelibus
1676 3919 1740 3977 tam

338 4021 560 4105 praesentibus
583 4041 678 4104 quam
694 4023 812 4087 futuris
826 4023 1043 4106 praesentium
1058 4022 1203 4085 notitiam
1219 4021 1374 4085 habituris
1389 4021 1522 4084 salutem
1545 4019 1580 4081 in
1596 4017 1738 4082 omnium
1774 4020 1809 4076 25

342 4125 508 4190 salvatore.
531 4125 612 4190 Cum
634 4127 768 4191 anobis
790 4128 917 4211 petitur,
940 4126 1027 4209 quod
1046 4127 1167 4190 iustum
1189 4132 1238 4191 est
1259 4130 1292 4189 et
1312 4124 1493 4206 honestum,
1515 4123 1607 4187 decet
1620 4121 1739 4203 regiam

339 4229 535 4294 maiestatem
558 4229 682 4294 facilem
704 4230 855 4314 praebere
875 4249 1067 4294 consensum
1088 4230 1123 4292 in
1146 4229 1194 4293 his
1209 4229 1387 4313 praecipue,
1411 4246 1494 4309 quac
1515 4245 1648 4290 suorum
1663 4223 1739 4289 sub·

339 4332 480 4397 ditorum
510 4333 685 4398 commodis
714 4333 835 4399 utiliter
864 4334 1016 4398 videntur
1045 4334 1225 4397 convenire.
1268 4331 1409 4396 Proinde
1441 4330 1481 4394 ad
1514 4329 1736 4393 universorum

337 4437 483 4501 notitiam
516 4438 629 4501 harum
663 4437 745 4501 serie
777 4436 929 4500 volumus
958 4437 1135 4521 pervenire,
1169 4436 1257 4517 quod
1290 4434 1440 4518 magister
1468 4432 1621 4498 Nicolaus
1653 4430 1738 4494 filins

338 4540 487 4605 (lorrardi
516 4541 556 4605 de
577 4539 726 4604 Tolmach
755 4541 855 4623 partis
879 4540 1122 4605 lbanssiluanae
1153 4539 1299 4604 exhibuit
1327 4537 1420 4601 nobis
1450 4536 1610 4620 quoddam
1640 4534 1738 4620 privi-
1773 4541 1809 4596 ³0

337 4644 457 4728 legium
478 4650 625 4709 nostrum
640 4642 700 4707 sub
723 4644 821 4727 priori
844 4649 877 4707 et
891 4644 1024 4725 antiquo
1040 4643 1142 4728 sigillo
1159 4649 1268 4706 nostro
1292 4660 1390 4727 super
1404 4642 1507 4725 gratia
1520 4647 1553 4704 et
1567 4639 1738 4704 donatione

337 4746 473 4812 interius
495 4747 655 4833 expressis
676 4765 734 4830 per
755 4767 815 4811 nos
838 4748 897 4811 sibi
920 4748 1078 4812 concessis
1093 4747 1275 4811 coniectum
1298 4752 1330 4811 et
1345 4745 1496 4827 habitum,
1518 4748 1630 4828 petens
1644 4760 1739 4826 prece

337 4851 523 4934 subiectiva,
544 4857 582 4915 ut
604 4851 724 4915 dictum
755 4851 957 4934 privilegium
985 4852 1153 4933 antiquum
1176 4856 1281 4914 ratum
1303 4849 1419 4914 habero
1449 4853 1482 4912 ot
1503 4854 1612 4912 nostro
1634 4846 1737 4930 sigillo

337 4973 422 5018 novo
450 4958 482 5018 et
511 4954 693 5017 authentico
723 4953 783 5018 sibi
813 4960 846 5018 et
874 4956 941 5019 suis
963 4955 1098 5039 posteris
1127 4955 1167 5019 de
1198 4954 1392 5039 benignitate
1417 4952 1505 5036 regia
1533 4951 1738 5033 dignaremur

337 5056 534 5122 confirmare.
567 5057 667 5122 Cuius
689 5063 782 5123 tenor
803 5059 875 5124 talis
897 5065 953 5123 est
990 5057 1094 5143 (Folpt
1116 5057 1165 5123 die
1194 5054 1341 5123 Urlmode
1362 5056 1415 5121 das
1435 5052 1554 5138 Koniqa
1575 5051 1659 5117 Karl
1680 5072 1738 5116 oon
1771 5061 1806 5116 35

336 5161 426 5225 1322
447 5159 506 5226 Nr.
537 5161 632 5242 395.)
667 5161 735 5226 Nos
764 5162 873 5243 itaque
901 5163 1046 5246 inspecta
1073 5162 1258 5247 praescripti
1290 5160 1447 5246 privilegii
1476 5159 1578 5223 nostri
1603 5158 1738 5223 verimtc

341 5263 474 5348 dignum
503 5265 572 5328 fore
600 5265 817 5347 decernentes,
847 5272 884 5330 ut
905 5272 1026 5349 quanto
1053 5267 1223 5349 quisquam
1243 5266 1387 5330 fidelium
1412 5264 1499 5348 regia
1520 5261 1739 5327 munificentia

337 5369 457 5452 potitus
485 5388 544 5452 pro
574 5375 703 5452 accepto
733 5387 903 5434 concessae
937 5369 1118 5434 donationis
1147 5389 1279 5434 munere
1307 5369 1484 5433 ferventius
1510 5387 1545 5433 se
1567 5368 1607 5431 ad
1630 5366 1737 5431 obser·

337 5472 481 5539 nudam
501 5471 665 5538 fidelitatis
694 5474 906 5539 oemtantiam
935 5473 1048 5539 nititur
1076 5472 1236 5559 applicari,
1269 5478 1357 5538 tanto
1390 5470 1515 5538 firmius
1546 5471 1582 5535 in
1614 5469 1740 5535 collatis
