4088 6292
937 582 1092 679 -mss

311 772 589 837 comminationem
613 772 819 836 continebant
833 773 920 856 ipsae
941 773 1061 853 literae,
1084 777 1117 836 91
1130 791 1229 856 penes
1244 791 1340 854 quem
1362 792 1416 835 eas
1438 771 1570 853 viderat
1593 777 1626 836 91
1649 791 1713 853 999

312 878 372 958 die,
395 896 480 941 anno
504 882 535 941 et
557 897 621 958 999
645 895 754 941 mense
769 884 801 941 et
818 877 934 958 quibus
956 877 1177 959 praesentibus
1194 884 1226 941 et
1249 876 1352 957 qualis
1375 882 1459 939 esset
1481 895 1590 940 earum
1612 881 1713 941 tenor.

468 980 549 1045 Item
572 980 667 1044 etiam
690 982 809 1065 excipit
830 988 941 1044 contra
967 981 1045 1044 alios
1069 988 1173 1059 testes,
1197 982 1252 1061 qui
1276 980 1395 1059 dicunt,
1426 999 1461 1043 se
1484 980 1584 1045 dictas
1606 980 1715 1045 literas
1741 986 1802 1039 ΠΗ.

313 1086 434 1151 domini
457 1084 611 1149 19119199
633 1086 760 1165 1111999,
787 1105 926 1167 quornm
949 1085 1032 1148 dicta
1056 1091 1218 1165 tamqnam
1240 1083 1462 1147 certitudinem
1486 1086 1716 1149 condicentes

261 1197 277 1247 5
313 1189 433 1252 nullam
456 1189 551 1252 fidem
575 1187 704 1269 iaciunt,
737 1208 795 1253 nec
818 1190 930 1253 dicunt
959 1188 999 1252 de
1021 1208 1116 1269 anno,
1146 1207 1255 1252 mense
1281 1193 1313 1251 et
1336 1188 1395 1251 die.
1428 1188 1598 1252 Praeterea
1619 1192 1716 1252 testes

312 1313 409 1377 supra
424 1293 500 1355 dicti
515 1298 548 1357 et
563 1292 615 1355 alii
637 1293 671 1354 in
694 1292 787 1356 dictis
808 1293 908 1356 literis
931 1299 963 1356 et
980 1292 1235 1357 attestationibus
1257 1292 1399 1355 contenti
1422 1297 1455 1356 91
1470 1291 1531 1354 alia
1545 1292 1580 1355 in
1595 1291 1715 1356 eisdem

312 1415 465 1480 expressa
495 1396 616 1459 nullam
646 1396 862 1479 impedimenti
891 1396 1023 1478 legitimi
1045 1396 1264 1479 probationem
1296 1396 1426 1476 faciunt
1457 1415 1517 1459 nec
1540 1395 1632 1460 dictis
1662 1415 1715 1459 eo-

312 1500 446 1564 rundem
463 1501 592 1565 testium
613 1501 762 1564 standum
785 1505 905 1564 991999
928 1499 1007 1563 fides
1029 1500 1137 1581 aliqua
1156 1499 1342 1582 adhibenda,
1364 1519 1438 1563 cnm
1459 1501 1524 1563 sint
1538 1500 1716 1583 singulares

312 1625 349 1668 ao
370 1604 499 1681 incerti·
516 1610 549 1667 91
571 1605 818 1688 superinsertis
841 1623 952 1667 eornm
975 1606 1184 1668 intentionem
1207 1604 1367 1667 dixenrnt

247 1713 280 1767 10
471 1708 576 1784 Quare
598 1727 639 1771 ex
663 1708 831 1791 praedictis
855 1713 887 1771 et
908 1708 987 1787 aliis,
1011 1726 1092 1789 quae
1107 1712 1215 1770 vestra
1236 1706 1356 1770 domini
1379 1707 1533 1771 auditoris
1555 1708 1716 1792 supplebit

315 1812 471 1892 discretio,
502 1813 583 1896 petit
604 1811 770 1895 Philippus
801 1812 995 1875 substitutus
1020 1812 1202 1894 praedictus
1224 1812 1353 1875 nomine
1385 1830 1448 1892 quo
1477 1832 1576 1896 supra
1604 1831 1715 1876 omnes

312 1916 511 1980 adversarios
533 1936 609 1980 snos
631 1917 809 2000 praedictos
831 1923 994 1997 tamquam
1010 1916 1312 1997 excommunicatos,
1335 1923 1368 1979 et
1390 1915 1515 1979 nullum
1537 1915 1715 1999 legitimum

312 2019 574 2104 impedimentum
604 2020 776 2104 probantes
802 2021 953 2083 continue
975 2019 1101 2103 publice
1125 2016 1278 2082 nunciari.
1312 2018 1354 2082 Et
1377 2020 1453 2101 quia
1482 2020 1558 2084 dicti
1588 2019 1714 2103 plebani

311 2129 343 2188 et
365 2124 543 2207 singulares
565 2144 720 2207 personae
742 2124 1082 2188 excommunicationis
1106 2144 1143 2186 ac
1166 2123 1392 2187 universitates
1414 2124 1594 2207 praedictae
1615 2123 1715 2187 inter·

245 2236 277 2287 15
313 2226 388 2291 dicti
404 2229 578 2292 sententias
592 2247 650 2311 per
665 2248 723 2291 vos
738 2228 818 2291 latas
841 2227 996 2292 malitiose
1011 2233 1043 2291 et
1058 2228 1206 2291 indurato
1233 2227 1338 2289 animo
1354 2227 1475 2290 diutins
1491 2227 1715 2291 sustinuerunt

313 2336 345 2394 et
366 2332 534 2412 sustinent,
557 2333 637 2415 petit
659 2351 713 2395 eos
736 2332 901 2414 aggravari
924 2341 956 2395 et
977 2336 1089 2394 contra
1111 2350 1166 2394 999
1189 2331 1229 2394 91
1252 2331 1313 2394 aha
1335 2332 1482 2414 graviora
1503 2330 1641 2414 procedi.

469 2436 636 2500 Praedicta
665 2436 741 2498 dicit
763 2435 802 2497 ad
832 2455 982 2518 praesens
1004 2434 1171 2518 Philippus
1198 2440 1386 2518 procurator
1407 2435 1589 2519 praedictus
1618 2434 1715 2498 salvis

313 2540 373 2604 sibi
399 2539 470 2603 aliis
492 2559 551 2603 sno
574 2540 644 2602 loco
667 2546 699 2603 et
723 2545 863 2621 tempere
886 2539 984 2602 verbo
1008 2540 1097 2603 etin
1123 2539 1249 2622 scriptis
1271 2539 1368 2602 latius
1390 2538 1615 2623 proponendis,
1642 2558 1715 2622 pro·

312 2648 448 2708 testatur
470 2645 565 2707 etiam
588 2644 627 2707 de
649 2644 800 2727 expensis
822 2643 913 2707 factis
937 2648 969 2706 et
990 2642 1150 2707 faciendis.

242 2752 277 2805 20
468 2746 591 2823 Quibus
613 2747 713 2810 literis
736 2754 768 2811 ct
783 2747 1025 2830 exceptionibus
1048 2747 1199 2810 exhibitis
1222 2747 1327 2810 dictus
1345 2747 1494 2810 dominns
1516 2746 1643 2809 auditor
1665 2765 1714 2810 as·
1748 2751 1887 2806 Terminus

310 2851 448 2933 signavit
478 2853 649 2915 terminum
680 2851 840 2935 praedicto
872 2850 1000 2914 1οωί99
1024 2849 1174 2913 Bertoldo
1203 2850 1242 2912 ad
1273 2850 1492 2934 recipiendum
1522 2849 1645 2933 copiam
1675 2849 1714 2912 de
1753 2829 1883 2962 ffiglllil'

311 2955 430 3018 eisdem
460 2960 493 3018 et
515 2956 554 3018 ad
576 2955 804 3038 rephcandum,
835 2956 863 3019 si
885 2954 1031 3033 voluerit,
1062 2958 1095 3016 et
1116 2953 1194 3017 alias
1223 2955 1263 3017 ad
1285 2953 1522 3038 procedendum
1544 2954 1580 3016 in
1610 2972 1714 3035 causa,
1795 3002 1843 3055 pm

311 3065 348 3123 91
370 3060 409 3124 19
431 3060 501 3123 inre
521 3060 627 3142 tuerit
650 3061 689 3123 ad
712 3060 794 3124 diem
811 3060 922 3122 Martis
944 3059 1089 3142 proxime
1100 3058 1120 3135 ¹)
1143 3058 1289 3121 futurum
1307 3036 1398 3122 ruli.
1421 3058 1541 3121 mensis
1563 3057 1714 3121 eiusdem.
1764 3063 1873 3118 doricis.

465 3162 525 3226 Die
545 3163 656 3227 Martis
679 3141 769 3245 xlii,
793 3164 867 3227 dicti
892 3164 1009 3227 mensis
1032 3162 1107 3226 Maii
1130 3163 1387 3246 comparentibus
1410 3162 1444 3224 in
1466 3161 1583 3225 iudicio
1606 3180 1711 3224 coram
1751 3168 1884 3223 Exhibitie

241 3272 276 3325 25
312 3266 395 3331 dicto
419 3267 547 3330 domino
571 3268 716 3331 auditore
738 3267 999 3351 procuratoribus
1019 3267 1188 3347 utriusque
1210 3266 1308 3349 partis
1330 3265 1509 3349 praedictis,
1531 3265 1636 3328 dictus
1657 3264 1713 3328 do·
1751 3245 1886 3336 istim

310 3371 417 3435 minus
440 3371 611 3435 Bertoldus
634 3371 780 3435 exhibuit
801 3377 914 3435 999119
935 3371 1035 3434 dictas
1065 3371 1173 3434 literae
1196 3375 1228 3433 et
1250 3370 1455 3453 exceptiones
1477 3368 1636 3433 exhibitas
1657 3387 1714 3452 per
1739 3323 1895 3474 19ξῇ1ζῇ

311 3475 430 3539 dictim
452 3476 638 3558 magistrum
662 3475 843 3559 Philippum
875 3476 1028 3557 quasdam
1051 3475 1159 3538 literas
1181 3475 1332 3558 sigillatas
1353 3494 1372 3536 a
1394 3479 1483 3555 tergo
1504 3478 1538 3536 et
1560 3471 1712 3554 quasdam
1763 3481 1873 3537 clericis.

310 3579 531 3663 replicationes
555 3580 587 3641 in
611 3579 743 3662 scriptis.
767 3577 910 3655 Quarum
934 3579 1096 3642 literarum
1119 3584 1212 3642 tenor
1234 3578 1305 3642 talis
1328 3582 1383 3642 est

465 3683 653 3747 Reverendo
678 3683 710 3744 in
735 3683 860 3746 Christo
891 3685 971 3766 patri
994 3691 1027 3747 et
1048 3683 1176 3746 domino
1208 3682 1337 3745 domino
1361 3679 1479 3745 Gentili
1501 3680 1605 3763 legato
1629 3680 1713 3744 sedis
1739 3689 1827 3744 litera
1846 3706 1894 3759 pro

241 3791 276 3845 30
311 3786 1118 3871 99991911999991191991199911991(1199119999
1148 3788 1288 3851 decanus
1310 3786 1475 3849 Viniensis
1501 3784 1712 3848 obedientiam
1761 3766 1871 3822 ⁰¹0fi0l2·

311 3892 343 3955 in
367 3892 494 3955 domino
517 3891 653 3954 filialem.
685 3890 912 3955 Praesentibus
933 3909 1040 3952 coram
1070 3891 1267 3974 paternitatis
1289 3896 1415 3953 vestrae
1441 3889 1542 3972 gratia
1570 3886 1713 3971 significo

310 4002 343 4060 91
371 4002 539 4079 protestor,
570 3996 656 4076 9991
679 3995 797 4058 domini
822 3995 948 4078 plebani
971 3994 1011 4058 de
1039 4001 1158 4077 septem
1176 3993 1323 4078 capitulis
1345 3993 1385 4057 de
1408 3992 1529 4057 Scebns
1557 3991 1714 4074 videlicet

310 4101 351 4165 de
372 4101 497 4185 Sprinlr,
528 4099 568 4163 de
598 4098 697 4176 11991,
728 4099 768 4162 19
798 4098 900 4179 Kyzd,
930 4093 1714 4161 19991911911919911119191199119011991

310 4205 434 4269 exitum
449 4205 660 4287 petiverunta
673 4203 811 4265 vaivoda
825 4201 969 4265 Ladislao
982 4202 1022 4265 ad
1031 4201 1242 4285 praesentiam
1250 4207 1398 4281 vestram,
1411 4205 1444 4263 et
1450 4199 1491 4263 ob
1507 4200 1567 4262 hoc
1578 4199 1714 4263 nuncios

240 4317 274 4368 35
310 4309 470 4373 sollennes
494 4307 727 4386 ordinaverant,
755 4308 810 4388 qui
832 4307 932 4371 literis
955 4308 1022 4370 suis
1044 4307 1090 4370 eis
1112 4305 1282 4388 denegavit
1303 4305 1436 4384 exitum,
1469 4304 1531 4366 nisi
1553 4303 1713 4367 abrenun-

309 4413 431 4475 ciarent
459 4410 662 4495 appellationi
692 4429 776 4473 suae.
812 4410 906 4474 Unde
936 4409 995 4473 sub
1026 4416 1133 4473 vestra
1163 4408 1343 4473 obedientia
1376 4413 1501 4471 vestrae
1531 4407 1714 4491 paternitati

309 4517 341 4579 id
357 4514 486 4579 notifico
510 4517 653 4595 9199999,
676 4514 813 4579 ulterius
835 4513 1074 4594 innotescendo
1097 4513 1183 4593 quod
1206 4513 1268 4575 iam
1292 4512 1367 4575 dicti
1389 4511 1510 4575 domini
1532 4510 1572 4574 de
1594 4509 1713 4575 eisdem

310 4619 455 4704 capitulis
485 4619 525 4682 ad
556 4621 662 4682 omnia
691 4620 840 4682 mandata
862 4623 969 4681 vestra
998 4624 1075 4680 sunt
1097 4617 1289 4695 obedientes,
1319 4624 1351 4679 et
1382 4634 1509 4679 omnem
1539 4633 1713 4699 expensam

309 4730 446 4789 vestram
476 4728 617 4807 paratam
648 4730 938 4807 comportaverunt
968 4728 1132 4803 tamquam
1165 4720 1300 4783 aliorum
1331 4719 1612 4803 praedecessorum
1640 4737 1713 4783 ves·

241 4834 276 4888 40
310 4836 433 4893 trorum
456 4846 630 4911 expensam
654 4845 779 4909 semper
800 4833 941 4909 paratam
965 4832 997 4889 91
1019 4825 1157 4888 debitam
1181 4824 1378 4887 ordinarunt

464 4931 576 5007 Item)
588 4950 694 4995 coram
706 4931 867 4995 universis
879 4931 956 4993 viris
972 4928 1215 5010 venerabilibus,
1238 4927 1278 4990 ad
1295 4947 1376 5009 9999
1390 4945 1542 5011 praesens
1557 4928 1710 5011 scriptum
1738 4932 1827 5021 litera
1836 4948 1888 5021 pro

311 5037 502 5121 pervenerit
525 5055 584 5120 ego
607 5036 763 5119 Georg'us
785 5034 941 5118 plebanus
963 5035 997 5096 in
1013 5033 1136 5097 Cibinio
1158 5031 1379 5116 praesentibus
1401 5049 1497 5114 super
1519 5030 1713 5095 conscientia
1755 5009 1865 5066 11111011·

310 5141 433 5204 animae
464 5159 552 5204 meae
581 5139 733 5223 profiteor
754 5145 786 5203 91
809 5143 975 5222 protestor,
1007 5138 1094 5220 quod
1117 5137 1224 5199 omnia
1245 5136 1331 5218 haec,
1362 5153 1445 5218 quae
1467 5134 1559 5199 litera
1580 5134 1711 5218 provin·

309 5244 437 5308 cialium
459 5244 499 5307 de
514 5242 634 5307 Sibinio
650 5263 708 5326 pro
729 5243 865 5307 dominia
880 5243 919 5307 de
935 5249 1056 5326 septem
1071 5240 1218 5324 capitulis
1240 5239 1275 5303 in
1290 5239 1401 5305 eadem
1415 5238 1509 5303 litera
1523 5237 1710 5302 nominatim

239 5380 274 5435 45
466 5382 486 5447 ¹)
509 5377 641 5448 Vorlape:
658 5378 785 5448 proximo.

464 5466 487 5531 ¹)
505 5465 581 5521 sias
598 5467 652 5533 aas
668 5466 728 5520 dem
747 5464 840 5521 Rana.
