4084 6302
911 651 1065 747 225„

287 840 467 923 portionem
489 839 605 905 habere
620 840 751 924 possint.
774 841 824 904 Ad
848 843 1058 925 praesentiam
1082 843 1211 924 quidem
1227 844 1378 906 comitum
1394 848 1577 908 nostrorum
1599 864 1691 928 paro-

289 943 438 1007 chialium
461 944 561 1008 iudex
584 944 738 1008 nobilium
759 945 811 1008 rel
826 964 906 1009 suus
921 945 1015 1009 homo
1036 952 1069 1010 et
1086 966 1150 1010 non
1166 947 1246 1010 alter
1269 946 1429 1028 quoslibet
1450 948 1547 1011 citare
1570 947 1690 1012 debeat.

290 1045 435 1111 Dicimus
458 1049 562 1130 etiam,
592 1049 678 1113 utsi
700 1048 835 1112 alicuius
858 1049 973 1113 nobilis
996 1051 1132 1113 hominis
1154 1049 1278 1134 iobagio
1301 1058 1431 1134 propter
1452 1070 1528 1115 suos
1551 1051 1691 1116 offensus

290 1151 470 1215 criminales
498 1153 643 1235 personis
672 1151 842 1235 periclitari
872 1155 1043 1237 contingat,
1074 1155 1223 1218 dominus
1248 1155 1389 1238 ipsorum
1422 1175 1530 1218 rerum
1559 1176 1690 1219 suarum

238 1264 254 1316 5
292 1255 415 1318 tertiam
431 1259 553 1339 partem
569 1256 666 1319 tollat
690 1254 839 1319 Getarum
855 1257 1066 1339 adiungimus,
1082 1263 1119 1320 ut
1134 1258 1160 1319 si
1177 1257 1299 1321 nobiles
1315 1258 1458 1321 homines
1473 1264 1566 1322 extra
1583 1260 1689 1323 sedem

290 1364 431 1423 nostram
463 1359 659 1423 iudiciariam
689 1379 747 1443 pro
778 1359 939 1440 aliquibus
969 1358 1092 1423 delictis
1121 1361 1274 1444 captivari
1303 1362 1475 1445 contingat,
1505 1381 1691 1427 communes

288 1462 410 1528 iudices
441 1463 551 1545 nostri,
581 1463 701 1527 scilicet
727 1462 877 1527 officiales
908 1469 940 1527 et
962 1464 1125 1527 castellani
1155 1484 1359 1546 nequaquam
1389 1467 1513 1548 possint
1540 1467 1690 1550 indicare,

289 1566 346 1630 sed
366 1572 476 1630 nostro
492 1566 608 1630 iudicio
625 1567 676 1631 vel
695 1566 919 1630 rioevaivodae
934 1572 1043 1630 nostro
1060 1568 1267 1631 adducantur.
1290 1569 1326 1631 In
1344 1571 1436 1661 opius
1459 1572 1690 1635 commissionis

291 1676 324 1735 et
346 1671 553 1734 ordinationis
575 1676 702 1734 nostrae
726 1670 959 1734 durabilitatem
989 1676 1173 1753 praesentes
1195 1672 1411 1735 concessimus
1435 1673 1543 1736 literas
1566 1680 1690 1738 nostras

224 1781 257 1833 10
291 1774 503 1859 privilegiales
526 1773 619 1855 sigilli
643 1774 743 1836 nostri
767 1773 934 1857 pendentis
950 1775 1125 1838 munimine
1147 1775 1318 1839 roboratas.
1342 1774 1459 1840 Datum
1484 1776 1543 1858 die,
1565 1779 1636 1841 loco
1659 1784 1690 1841 et

289 1898 374 1941 anno
397 1878 598 1962 praenotatis.

946 2172 1037 2255 574.

369 2334 510 2407 Tloordo
542 2337 647 2407 1342
673 2336 756 2407 Mai
790 2339 825 2409 8.
875 2334 1045 2409 Woiwode
1074 2336 1221 2408 Thomas
1251 2337 1383 2427 spriobt
1413 2338 1487 2427 auf
1509 2337 1572 2409 der
1607 2330 1712 2409 Vor-⁴

288 2455 482 2546 comminuo
517 2456 576 2529 des
603 2457 710 2528 Adols
746 2458 801 2528 die
832 2457 1021 2547 Bonitaoop
1055 2456 1225 2547 Veytboloc
1252 2456 1432 2545 Nikama,
1470 2459 1546 2529 dom
1579 2457 1690 2530 Soloe

222 2595 255 2647 ro
290 2577 350 2647 des
376 2575 477 2649 Boos
503 2576 631 2669 Somou
655 2600 708 2650 ea.

447 2740 523 2812 0249.
535 2702 623 2812 {oro
649 2742 826 2811 Siebeubdry.
844 2740 973 2796 Musaeum
991 2741 1198 2812 momentum.
1227 2740 1324 2812 Sic-ool,
1348 2743 1432 2810 ramd,
1456 2758 1516 2797 soar
1533 2743 1566 2796 in
1582 2744 1691 2809 wdaaea

398 2824 499 2881 wado
517 2828 574 2895 auf
586 2828 636 2882 der
653 2827 797 2882 Raekseite
815 2828 1004 2897 caspedntcld.
1047 2836 1051 2845 '

443 2900 743 3049 mpesr}}'rocmzmt
761 2948 806 3002 ἐάν
825 2953 901 3016 1889,
919 2953 979 3004 537.

445 3124 513 3188 Nos
534 3123 670 3188 Thomas
692 3125 829 3188 vaivoda
849 3124 1094 3189 'l'ranssiluanus
1117 3132 1149 3189 et
1171 3145 1277 3189 eomes
1300 3125 1340 3189 de
1363 3126 1475 3190 Zonulr
1497 3127 1610 3190 damus
1632 3148 1689 3211 pro
1773 3184 1776 3192 .

223 3234 258 3289 20
292 3227 453 3309 memoria,
484 3227 571 3309 quod
600 3248 674 3291 cnm
696 3228 728 3290 in
760 3230 1004 3311 congregatione
1027 3235 1136 3293 nostra
1161 3228 1300 3313 generali
1323 3229 1356 3293 in
1386 3229 1558 3311 quindenis
1586 3231 1689 3307 iesti¹l

289 3329 374 3394 beati
403 3330 530 3414 Georgii
560 3333 711 3414 martyris
743 3333 944 3397 universitati
978 3334 1132 3398 nobilium
1169 3329 1268 3418 partis
1296 3332 1539 3398 Transsilnanae
1568 3334 1689 3399 Tordae

289 3433 447 3499 celebrata
474 3435 625 3499 Nicolaus
654 3434 740 3501 filius
762 3436 912 3518 Syrnonis
943 3438 1103 3520 quondam
1127 3437 1201 3501 bani
1224 3437 1264 3501 de
1290 3438 1393 3501 medio
1417 3456 1551 3521 surgens
1573 3439 1607 3501 in
1630 3459 1689 3503 suo

289 3541 323 3602 et
342 3538 479 3603 fratrum
500 3536 635 3605 suorum'
655 3540 784 3604 nornine
807 3540 948 3622 dixisset,
972 3541 1133 3622 quandam
1155 3541 1388 3625 possessionem
1412 3540 1608 3623 Veythalre’)
1631 3562 1689 3607 ro-

291 3648 392 3707 catam
416 3643 545 3707 totalem
569 3649 640 3707 esse
662 3643 804 3727 ipsorum
820 3644 1041 3707 hereditariam
1056 3650 1088 3708 et
1105 3664 1163 3728 per
1177 3644 1300 3708 Siculos
1314 3664 1402 3708 nnnc
1423 3644 1506 3709 velie
1527 3648 1690 3731 captivari,

223 3756 257 3809 25
293 3748 435 3811 universi
459 3748 553 3811 imati
577 3754 610 3811 et
626 3767 801 3812 assessores
816 3749 917 3811 nostri
931 3748 1048 3812 ibidem
1064 3753 1232 3831 surgentes
1247 3749 1336 3832 parili
1353 3767 1431 3812 voce
1447 3755 1523 3813 sunt
1544 3751 1690 3833 confessi,

290 3851 377 3932 quod
402 3851 564 3934 praedicta
585 3852 743 3935 possessio
768 3852 964 3933 Veythake¹l
992 3858 1177 3936 nuncupata
1205 3853 1440 3936 praedictorum
1467 3851 1605 3917 filiorum
1629 3854 1689 3936 Sy·

290 3956 393 4018 monis
424 3956 586 4036 quondam
616 3955 690 4019 bani
713 3954 798 4020 esset
824 3956 1020 4019 hereditaria.
1055 3953 1179 4032 Quibus
1201 3955 1355 4019 confessis
1384 3954 1469 4020 idern
1497 3952 1691 4021 Nicolansa

290 4059 502 4141 aucupatione
524 4060 667 4123 eiusdem
689 4061 900 4143 possessionis
922 4059 1084 4144 prohibuit
1109 4060 1335 4124 interdicendo.
1369 4058 1488 4124 Dabrm
1510 4061 1544 4123 in
1565 4061 1636 4125 loco
1659 4069 1692 4127 et

292 4161 344 4225 die
366 4164 569 4245 praenotatis
592 4183 677 4227 anno
700 4164 820 4226 domini
842 4163 1010 4226 millesimo
1044 4142 1123 4227 0οῧ
1143 4163 1241 4229 ΧΙιιῖο
1263 4164 1412 4227 secundo.

223 4308 257 4360 30
446 4300 521 4399 Auf
536 4300 592 4364 der
609 4300 784 4364 Rauca:
805 4300 869 4364 Pro
891 4299 965 4364 filiis
980 4301 1130 4383 Symonis
1153 4302 1314 4383 quondam
1337 4301 1411 4364 bani
1433 4308 1545 4365 contra
1566 4302 1691 4366 Siculos

291 4406 491 4488 superiacto
515 4404 724 4488 possessionis
747 4403 915 4485 Veythalre
935 4403 1191 4488 prohibitionalia
1213 4411 1245 4469 et
1266 4406 1475 4487 inquisitoria

947 4732 1037 4818 575.

368 4902 473 4972 1342
498 4898 581 4971 Mai
606 4903 664 4972 13.
703 4901 797 4972 Dosa
832 4897 1112 4991 Weissenoorper
1137 4899 1281 4991 Kapitel
1316 4897 1507 4990 boploobiqt
1532 4898 1588 4971 die
1622 4896 1689 4969 Ur-

290 5022 403 5093 baode
429 5021 488 5093 des
506 5021 640 5113 Kb'oigo
657 5021 753 5093 Korl
777 5044 841 5093 ooo
869 5019 1051 5091 1341Nr.
1075 5022 1100 5091 5
1106 5023 1161 5091 67
1186 5021 1259 5091 aad
1280 5019 1441 5092 beriobtct
1467 5020 1544 5091 dem
1562 5019 1689 5109 Kduio,

222 5158 256 5212 ao
292 5143 374 5214 dass
396 5152 532 5235 peruias
559 5132 775 5234 pepflopener
809 5140 1071 5232 Untersocboop
1103 5142 1179 5212 dem
1205 5139 1275 5211 Abi
1305 5163 1370 5213 ooo
1396 5140 1692 5213 Koloaomooostor

292 5264 407 5354 eipenc
438 5262 729 5336 Gericlztsborlcoit
755 5264 828 5352 aas
847 5262 924 5334 dem
954 5261 1091 5334 Gebiete
1117 5262 1180 5333 der
1205 5260 1308 5333 Atrei
1331 5262 1477 5334 amtelae.

448 5448 469 5511 ι)
487 5443 617 5511 Hierasos
629 5460 643 5498 a
660 5443 906 5514 durcbpcstricbca.

447 5533 469 5598 ²)
488 5530 629 5585 Gebesaert
646 5546 714 5584 aaa:
731 5529 893 5598 Voytbalrlre.
