4084 6302
923 613 1078 708 Q

294 801 394 865 Guius
416 806 508 866 tenor
530 801 601 864 baiis
624 806 680 864 est
702 798 807 884 (Fam
827 800 877 865 die
907 798 1054 866 Urbunda
1083 800 1139 865 dor
1174 798 1345 865 Woiwodeu
1379 798 1511 864 1100000
1524 821 1582 865 oon
1613 800 1699 865 1340

295 904 351 968 Nr.
377 906 469 983 556.)
491 905 593 987 Igitur
616 924 674 969 nos
696 905 880 989 petitionem
910 906 985 969 dicti
1008 906 1132 970 comitis
1153 905 1290 968 Thomas
1312 903 1369 968 filii
1392 903 1492 968 Zeirul
1524 904 1564 969 de
1594 904 1698 989 gratia

294 1009 381 1091 regia
409 1008 625 1072 favorabiliter
654 1008 858 1072 admittentes
887 1015 1083 1092 praetactum
1117 1009 1318 1093 privilegium
1349 1008 1591 1074 sententiantium
1621 1009 1697 1073 dicti

294 1112 412 1176 domini
434 1112 571 1175 Thomas
594 1112 748 1175 vaivodae
771 1112 911 1176 eiusdem
935 1119 1046 1176 tenore
1069 1118 1293 1195 transsumpto,
1316 1116 1412 1194 prout
1434 1112 1493 1175 rito
1509 1117 1541 1177 et
1555 1111 1695 1196 legitime

242 1226 258 1277 5
294 1222 474 1279 emanatum
498 1235 555 1280 seu
575 1216 756 1279 coniectum
778 1216 846 1279 fore
866 1215 1071 1299 dignoscitur,
1097 1216 1284 1280 auctoritate
1306 1215 1393 1300 regia
1415 1216 1599 1300 perenniter
1618 1215 1697 1280 vali·

294 1326 402 1382 turum
425 1317 637 1402 approbantes
659 1318 893 1384 confirmamus.
928 1318 1046 1383 Datum
1068 1320 1102 1383 in
1125 1319 1330 1404 Wyssegrad,
1360 1321 1394 1383 in
1426 1320 1547 1385 octavis
1577 1319 1696 1384 Paucae

294 1423 422 1505 domini,
445 1442 530 1486 anno
557 1423 699 1488 eiusdem
722 1402 756 1487 Π
779 1401 864 1488 0οὔ
887 1422 985 1490 xlm
1007 1424 1118 1508 primo.

951 1736 1040 1819 567.

374 1898 634 1972 Grosswordar‘n
660 1850 859 1971 1341Mat
890 1906 922 1970 6.
950 1900 1068 1991 Kdniq
1089 1900 1185 1971 Korl
1210 1899 1409 1991 beoaftropt
1436 1896 1695 2011 (1001117010εο0-

227 2036 261 2089 10
295 2019 421 2111 darper
446 2020 599 2112 Kopitel,
636 2022 871 2093 mitaawirkca
901 2022 939 2092 in
965 2020 1399 2111 Racbtsaupelcpcaboiten,
1426 2020 1519 2109 falb
1545 2019 1696 2092 dasselbe

293 2165 358 2212 von
384 2141 461 2212 dem
490 2140 559 2211 Abt
584 2164 649 2212 000
675 2142 973 2215 Kolorsmonostor
998 2143 1124 2213 darum
1151 2164 1373 2233 0090900900
1398 2142 1519 2214 werde.

448 2305 650 2374 Einpeocboltet
674 2322 726 2358 non
749 2306 809 2359 dein
833 2306 1056 2374 Weissenburper
1075 2305 1189 2374 Kapitel
1214 2309 1290 2371 1342,
1314 2305 1364 2358 mit
1381 2304 1471 2360 dieser
1493 2306 1624 2361 Urkaode
1640 2321 1695 2360 oon

397 2392 491 2460 Kdniq
515 2392 634 2461 Ludwip
653 2393 677 2444 1.
703 2395 770 2445 1344
796 2393 853 2445 arrd
875 2392 925 2445 mit
948 2392 1037 2446 dieser
1059 2392 1189 2446 Uritandc
1215 2407 1267 2444 von
1290 2392 1351 2445 dem
1373 2391 1602 2462 Klouoenburper
1619 2389 1695 2446 Rau

397 2482 473 2544 1560,
494 2477 570 2546 Oriq.
590 2478 661 2545 Pap.
685 2478 789 2548 Unpar.
809 2478 1016 2563 Londesorcbiv
1034 2478 1185 2546 Budapeet.

224 2599 256 2650 15
450 2598 560 2652 Druck:
579 2598 702 2653 Sdtuller
725 2600 845 2655 Umra'oaa
863 2599 908 2666 11,
927 2604 986 2655 192.
1005 2599 1098 2654 Jatat
1119 2598 1270 2653 obtestetur
1288 2598 1315 2667 I,
1332 2602 1375 2654 43.

446 2774 580 2838 Carolus
610 2775 659 2839 dei
690 2775 791 2857 gratia
812 2794 871 2839 rex
893 2775 1078 2857 Hungariae
1102 2773 1251 2838 fidelibus
1274 2774 1341 2837 suis
1370 2773 1510 2857 capitulo
1541 2773 1692 2839 ecclesiae

154 2902 161 2909 ’
290 2876 533 2941 'dranssiluanae
556 2878 690 2941 salutem
714 2884 746 2942 ct
768 2879 909 2961 gratiam.
937 2877 1019 2953 Quia
1040 2896 1155 2941 causae
1178 2878 1384 2942 ecclesiarum
1405 2897 1463 2961 per
1483 2896 1627 2942 morosas
1649 2878 1693 2941 ci·

290 2981 426 3045 mounes
459 2981 647 3064 plerumque
682 2982 851 3064 periclitari
885 2982 1084 3065 contingunt,
1118 2982 1190 3044 ideo
1223 2981 1367 3046 fidelitati
1401 2984 1527 3045 vestrae
1559 2979 1693 3046 firmiter
1738 3026 1742 3032 -

290 3085 500 3167 praeripimus
530 3104 587 3168 per
615 3091 807 3168 praesentes
838 3090 998 3166 quatenus
1022 3086 1291 3167 quandocumque
1314 3091 1347 3149 et
1377 3084 1642 3167 quotiescumque
1673 3105 1693 3148 a

222 3191 256 3247 20
292 3187 365 3250 data
387 3189 601 3270 praesentium
617 3208 674 3273 per
698 3189 773 3252 anni
789 3188 945 3252 circulum
960 3209 1017 3272 per
1036 3189 1166 3253 fratrem
1181 3189 1202 3253 J
1204 3208 1339 3252 oannem
1355 3188 1502 3275 abbatem
1524 3188 1564 3252 de
1580 3187 1693 3253 Colus-

291 3298 479 3355 monustura
500 3300 532 3355 ot
554 3293 623 3357 eius
645 3300 840 3356 conventum
864 3298 920 3356 aut
941 3297 1163 3376 procuratores
1190 3298 1222 3356 et
1243 3292 1380 3357 famulos
1404 3292 1578 3357 eorundem
1601 3311 1693 3376 prae-

289 3396 426 3458 sentium
450 3394 644 3459 exhibitores
673 3395 714 3459 ad
743 3396 903 3459 iaciendas
933 3396 1099 3461 citationes
1130 3403 1162 3460 et
1191 3397 1424 3480 inquisitiones,
1453 3394 1692 3479 prohibitiones,

290 3497 557 3562 reambulationes
580 3505 612 3562 et
634 3499 900 3582 recaptivationes
918 3501 1155 3583 possessionum
1171 3521 1208 3565 ac
1227 3506 1383 3564 metarum
1406 3499 1581 3564 earundem
1605 3519 1692 3565 orec·

290 3602 401 3687 tioneS,
432 3622 556 3666 necnon
579 3601 619 3666 ad
648 3603 710 3665 alia
732 3604 847 3683 omnia,
878 3622 960 3684 quae
990 3605 1083 3668 iusta
1104 3605 1195 3687 regni
1224 3603 1488 3668 consuetudinem
1518 3602 1635 3668 talibus
1656 3604 1692 3668 in

222 3712 254 3765 25
290 3706 491 3788 processibus
513 3706 581 3770 fieri
604 3714 851 3787 consueverunt,
882 3708 1026 3772 iacienda
1055 3709 1199 3790 requisiti
1230 3707 1363 3789 fueritis,
1396 3712 1536 3770 vestrum
1559 3708 1692 3773 mittatis

291 3810 449 3872 bominem
480 3829 537 3892 pro
569 3810 749 3873 testimonio
779 3809 842 3874 fido
872 3811 1014 3893 dignum,
1045 3832 1108 3893 quo
1138 3816 1305 3896 praesente
1331 3810 1435 3875 Paska
1465 3810 1504 3876 de
1533 3809 1611 3876 Jara
1639 3812 1691 3877 vel

289 3912 399 3975 Gallus
421 3912 507 3976 filius
529 3914 670 3978 eiusdem
694 3919 751 3977 aut
765 3913 881 3977 Petrus
903 3914 1007 3978 dictus
1027 3915 1141 3979 chke
1164 3915 1233 3979 aliis
1256 3914 1441 3979 absentibus
1465 3915 1558 3979 borno
1581 3921 1691 3981 noster

290 4017 397 4078 omnia
418 4018 592 4100 praemissa
614 4024 646 4080 et
660 4016 787 4099 singula
806 4017 1052 4100 praemissorum
1067 4024 1264 4100 exsequatur
1282 4019 1362 4083 iuris
1378 4019 1489 4083 ordine
1511 4018 1690 4103 observato,

289 4126 321 4181 et
344 4120 470 4182 tandem
495 4121 597 4199 toties,
628 4122 753 4202 quoties
776 4140 905 4184 necesse
928 4120 1033 4201 fuant,
1056 4120 1200 4197 seriem1)
1224 4122 1366 4185 omnium
1389 4121 1635 4206 praemissorum
1658 4128 1692 4188 et

219 4228 254 4282 30
289 4224 419 4286 nomina
440 4224 608 4286 citatorum
631 4244 667 4287 ae
690 4225 862 4288 terminum
884 4225 1078 4306 assignatum
1102 4224 1197 4288 Petro
1219 4225 1446 4290 vicovaivodae
1461 4224 1688 4290 transsiluano

288 4326 424 4391 fideliter
438 4326 626 4391 rescribatis.
642 4327 759 4391 Datum
772 4327 946 4407 Waradini,
962 4326 1013 4390 die
1031 4326 1189 4392 dominico
1200 4330 1347 4413 proximo
1359 4332 1433 4413 post
1446 4328 1563 4393 festum
1574 4329 1689 4394 inven-

289 4430 384 4493 tionis
396 4437 524 4493 sanctae
536 4431 649 4510 crucis,
665 4450 750 4494 anno
765 4432 886 4494 domini
897 4431 1065 4495 millesimo
1081 4432 1303 4495 trecentesimo
1319 4431 1562 4517 quadragesimo
1576 4433 1690 4518 primo,

944 4756 1037 4840 tos.

365 4918 522 5010 Amynan
553 4920 756 4992 1341Jati
783 4925 816 4993 4.
861 4921 970 5013 Popst
995 4921 1166 4993 Benedikt
1195 4922 1287 4994 XII.
1319 4922 1411 4995 stelit
1445 4922 1513 4995 den
1537 4923 1690 5013 Homer

217 5056 251 5111 35
286 5062 350 5110 von
382 5038 531 5112 Betria
565 5047 667 5113 anta
701 5042 767 5114 dau
798 5040 923 5114 Sabata
958 5042 1017 5114 des
1048 5042 1210 5135 Repetas
1244 5066 1309 5115 voa
1344 5042 1487 5116 Osanna
1518 5043 1594 5117 med
1626 5043 1690 5117 der

286 5159 542 5234 Arcbidiukone
568 5185 633 5234 oon
664 5162 738 5234 0001
762 5163 836 5235 aad
859 5163 1011 5237 Doboka.

442 5324 553 5378 Druck:
575 5324 690 5379 Ibeimr
708 5325 786 5380 Mon.
805 5325 901 5396 Hanp.
920 5326 946 5394 1,
964 5331 1016 5382 643
1034 5327 1105 5382 aaa
1121 5328 1182 5381 dem
1200 5326 1326 5397 mmor
1348 5324 1558 5383 Varatunnum
1575 5325 1689 5385 Arme.

288 5435 330 5441 .--.-
335 5431 494 5441 *—

443 5482 463 5548 ¹)
487 5480 619 5551 Vorloye:
637 5497 701 5535 rem.
