4106 6294
987 600 1142 696 Q

463 795 465 799 ’
521 789 663 854 narrem
684 790 840 855 Jaccbum
863 790 903 853 de
926 789 1036 853 ordine
1059 788 1303 863 Heremitarum,

522 894 653 957 Petrum
677 900 893 973 mercatorem,

522 995 673 1060 Matbiam
695 998 883 1061 canonicum
906 996 1088 1064 Albensom

522 1100 621 1181 (lyras
643 1109 861 1180 mercatorem,
1195 1098 1386 1161 habitatores
1408 1098 1583 1162 Budenses.

521 1202 691 1267 Herricum
714 1211 921 1269 mercatorem
944 1209 976 1267 et
1798 1211 1815 1263 5

520 1307 682 1371 Jaclinum

184 1415 336 1502 Iuramonta
521 1410 642 1474 Eodem
666 1411 716 1477 die
733 1412 881 1475 Mercurii
905 1412 937 1473 in
955 1411 1095 1493 vesperis
1112 1430 1222 1473 omnes
1237 1410 1390 1493 praedicti
1406 1416 1501 1473 testes
1516 1414 1765 1491 comparuerunt

207 1495 314 1623 11313111
366 1532 473 1575 coram
503 1514 586 1577 dicto
621 1515 748 1578 domino
779 1514 922 1578 oriditore
952 1520 984 1578 et
1006 1519 1175 1597 postquam
1206 1533 1263 1596 per
1285 1513 1404 1576 dictim]
1428 1512 1609 1594 Vagnolum
1636 1512 1764 1574 nomine

192 1585 332 1701 promsi&
369 1634 432 1696 quo
463 1637 560 1700 supra
591 1619 738 1702 producti
772 1623 848 1682 sunt
881 1619 913 1680 in
943 1618 1060 1680 iudicio
1091 1617 1130 1680 ad
1164 1616 1371 1700 probandum,
1407 1634 1488 1697 quae
1522 1616 1555 1677 in
1589 1615 1681 1679 dictis
1714 1635 1764 1678 ar-

368 1720 473 1783 ticulis
495 1724 709 1790 continentur.
740 1728 897 1805 petentem
922 1741 976 1784 ecs
998 1722 1095 1803 recipi
1118 1728 1150 1784 et
1172 1721 1339 1803 diligenter
1361 1719 1538 1783 examinari
1560 1737 1656 1802 super
1677 1719 1762 1802 ipsis,
1800 1727 1834 1779 10

365 1823 555 1888 iuraverunt
584 1825 624 1888 ad
654 1833 762 1889 sancta
793 1826 844 1889 dei
873 1825 1037 1908 evangelia
1068 1844 1164 1907 super
1193 1825 1270 1908 ipsis
1301 1823 1405 1887 dicere
1428 1824 1604 1903 veritatem,
1634 1824 1764 1886 remotis

366 1927 447 2008 odio,
470 1949 586 1996 amore.
610 1950 711 2013 prece,
734 1930 835 2013 pretio
851 1936 883 1992 et
899 1935 1004 1992 cetera
1020 1936 1185 2012 praesente
1201 1929 1284 1991 dicto
1308 1928 1458 2009 magistro
1481 1926 1627 2009 Philippo
1644 1932 1676 1989 et
1691 1946 1764 2009 pro·

365 2036 502 2095 testante
517 2033 646 2096 nomine
660 2053 723 2114 quo
739 2053 844 2116 supra,
861 2052 971 2096 omnes
987 2052 1061 2095 suas
1076 2033 1279 2115 exceptiones
1294 2030 1354 2094 sibi
1366 2030 1470 2093 salvas
1485 2030 1562 2111 lore,
1575 2037 1637 2092 tam
1653 2034 1765 2093 contra

365 2135 451 2217 ipsos
474 2140 571 2200 testes
594 2142 758 2201 eteorum
781 2137 873 2215 dicta,
897 2157 992 2219 quam
1016 2145 1126 2199 contra
1149 2142 1251 2199 totum
1274 2153 1458 2219 processum
1480 2133 1686 2217 praedictum.

521 2239 580 2303 Cui
602 2241 752 2322 magistro
778 2240 921 2323 Philippo
945 2241 1048 2304 dictus
1071 2239 1218 2302 dominus
1247 2239 1373 2302 auditor
1395 2237 1568 2321 assignavit
1591 2238 1762 2301 terminum
1798 2247 1832 2297 15

366 2361 468 2423 usque
491 2343 532 2406 ad
554 2364 623 2407 cras
645 2345 678 2406 in
702 2346 852 2427 vesperis,
879 2345 919 2407 ad
941 2345 1158 2427 recipiendum
1181 2344 1302 2426 copiam
1327 2343 1484 2405 dictorum
1507 2341 1714 2405 articulorum
1736 2341 1762 2404 si

365 2445 511 2527 voluerit,
542 2453 574 2510 et
603 2448 641 2510 ad
665 2448 845 2511 laciendum
872 2448 1158 2529 interrogatorium,
1189 2447 1365 2510 secundum
1389 2445 1475 2527 quod
1498 2445 1687 2527 interrogari
1709 2444 1763 2507 de·

365 2549 459 2611 beant
482 2555 578 2613 testes
601 2571 698 2635 super
720 2552 861 2614 articulis
885 2552 1072 2614 memoratis.

520 2653 579 2717 Die
601 2654 693 2718 Jovis
709 2633 846 2718 xviiii.
869 2655 987 2718 mensis
1001 2654 1101 2735 Junii,
1117 2655 1294 2737 praedictae
1309 2653 1490 2717 indictionis
1506 2652 1762 2736 comparentibus

365 2756 457 2819 dictis
478 2759 738 2840 procuratoribus
754 2759 1036 2842 utriusquepartis
1057 2760 1089 2820 in
1107 2758 1223 2820 iudicio
1247 2775 1352 2820 coram
1373 2757 1456 2820 dicto
1472 2755 1600 2819 domino
1617 2756 1761 2819 auditore
1796 2763 1832 2817 20

313 2856 318 2866 '
365 2879 421 2942 pro
444 2866 534 2943 parte
557 2861 632 2925 dicti
653 2862 787 2945 Vagnoli
811 2865 940 2926 nomine
965 2882 1028 2944 quo
1052 2882 1157 2945 supra,
1180 2862 1381 2941 dictumest,
1404 2861 1624 2942 exceptionem
1648 2879 1762 2943 propo·

364 2964 457 3026 sitam
487 2984 543 3046 per
572 2965 692 3029 dictum
722 2967 909 3048 magistrum
932 2965 1114 3048 Philippum
1145 2984 1241 3048 super
1270 2984 1333 3046 qua
1364 2968 1460 3027 testes
1482 2965 1600 3047 recepti
1632 2974 1708 3027 sunt
1730 2969 1762 3027 et

364 3068 543 3143 examinati,
574 3078 611 3133 ut
633 3071 780 3152 superius
803 3071 993 3141 continetur,
1024 3089 1088 3132 non
1112 3088 1182 3132 esse
1205 3069 1378 3151 probatam,
1409 3075 1504 3132 etex
1528 3067 1661 3131 adverso
1685 3086 1761 3130 con—

366 3172 498 3236 trarium
514 3172 634 3238 scilicet
649 3176 750 3258 ipsam
766 3174 986 3256 exceptionem
1003 3172 1199 3236 sufficienter
1220 3191 1290 3235 esse
1313 3172 1484 3255 probatam.
1513 3170 1555 3235 Et
1576 3172 1621 3235 sic
1638 3171 1763 3254 petebat

364 3276 468 3339 dictus
490 3278 640 3358 magister
658 3276 823 3360 Philippus
845 3278 1048 3360 pronunciari
1070 3279 1171 3359 ipsam
1194 3276 1415 3358 exceptionem
1438 3276 1576 3357 legitime
1598 3276 1667 3340 lore
1689 3295 1762 3358 pro·
1797 3279 1831 3334 25

366 3379 469 3443 batam
500 3388 532 3443 et
553 3381 681 3463 procedi
705 3381 818 3444 deinde
841 3401 938 3463 super
960 3381 1096 3464 negotio,
1126 3386 1163 3443 ut
1189 3379 1328 3462 postulat
1358 3380 1436 3443 ordo
1459 3380 1545 3443 iuris.
1584 3378 1708 3455 Quibus
1730 3385 1763 3443 et

364 3483 434 3546 aliis
456 3503 553 3566 super
574 3485 651 3567 ipsis
674 3485 765 3548 dictis
780 3485 853 3547 hinc
876 3486 950 3548 inde
966 3485 1070 3547 dictus
1089 3485 1238 3546 dominus
1253 3484 1379 3546 auditor
1394 3484 1568 3565 assignavit
1590 3483 1762 3547 terminum

366 3587 510 3668 utrisque
532 3588 700 3669 praedictis
723 3588 982 3671 procuratoribus
1005 3588 1043 3650 ad
1068 3587 1316 3670 comparendum
1339 3607 1413 3650 cum
1435 3587 1597 3650 advocatis
1619 3588 1761 3669 ipsorum

365 3698 396 3752 et
418 3690 646 3773 disputandum
668 3699 700 3754 et
722 3692 924 3774 allegandum
954 3711 1050 3775 super
1072 3691 1148 3773 ipsis
1170 3690 1411 3772 probationibus
1433 3699 1466 3755 et
1488 3690 1565 3753 alies
1587 3690 1627 3753 ad
1650 3709 1759 3773 proce·

365 3792 514 3875 dendum,
538 3803 573 3857 ut
595 3796 635 3857 de
658 3796 726 3859 iure
749 3797 844 3859 luerit
867 3797 905 3859 ad
930 3796 1012 3858 diem
1029 3794 1133 3858 Sabati
1158 3795 1304 3877 proxime
1326 3795 1471 3857 futurum
1495 3802 1566 3877 post
1588 3794 1704 3857 Nonas.
1795 3798 1830 3853 30

520 3897 580 3961 Die
599 3898 705 3962 Sabati
721 3878 812 3962 11111.
834 3901 951 3963 mensis
965 3899 1064 3978 Junii,
1087 3897 1267 3980 praedictae
1281 3898 1464 3961 indictionis
1479 3897 1604 3961 Zuccha
1618 3897 1761 3962 serviens

363 4010 395 4064 ct
425 4002 563 4066 nuncius
591 4004 715 4067 iuratus
745 4004 847 4067 dictae
877 4005 983 4066 curiae
1007 4001 1124 4082 retulit,
1156 4020 1190 4064 se
1221 4001 1334 4064 citasse
1356 4002 1424 4065 heri
1451 4001 1661 4065 demandato
1685 4002 1761 4064 dicti

364 4106 482 4167 domini
507 4108 660 4170 auditoris
683 4109 721 4169 ed
745 4108 930 4190 petitionem
953 4107 1027 4169 dicti
1044 4104 1181 4187 Vagnoli
1203 4105 1418 4188 procuratoris
1438 4105 1558 4168 dictum
1574 4106 1760 4187 magistrum

364 4209 545 4293 Philippum
575 4216 812 4295 procuratorem
843 4210 974 4273 alterins
1004 4209 1110 4291 partis,
1141 4207 1227 4288 quod
1257 4208 1350 4271 hodie
1382 4216 1453 4290 post
1474 4209 1602 4271 missam
1632 4214 1760 4272 etanta

364 4314 487 4376 tertiam
519 4322 714 4398 compareret
742 4334 847 4377 coram
871 4315 955 4376 dicto
986 4313 1114 4375 domino
1146 4312 1291 4375 auditore
1322 4312 1361 4375 ad
1384 4312 1559 4375 videndum
1580 4313 1761 4376 iuramenta
1795 4316 1829 4369 35

363 4419 492 4481 testium
515 4418 794 4501 producendorum
816 4437 873 4501 per·
895 4417 1016 4480 dietum
1038 4415 1220 4498 Vagnolum
1242 4417 1274 4477 in
1299 4435 1395 4479 causa
1417 4416 1585 4499 praedicta,
1617 4415 1760 4498 alioquin

363 4522 580 4605 reciperentur
601 4523 634 4585 in
658 4522 801 4586 absentia
824 4541 889 4584 sua

517 4626 638 4690 Eodem
661 4627 711 4690 die
733 4632 805 4710 post
829 4626 955 4688 missam
978 4630 1010 4688 et
1032 4630 1104 4687 ante
1128 4624 1252 4687 tertiam
1275 4624 1309 4686 in
1332 4623 1398 4686 sala
1420 4624 1521 4687 dictae
1548 4625 1655 4688 curiae
1676 4624 1760 4707 Vag-

363 4729 456 4792 nolns
486 4737 673 4813 procurator
703 4728 882 4813 praedictus
912 4729 1063 4812 produxit
1093 4747 1198 4790 coram
1231 4727 1314 4791 dicto
1344 4727 1472 4790 domino
1503 4727 1646 4791 auditore
1677 4728 1760 4791 inira

363 4833 496 4915 scriptos
520 4840 616 4896 testes
646 4853 752 4895 coram
775 4853 813 4896 eo
835 4838 1018 4916 praesentes
1046 4838 1158 4914 petens
1186 4850 1229 4894 cx
1252 4830 1355 4894 officio
1379 4851 1438 4895 sno
1461 4832 1547 4915 ipsos
1569 4835 1667 4895 testes
1689 4831 1760 4915 cogi
1794 4836 1829 4887 4o

363 4937 402 4999 ad
436 4937 605 5001 iurandum
641 4944 672 5000 et
706 4938 922 4999 testimonium
958 4934 1189 5019 perhibendum
1226 4954 1322 5019 super
1355 4934 1497 4997 articulis
1530 4954 1627 5018 supra
1661 4934 1760 5016 dictis,

364 5059 502 5121 quorum
524 5042 653 5103 nomina
675 5047 751 5104 sunt
773 5041 857 5104 haec.

189 5144 336 5275 Tgsslfflpro
517 5144 628 5208 Frater
641 5144 835 5208 Benedictus
854 5143 893 5206 de
908 5142 1019 5206 Insula
1034 5150 1066 5206 et
1092 5149 1103 5227 l
1139 5193 1179 5258 do
1202 5194 1313 5258 ordine
1334 5192 1594 5259 praedicatorum

226 5238 321 5276 m·
518 5247 628 5311 Frater
651 5245 838 5330 Stephanus,
1088 5228 1101 5310 l
1596 5243 1602 5256 '

517 5351 681 5415 lohannes
703 5353 876 5415 canonicus
898 5351 1048 5415 Albensis
1070 5349 1324 5423 'lranssiluanus

517 5455 634 5518 Petrus
655 5461 763 5518 custos
786 5454 976 5530 colocensis,
