4064 6288
950 617 1105 712 „Q

330 808 405 872 tatis
428 826 596 888 enervans,
617 806 798 870 iniunctum
818 806 1012 871 increbuerit
1033 813 1071 872 ut
1090 806 1257 891 specialem
1274 802 1285 888 l
1441 805 1486 891 Γ)
1509 808 1729 871 excommuni-

330 911 463 976 cationis
495 911 685 975 sententiam
715 910 921 994 vilipendant,
952 911 991 975 ad
1022 910 1273 974 convincendam
1296 909 1447 973 malitiam
1469 910 1635 974 rebellium
1657 931 1729 995 per·

331 1033 499 1078 versorum
528 1018 561 1077 et
589 1014 832 1097 malignantium
862 1015 1011 1078 dominns
1034 1022 1143 1078 noster
1165 1033 1233 1095 reu,
1263 1013 1399 1077 barones
1422 1033 1532 1077 omnes
1555 1016 1728 1097 cunctique

329 1117 452 1181 nobiles
474 1137 510 1181 ac
534 1113 693 1201 [Cumani]
725 1117 764 1180 de
794 1137 893 1200 regno
922 1125 1033 1182 cenna
1062 1118 1237 1201 flagitiosos
1259 1117 1441 1181 huiusmodi
1464 1136 1521 1181 seu
1543 1118 1728 1202 pestilentes

329 1221 420 1305 regni
442 1222 635 1285 unanimiter
657 1222 823 1305 insurgere
853 1222 1049 1287 tenebuntur
1071 1225 1154 1286 sicut
1175 1222 1255 1285 iuris
1277 1221 1404 1284 iurandi
1430 1221 1583 1305 religione
1605 1222 1645 1285 ad
1667 1222 1727 1285 hoc
1762 1231 1778 1282 5

327 1324 460 1389 firmiter
482 1330 559 1389 sunt
580 1324 708 1388 astricti.
732 1320 742 1405 [
900 1324 941 1408 1²)
965 1332 1069 1390 totum
1090 1344 1226 1408 regnum
1241 1326 1429 1389 auctoritate
1444 1324 1616 1409 apostolica
1631 1345 1728 1410 super

327 1429 387 1492 hoc
414 1434 542 1513 recepta
564 1434 595 1493 et
617 1434 728 1491 nostra
756 1427 962 1491 subiiciemus
984 1428 1195 1492 ecclesiastico
1224 1429 1402 1510 interdicto,
1430 1430 1598 1493 severitate
1622 1429 1728 1492 debita

327 1533 547 1598 malefactores
563 1530 574 1615 [
730 1532 774 1617 P)
797 1533 971 1596 coercendo
988 1532 1089 1596 donec
1110 1530 1121 1614 [
1226 1532 1268 1616 ]⁴)
1285 1532 1498 1596 satisfactione
1521 1552 1579 1596 sen
1594 1532 1728 1596 emenda

328 1637 368 1700 ad
391 1637 657 1701 reconciliationis
683 1637 816 1720 gratiam
845 1641 1057 1700 revertantur.
1093 1636 1174 1701 Cum
1204 1638 1312 1719 itaque
1335 1637 1424 1701 Gaan
1453 1635 1539 1700 filius
1561 1636 1672 1700 Alardi
1695 1643 1728 1701 et

327 1760 404 1805 suae
435 1759 588 1823 sequaces
618 1740 756 1805 malitiae
785 1760 822 1804 ae
851 1740 1037 1822 inquietatis
1066 1741 1244 1825 complices,
1274 1739 1419 1805 Saxones
1448 1741 1588 1824 partium
1612 1739 1726 1803 Trans·
1762 1747 1796 1801 10

295 1927 299 1935 ι
329 1844 526 1909 siluanarum
549 1844 714 1910 ecclesiam
736 1844 821 1908 beati
843 1843 1017 1925 Mychaelis
1038 1844 1249 1908 cathedralem
1272 1845 1359 1909 rabie
1375 1844 1530 1908 diabolica
1550 1844 1673 1908 inducti
1695 1850 1728 1908 et

329 1948 442 2033 repleti
465 1949 637 2013 enormiter
652 1948 894 2031 combusserint,
916 1948 1162 2030 archidiaconos
1185 1949 1363 2031 canonicos,
1386 1948 1575 2031 sacerdotes,
1595 1948 1727 2012 clericos

328 2058 361 2117 et
376 2058 408 2117 et
422 2073 570 2137 magnam
584 2052 822 2116 multitudinem
837 2051 1088 2116 Christianorum
1103 2053 1138 2116 in
1161 2052 1271 2117 eadem
1294 2057 1325 2116 et
1346 2053 1380 2115 in
1397 2051 1466 2116 aliis
1488 2052 1629 2116 ecclesiis
1650 2072 1727 2116 con·

327 2158 539 2221 cremaverint
569 2156 714 2239 aliosque
735 2156 983 2221 innumerabiles
1006 2157 1201 2238 ubicumque
1227 2156 1370 2220 locorum
1394 2157 1607 2240 deprehensos
1628 2157 1727 2221 inter·

327 2260 469 2344 iecerint,
491 2261 651 2343 reliquias,
674 2280 794 2341 cruces,
810 2260 932 2342 calices
948 2261 1135 2325 indumenta
1150 2261 1356 2324 sacerdotalia
1370 2267 1402 2324 et
1418 2261 1525 2323 omnia
1540 2268 1726 2324 ornamenta
1762 2268 1794 2319 15

330 2364 535 2428 eeclesiarum
569 2385 644 2428 curn
676 2363 765 2428 libris
798 2385 835 2427 ac.
868 2365 938 2428 aliis
974 2364 1070 2428 rebus
1103 2364 1200 2427 sacris
1234 2382 1357 2426 necnon
1392 2363 1541 2428 thesauro
1576 2363 1726 2427 ecclesiae

328 2474 518 2532 memoratae
540 2469 713 2553 rapuerint,
735 2469 770 2531 in
792 2486 936 2549 ususque
956 2487 1033 2531 suos
1055 2467 1326 2530 immundissimos
1349 2469 1584 2551 usurpaverint,
1606 2474 1638 2531 et
1653 2468 1724 2531 ideo

327 2573 518 2636 sententiam
540 2572 878 2636 excommunicationis
896 2570 1067 2633 inciderint
1088 2572 1156 2653 ipso
1172 2570 1264 2652 iacto,
1288 2570 1491 2634 devotionern
1508 2572 1725 2635 universitatis

326 2680 451 2740 vestrae
480 2680 591 2740 tenore
619 2675 835 2759 praesentium
865 2694 1032 2738 monemus
1065 2675 1099 2736 in
1133 2675 1262 2738 domino
1293 2680 1325 2739 et
1357 2675 1531 2756 hortamur,
1566 2680 1725 2757 quatenus

326 2780 446 2843 dictum
462 2779 551 2843 Gaan
574 2786 606 2844 et
627 2799 703 2843 suos
726 2779 829 2842 socios
844 2779 878 2842 in
900 2779 1102 2863 praescriptis
1125 2778 1340 2844 maleficorum
1355 2780 1525 2864 participes
1546 2780 1721 2864 praeserip-
1760 2784 1795 2838 20

325 2890 433 2947 torum
462 2888 626 2966 tamquam
654 2884 947 2947 excommunicatos
977 2885 1097 2948 evitare
1127 2882 1276 2965 debeatis,
1306 2883 1459 2947 facientes
1489 2884 1583 2948 etiam
1607 2902 1663 2948 eos
1685 2883 1724 2946 ab

326 2986 475 3051 omnibus
504 2988 605 3051 artius
628 2986 749 3051 evitari.
786 2984 854 3049 Nos
876 2987 961 3051 enim
992 3007 1047 3052 eos
1069 2988 1257 3050 anctoritate
1279 2988 1506 3071 omnipotentis
1528 2987 1578 3050 dei
1601 2987 1725 3051 denun-

325 3092 446 3156 ciamus
476 3090 779 3171 excommunicatos,
810 3089 911 3153 donec
941 3090 980 3153 de
1010 3091 1080 3173 ipsa
1109 3091 1231 3154 enormi
1261 3091 1481 3155 combustione
1511 3091 1724 3171 ecclesiarum,

328 3196 367 3260 de
390 3196 514 3260 damnis
536 3201 569 3259 et
589 3194 715 3257 iniuriis
744 3193 840 3257 illatis
863 3194 1110 3258 satisfactionem
1132 3194 1318 3278 impendant
1343 3194 1556 3258 omnimodam
1580 3200 1612 3258 et
1634 3194 1725 3258 abso·

325 3299 458 3364 lutionis
480 3299 611 3383 adipisci
633 3298 767 3381 gratiam
781 3303 973 3361 mereantur.
997 3296 1116 3360 Datum
1131 3298 1251 3379 Budas,
1273 3298 1308 3361 in
1324 3297 1495 3380 quindenis
1509 3298 1724 3381 Pentecostes,
1759 3304 1793 3358 25

324 3404 359 3468 in
381 3403 611 3467 convocatione
634 3401 756 3465 domiui
777 3402 861 3484 regis
882 3400 1068 3483 Hungan'ae
1090 3400 1238 3484 generali.

983 3712 1074 3798 188.

401 3883 522 3952 1278.
550 3878 668 3971 Kbaiq
693 3879 883 3952 Ladistcus
901 3878 971 3951 IV.
998 3880 1136 3952 ostenti
1163 3880 1226 3951 der
1251 3876 1382 3951 Kircbc
1407 3903 1451 3951 aa
1485 3878 1726 3970 Weisseabcrq

324 4002 481 4093 dortiqea
505 4024 571 4074 oon
596 4000 805 4073 Aaaedm
831 3999 1033 4073 eatbtisatea
1063 3999 1199 4072 Gracci.

480 4163 683 4234 Einpesctcltet
711 4179 764 4218 von
792 4163 852 4218 dem
884 4152 1125 4218 &osaoardeincr
1154 4162 1270 4231 Kapitei
1299 4166 1376 4229 1313,
1409 4162 1484 4232 θήρ.
1514 4162 1724 4231 Kapitelcrcbiv
1759 4163 1794 4217 30

427 4250 594 4319 Kastabarq.

483 4371 707 4442 Unoollstdads'p:
732 4372 819 4438 aare
845 4371 935 4428 Codex
957 4372 1026 4439 VII,
1046 4377 1073 4441 2,
1097 4375 1139 4427 66.
1173 4371 1286 4427 Teatscb
1309 4388 1336 4425 a.
1362 4370 1523 4425 Firobcber
1546 4369 1618 4426 sab.
1641 4371 1724 4426 Urlrb.

427 4457 454 4526 I,
473 4462 533 4513 116.
555 4459 754 4514 liconiensis
772 4463 849 4526 1871,
867 4462 910 4514 67.
928 4459 1113 4513 Deosasicnu
1130 4459 1299 4513 Documentc
1315 4462 1376 4512 412.

479 4578 593 4649 Repeat:
615 4579 777 4635 Tertiaclmi
794 4580 840 4635 tdr
858 4584 935 4648 1889,
952 4584 1014 4635 670.

477 4754 645 4820 ladizlaus
656 4755 706 4820 dei
721 4756 823 4840 gratia
833 4755 1027 4841 Hungariae,
1042 4755 1231 4839 Dalmaciae,
1247 4755 1428 4837 Orouaciae,
1442 4753 1569 4837 Ramae,
1585 4753 1723 4837 Samiae,
1758 4760 1792 4813 35

323 4856 483 4941 Galliciae,
505 4857 721 4941 Indomeriae,
744 4860 917 4925 Oirmaniae
931 4861 1168 4944 Balgariaeque
1190 4880 1249 4924 rex
1264 4859 1424 4923 universis
1439 4858 1556 4922 Christi
1576 4855 1724 4921 fidelibus

322 4966 388 5025 tam
409 4963 630 5046 praesentibus
645 4982 743 5046 quam
758 4963 875 5028 tuturis
889 4984 1041 5048 praesens
1056 4965 1210 5048 scriptum
1225 4962 1417 5047 inspecturis
1432 4961 1569 5026 salutem
1590 4961 1624 5024 in
1646 4978 1723 5024 vero

321 5065 487 5131 salvatore.
509 5065 637 5151 Regalis
659 5068 839 5133 sublimitas
869 5068 964 5141 debet
985 5087 1052 5131 non
1073 5067 1232 5132 inmerito
1255 5066 1461 5130 ecclesiarum
1483 5070 1586 5129 status
1607 5064 1724 5148 pietate

477 5238 498 5303 ¹)
516 5235 622 5306 Sebritt
638 5237 842 5307 pudibundos,
859 5243 905 5293 23
925 5237 1037 5294 Ocnum.

476 5324 499 5388 ¹)
515 5322 701 5392 Daemones,
720 5328 763 5379 1·6
780 5323 893 5380 Ocntirn
1758 5320 1794 5376 40

476 5412 498 5475 ⁸)
518 5409 703 5479 Derbices,
722 5414 768 5466 1·7
785 5410 898 5467 Ocelim

475 5499 497 5555 ‘l
515 5496 701 5566 Danaides,
719 5501 736 5551 1
756 5495 868 5552 Oeatim
