4086 6300
922 559 1078 655 —eer-

401 747 435 801 ἀι
453 745 554 817 Kyaedy
571 747 674 802 &cono
690 746 816 802 eoekaoe
834 752 945 801 noerae
964 745 1150 812 animatam,
1175 745 1228 799 Nr.
1241 748 1301 813 413,
1326 744 1458 799 wdlnard
1473 760 1537 799 eam
1552 746 1596 798 20.
1614 741 1699 812 April

402 838 470 889 1325
495 835 538 888 ala
556 835 665 903 Zoupen
687 839 809 904 panormi
835 834 956 887 werden:
984 833 1102 887 Nicoloo
1121 832 1291 901 praeposito,
1320 831 1419 886 Sardio
1442 835 1566 897 contere,
1596 829 1700 884 loona

401 921 519 988 mmodc,
537 920 685 975 Benedicto
698 921 819 988 plebano
836 919 870 974 de
890 920 1016 975 bluawor
1033 920 1145 985 mano,
1163 919 1216 973 Nr.
1234 922 1294 973 433.

453 1041 566 1096 Druck:
584 1041 672 1109 Fejer
692 1041 783 1097 Codex
805 1041 894 1109 VIII,
911 1046 937 1109 2,
955 1045 1016 1097 589.

246 1165 262 1216 5
460 1162 686 1232 Unoollstdodipr
703 1163 826 1232 Keaalay
844 1161 954 1217 Nolam
973 1163 999 1230 I,
1016 1167 1059 1218 30.
1085 1163 1172 1230 Fep'lr
1192 1163 1282 1218 (ledea
1304 1163 1392 1230 VIII,
1410 1166 1435 1230 6,
1453 1166 1496 1217 85.

456 1338 637 1422 Capitulum
661 1337 812 1403 ecclesiae
826 1338 1069 1403 lbanssiluanae
1092 1338 1242 1402 omnibus
1257 1338 1374 1402 Christi
1386 1336 1534 1401 fidelibus
1548 1355 1700 1419 praesens

297 1441 451 1525 scriptum
473 1442 665 1525 inspecturis
688 1441 823 1506 salutem
845 1441 878 1503 in
895 1442 1039 1505 omnium
1058 1441 1223 1506 salvatore.
1246 1441 1298 1505 Ad
1314 1441 1537 1505 universorum
1554 1440 1699 1504 notitiam

298 1550 361 1608 tam
383 1546 600 1629 praesentium
631 1565 727 1628 quam
757 1545 940 1608 interorum
969 1545 1082 1609 harum
1112 1546 1193 1610 serie
1225 1545 1375 1609 volumus
1403 1543 1580 1628 pervenire,
1613 1543 1700 1626 quod

299 1650 453 1715 accedens
486 1651 526 1714 ad
559 1656 702 1715 nostram
734 1649 946 1733 praesentiam
979 1648 1136 1713 discretus
1169 1649 1219 1712 vir
1248 1649 1442 1714 Benedictus
1472 1646 1628 1731 plebanus
1659 1646 1699 1710 de

232 1758 264 1811 10
299 1753 443 1818 Oluswar
470 1754 706 1818 concanonicus
736 1760 844 1818 noster
873 1772 931 1837 pro
953 1751 1119 1833 Mycbasle
1149 1758 1182 1818 et
1203 1753 1305 1818 Paulo
1327 1772 1365 1816 ac
1385 1753 1516 1835 Tnmpa,
1547 1750 1699 1814 batibus

299 1857 366 1920 suis
388 1857 535 1921 exhibuit
565 1856 658 1921 nobis
680 1860 825 1940 patentes
847 1855 955 1919 literas
978 1854 1137 1938 magnifici
1159 1856 1220 1918 viri
1242 1856 1379 1921 Thomas
1405 1855 1560 1919 vaivodae
1581 1854 1697 1919 Trans-

298 1959 415 2023 siluani
436 1965 469 2024 et
490 1961 614 2024 comitis
637 1959 676 2022 de
695 1958 808 2022 Zonulr
830 1978 867 2022 ac
890 1957 1025 2040 (lybinio
1048 1979 1145 2043 super
1174 1961 1397 2025 commissione
1420 1965 1523 2024 terrae
1546 1978 1604 2023 seu
1625 1978 1700 2043 pos·

299 2063 450 2127 sessionis
472 2064 679 2128 Zentmartun
704 2070 835 2127 vocatae
857 2063 975 2127 eisdem
998 2063 1165 2145 Mychaeli
1188 2064 1288 2128 Paulo
1312 2068 1344 2127 et
1365 2064 1486 2147 Tumpa
1509 2082 1567 2147 per
1588 2061 1700 2125 Ladin·

298 2165 394 2248 laum,
416 2164 517 2230 filium
540 2164 692 2250 Stephani
715 2167 790 2230 dicti
812 2165 924 2249 Lebee,
947 2168 1031 2231 facta
1051 2168 1221 2250 confectas,
1243 2174 1355 2251 petens
1370 2186 1430 2231 nos
1450 2186 1524 2230 cum
1539 2167 1700 2248 instantis,

233 2276 265 2328 15
300 2275 338 2332 ut
359 2269 588 2333 continentiam
617 2270 758 2353 ipsarum
785 2271 951 2335 literarum
981 2272 1020 2334 ad
1050 2271 1206 2335 cautelam
1234 2276 1268 2335 et
1298 2271 1451 2335 maiorem
1477 2269 1702 2334 certitudinem

300 2373 418 2437 nostris
440 2374 537 2437 inseri
552 2373 653 2437 literis
668 2374 845 2439 laceremus
860 2380 892 2439 et
914 2374 1016 2459 sigillo
1033 2381 1142 2439 nostro
1157 2374 1356 2438 communiri.
1380 2372 1523 2451 Quarum
1537 2372 1700 2437 literarum

300 2482 392 2541 tenor
421 2476 493 2540 talis
523 2482 579 2541 est.
617 2475 722 2562 (Folpt
750 2479 799 2543 die
830 2477 976 2543 Urbunde
1005 2479 1056 2542 des
1085 2477 1256 2543 Woiwoden
1282 2475 1414 2542 Thanar
1442 2496 1500 2540 oon
1528 2476 1617 2539 1324
1641 2474 1702 2549 Nr.

301 2580 394 2662 426.)
430 2580 498 2645 Nos
527 2581 625 2663 igitur
654 2582 862 2665 petitionibus
890 2584 992 2667 ipsius
1015 2582 1180 2646 Benedicti
1209 2582 1336 2667 plebani
1365 2581 1460 2644 iustis
1490 2585 1523 2644 et
1552 2578 1702 2663 legitimis

299 2691 488 2766 annuentes,
511 2685 587 2767 quia
608 2686 692 2768 ipsas
714 2685 822 2750 literas
837 2688 1050 2771 comperimus
1065 2688 1205 2770 integras
1226 2688 1260 2750 in
1276 2686 1386 2750 charta
1407 2689 1440 2748 et
1462 2683 1565 2766 sigillo
1587 2688 1619 2747 et
1633 2703 1700 2748 non

230 2793 265 2846 ‘20
300 2787 497 2870 cancellatas,
526 2808 592 2851 uon
615 2788 751 2871 abrasas,
781 2808 846 2851 nou
869 2788 1003 2852 abolitas
1026 2809 1085 2853 nec
1107 2790 1139 2852 in
1164 2790 1272 2871 eliqua
1301 2788 1351 2852 sui
1371 2793 1463 2871 parte
1485 2786 1621 2869 vitiatas,
1654 2793 1702 2852 te-

299 2911 409 2955 norem
439 2892 613 2956 earundem
642 2892 805 2957 literarum
837 2892 877 2955 de
907 2893 1005 2957 verbo
1033 2893 1074 2957 ad
1102 2893 1237 2956 verbum
1268 2890 1490 2976 praesentibus
1515 2891 1702 2955 transscribi

300 2994 433 3059 fecimus
456 3003 488 3059 et
510 2996 612 3079 sigillo
636 3001 745 3060 nostro
767 2996 949 3060 authentico
960 2996 981 3074 ²)
1004 2998 1201 3061 communiri.
1224 2996 1344 3061 Datum
1358 2996 1392 3058 in
1410 2994 1532 3058 scavis
1553 2993 1701 3078 purifica·

300 3099 396 3163 tionis
418 3099 528 3164 beatae
551 3101 693 3183 virginis,
722 3120 806 3165 anno
829 3101 950 3165 domiui
971 3079 1013 3165 il.
1037 3078 1139 3165 ὁὸὒ.
1163 3079 1239 3165 XX
1263 3105 1384 3183 quarto.
1415 3097 1546 3162 Nicolao
1569 3117 1702 3182 praepo-

300 3204 370 3285 sito,
393 3202 490 3267 Sento
513 3208 651 3283 cantore,
666 3202 786 3267 lboma
806 3204 947 3286 custode,
970 3204 1113 3267 Adriano
1133 3204 1354 3268 archidiacono
1377 3203 1417 3266 de
1439 3201 1556 3284 Kyzdy
1579 3202 1700 3266 decano

231 3309 265 3364 25
301 3305 451 3371 ecclesiae
473 3312 601 3371 nostrae
625 3306 845 3371 existentibus.

954 3615 1047 3698 431.

378 3797 477 3870 Deva
508 3800 613 3868 1325
640 3795 746 3888 April
771 3800 829 3868 12.
878 3795 1050 3869 Woiwodc
1079 3796 1226 3870 flames
1261 3798 1398 3869 ersacbt
1432 3796 1497 3868 dos
1531 3794 1702 3869 Weissen-

301 3918 426 4009 burper
460 3917 604 4009 Kapitel
637 3942 697 3989 am
732 3917 996 4009 Beploabioaop
1030 3919 1145 3990 seinor
1187 3917 1352 3990 Urbamde
1383 3918 1455 4005 fair
1493 3917 1549 3989 die
1584 3917 1704 3990 Erbea

301 4033 496 4130 Heaaiaq’s
520 4062 586 4111 oon
613 4039 823 4128 Peteredorf.

232 4203 267 4257 30
457 4202 661 4272 Eiapcscboltei
685 4203 728 4257 als
751 4207 834 4257 aeus
856 4202 950 4257 Insert
973 4218 1027 4258 oon
1051 4204 1111 4257 dem
1135 4202 1358 4271 Weissenbarper
1383 4200 1499 4270 Kopitel
1522 4204 1600 4269 1325,
1627 4201 1704 4270 Θήρ.

409 4288 514 4360 Unpar.
532 4288 741 4344 Laadcsorcbs'o
759 4289 911 4357 Badapcst.

456 4410 568 4466 Druck:
592 4410 679 4478 chlr
705 4409 795 4465 (lodex
817 4409 906 4478 VIII,
929 4413 956 4479 2,
980 4414 1040 4465 651.
1076 4409 1199 4480 Kanna
1216 4408 1329 4464 Notlts'o
1352 4409 1379 4476 1,
1404 4412 1463 4464 100.
1503 4408 1704 4464 Tranoiloom‘a

406 4500 483 4566 rem,
502 4499 562 4553 152.

457 4670 545 4736 Viris
567 4670 711 4735 discretis
741 4674 774 4734 et
803 4671 945 4735 honestis
967 4670 1105 4754 capitulo
1127 4670 1261 4735 Albensi
1287 4671 1438 4736 ecclesiae
1459 4670 1703 4735 ibaussiluanae

234 4784 267 4836 35
304 4775 441 4839 dominis
463 4781 495 4840 et
517 4773 626 4838 amicis
655 4776 723 4839 suis
745 4774 930 4838 reverendis
950 4774 1085 4838 Thomas
1115 4774 1252 4838 rairoda
1272 4773 1517 4838 lbaussiluanus
1544 4779 1577 4838 st
1598 4794 1705 4839 comas

303 4879 342 4943 de
357 4878 471 4943 Zonuk
492 4878 662 4942 amicitiam
683 4884 824 4963 paramur
847 4897 922 4942 cum
936 4878 1117 4942 reverentia
1138 4882 1171 4941 et
1190 4878 1319 4942 honore.
1343 4877 1478 4942 Noverit
1498 4884 1607 4943 vestra
1626 4879 1704 4941 ami-

302 4983 384 5065 citia,
407 4982 495 5064 quod
517 4981 661 5046 misimus
683 4983 724 5046 nd
746 4988 886 5048 vestram
908 4982 1132 5046 discretionem
1153 4979 1352 5062 Mychaelem
1375 4980 1615 5045 vicevaivodam
1629 5000 1704 5044 nos·

302 5092 389 5151 trum
410 5094 443 5151 ct
464 5086 572 5151 literas
594 5090 720 5150 nostras
748 5090 893 5169 patentes
920 5087 992 5151 rice
1022 5090 1055 5151 et
1082 5085 1211 5149 nomine
1233 5090 1343 5148 nostro
1369 5084 1424 5147 illa
1445 5084 1648 5149 manifestare
1671 5088 1704 5148 et

302 5190 460 5256 affirmare
489 5210 596 5255 coram
618 5190 719 5273 vobis,
754 5209 837 5272 quas
859 5189 1000 5254 seriatim
1021 5189 1056 5252 in
1078 5189 1179 5253 literis
1209 5189 1327 5253 uostris
1349 5186 1532 5272 patentibus
1554 5186 1706 5251 indebitis

233 5300 269 5356 40
304 5296 468 5360 contineri.
494 5294 586 5359 Unde
607 5294 802 5376 requirimus
824 5293 994 5358 amicitiam
1015 5298 1156 5358 vennam
1180 5292 1402 5377 praesentibus
1425 5291 1602 5375 diligenter,
1626 5310 1706 5374 qua·

459 5432 481 5499 ¹)
502 5431 638 5500 Vorlope:
655 5429 788 5485 attentico.
