4084 6302
912 624 1066 720 443}-

287 804 522 900 prorogationis'
542 820 575 880 et
596 815 755 899 pendente
777 814 832 879 lite
854 815 1023 898 praedictis
1044 814 1185 879 lohanni
1215 814 1343 878 domino
1367 834 1426 878 suo
1449 819 1482 879 et
1505 815 1575 898 Apa
1596 814 1685 877 trahi

287 920 407 983 domini
437 920 488 983 sni
518 938 643 983 necnon
673 921 906 1004 pertinentibus
936 919 977 983 ad
999 919 1126 983 eosdem
1154 918 1293 982 indebite
1315 925 1347 982 et
1377 916 1502 999 iniuste,
1533 925 1596 982 tam
1627 920 1685 981 im-

287 1024 561 1108 pignorationibus
584 1030 616 1087 et
638 1024 910 1103 artestationibus,
935 1043 1030 1106 quam
1046 1024 1079 1086 in
1102 1023 1172 1085 aliis
1195 1023 1347 1086 molestiis
1370 1028 1402 1086 et
1424 1023 1549 1086 iniuriis
1571 1023 1686 1086 damna

289 1129 522 1211 quinquaginta
544 1147 723 1191 marcarum
741 1127 902 1191 intulisset
924 1134 956 1191 et
970 1127 1080 1191 inferri
1097 1127 1224 1191 fecisset
1240 1127 1273 1189 in
1288 1126 1518 1210 praeiudicium
1534 1126 1684 1210 praedicti

235 1240 251 1291 5
286 1231 443 1296 lobannis
465 1231 585 1295 domini
608 1231 658 1295 sui
681 1238 713 1295 et
734 1233 807 1315 Apa
827 1232 934 1295 fratris
956 1231 1076 1294 domini
1107 1233 1157 1295 sui
1181 1249 1244 1294 non
1269 1231 1429 1294 modicum
1452 1236 1485 1294 et
1505 1249 1684 1313 gravamen.

287 1334 392 1411 Quare
406 1335 535 1399 nomine
553 1355 616 1417 quo
629 1354 725 1418 supra
740 1334 824 1399 idem
835 1335 856 1399 J
858 1336 999 1399 ohannes
1014 1333 1099 1398 filius
1111 1334 1240 1398 Martini
1256 1334 1338 1398 dixit
1350 1334 1554 1418 protestando
1571 1339 1602 1397 et
1612 1352 1685 1417 pro·

287 1444 421 1503 testatus
433 1439 558 1503 exstitit
572 1438 701 1502 oraculo
716 1438 811 1502 vivae
825 1439 922 1520 vocis,
938 1437 1024 1519 quod
1038 1438 1219 1502 huiusmodi
1235 1437 1341 1500 damni
1357 1438 1455 1501 illatio
1471 1444 1504 1501 et
1518 1438 1654 1502 iniuriae
1663 1441 1684 1511 ¹>

287 1542 371 1606 facta
392 1548 424 1606 et
446 1542 553 1605 habita
574 1541 842 1626 perpraedictum
857 1542 1065 1624 Henningum
1082 1542 1121 1605 de
1144 1541 1221 1604 villa
1234 1541 1346 1605 Jacohi
1360 1542 1530 1625 praedictis
1545 1541 1685 1605 iohanni

287 1652 319 1710 et
329 1648 401 1728 Apa
415 1646 489 1709 filiis
500 1645 611 1709 lacobi
629 1645 740 1710 obesse
756 1652 788 1709 et
802 1646 1020 1728 praeiudicare
1032 1665 1095 1709 non
1110 1645 1223 1709 debeat
1235 1665 1294 1709 nec
1316 1645 1424 1730 possit
1449 1645 1526 1725 quin
1543 1663 1602 1708 suo
1614 1643 1684 1707 loco

222 1757 256 1810 10
290 1757 322 1813 et
344 1755 486 1833 tempore
501 1750 608 1812 omnia
623 1749 747 1829 damna,
771 1749 918 1812 iniuriam
935 1755 968 1812 et
988 1749 1143 1813 interesse
1165 1748 1346 1832 praedictus
1357 1748 1521 1812 Johannes
1536 1748 1685 1811 dominus

287 1873 367 1917 suus
398 1853 474 1917 item
497 1855 569 1936 Apa
599 1852 696 1917 irater
725 1852 845 1915 domini
868 1853 917 1916 sui
940 1871 998 1937 per
1020 1871 1054 1916 se
1084 1853 1135 1916 vel
1157 1870 1215 1935 per
1245 1852 1324 1916 alios
1353 1852 1457 1936 palam
1480 1852 1531 1915 vel
1562 1851 1685 1915 occulte

285 1956 320 2018 in
342 1956 459 2019 iudicio
483 1956 535 2020 vel
558 1961 650 2020 extra
671 1956 825 2021 iudicium
848 1957 1001 2040 prosequi
1024 1962 1056 2020 et
1078 1955 1155 2020 alias
1178 1957 1228 2021 ius
1250 1975 1362 2020 eorum
1385 1956 1539 2037 consequi
1561 1955 1685 2038 possint

286 2065 319 2124 et
341 2059 468 2124 valeant
489 2060 593 2141 modo,
616 2061 726 2125 ordine
749 2080 786 2124 ao
801 2061 903 2124 forma
918 2059 1036 2142 quibus
1052 2060 1149 2124 fuerit
1164 2080 1205 2144 op
1248 2064 1388 2123 rtunum.
1411 2058 1530 2123 Datum
1546 2058 1682 2124 Sabbato

286 2164 432 2247 proximo
455 2170 529 2229 ante
552 2164 742 2228 dominicam
766 2162 866 2247 Oculi,
889 2184 973 2228 anno
997 2164 1117 2228 domini
1139 2142 1181 2227 hl.
1230 2141 1298 2228 ‚db
1329 2141 1431 2229 XXX
1454 2169 1555 2228 sexto,

219 2310 251 2361 15
441 2301 516 2386 Ans
531 2302 586 2366 der
607 2302 781 2367 thlraer'te:
803 2303 866 2367 Pro
881 2303 1029 2368 Johaune
1051 2309 1084 2367 et
1099 2304 1170 2387 Apa
1190 2302 1265 2367 filiis
1285 2302 1397 2367 Jacobi
1419 2301 1465 2365 fili
1480 2303 1553 2385 Apa
1574 2308 1685 2365 contra

285 2403 493 2488 Henningum
522 2407 561 2470 de
593 2406 668 2469 villa
689 2406 800 2470 lacobi
828 2427 924 2491 super
944 2407 1086 2471 illatione
1095 2408 1117 2485 ²)
1148 2407 1382 2490 quinquaginta
1411 2425 1589 2469 marearum
1611 2425 1684 2489 pro·

285 2508 500 2574 testationalis.

941 2770 1030 2853 521.

362 2936 470 3004 1336
495 2934 604 3006 Mora
621 2938 685 3006 22.
713 2934 791 3007 Dos
816 2933 1097 3026 Wciaseatraper
1113 2935 1259 3027 Kopitel
1284 2934 1430 3025 bmcupt,
1459 2933 1540 3005 dass
1567 2932 1685 3005 Comes

216 3068 251 3125 20
286 3052 456 3126 Manuos
490 3078 555 3128 voa
583 3055 760 3128 Tohneecb
794 3056 850 3128 dic
883 3056 1116 3148 Besitaanqca
1141 3055 1351 3144 Petersdorf
1376 3055 1450 3127 arad
1483 3054 1693 3146 Rependorf

282 3176 396 3249 maer
421 3174 522 3249 lira
547 3176 728 3251 Elisabeth
753 3177 948 3269 atpetrctcn
973 3177 1042 3250 hat.

442 3338 519 3411 Θήρ.
536 3340 618 3412 Pery.
640 3340 745 3412 Upper.
763 3341 971 3397 Landeaarrba'o
988 3341 1140 3412 Budopest.
1163 3340 1251 3413 δῶρά
1268 3357 1328 3396 war
1346 3340 1510 3411 anprhdnpt.

439 3514 622 3600 Capitulum
652 3516 802 3582 eeclesiae
823 3517 1067 3581 Transsiluanae
1098 3516 1246 3582 omnibns
1272 3516 1388 3582 Christi
1416 3515 1563 3580 fidelibus
1593 3534 1683 3599 prae·

283 3625 406 3683 sentem
427 3621 575 3703 paginam
598 3620 788 3704 inspecturis
811 3621 946 3684 salutern
972 3622 1005 3683 in
1029 3620 1172 3683 omnium
1196 3621 1362 3684 salvatore.
1384 3620 1436 3684 Ad
1459 3596 1683 3684 univer'sorurn

215 3730 249 3783 25
284 3722 429 3786 notitiam
452 3729 516 3786 tam
539 3725 754 3806 praesentium
778 3744 873 3806 quarn
897 3726 1079 3788 futurorum
1104 3725 1214 3788 harum
1238 3725 1320 3789 serie
1335 3723 1485 3788 volumus
1507 3723 1683 3806 pervenire,

284 3826 371 3908 quod
393 3846 500 3890 comes
521 3826 674 3891 Nicolaus
702 3827 788 3892 filius
810 3828 958 3893 Gorrardi
981 3828 1020 3892 de
1042 3827 1208 3891 Tolmacoh
1231 3848 1338 3892 coram
1369 3827 1461 3891 nobis
1490 3828 1683 3891 constitutus

283 3930 366 3994 dixit
387 3937 420 3996 et
445 3931 611 4015 proposuit
640 3937 738 4013 atque
767 3933 933 3996 confessus
963 3932 1087 3995 exstitit
1117 3932 1245 3995 oraculo
1277 3933 1386 3996 vivae·
1401 3932 1497 4011 vocis,
1528 3929 1681 4011 quasdam

282 4034 500 4118 possessiones
522 4054 597 4099 suas
619 4035 806 4107 Peturiolua
837 4043 869 4100 et
890 4035 1059 4119 Ripaiolua
1081 4042 1281 4121 nuncupatas
1311 4036 1345 4098 in
1367 4035 1443 4099 sede
1466 4034 1540 4098 soll
1561 4033 1679 4097 consti-

284 4144 378 4220 tutas,
405 4140 492 4202 etin
514 4139 734 4203 concambium
766 4138 966 4220 quarundam
996 4139 1129 4202 aliarum
1160 4139 1398 4223 possessionum
1428 4156 1559 4201 suarum
1590 4137 1679 4199 here·

214 4248 249 4302 30
283 4242 467 4307 ditariarum
484 4241 547 4305 Sile
570 4248 603 4305 et
617 4242 743 4307 Meduis
766 4246 950 4305 vocatarum
973 4242 1013 4304 ad
1031 4261 1104 4306 eum
1128 4242 1295 4306 devolutas
1310 4248 1343 4306 et
1357 4241 1534 4321 translatas,
1556 4240 1678 4303 ratione

282 4350 315 4409 et
335 4345 464 4409 nomine
487 4345 570 4409 dotis
593 4364 630 4408 ao
651 4365 759 4410 rerum
782 4346 1059 4429 paraphernalium
1089 4365 1214 4410 necnon
1235 4366 1294 4429 pro
1317 4347 1390 4409 dote
1416 4351 1448 4408 et
1469 4343 1566 4407 rebus
1587 4361 1678 4427 para-

281 4448 487 4533 phernalibus
509 4449 656 4512 dominae
678 4448 842 4513 Elisabeth
864 4451 1021 4513 consortis
1043 4470 1128 4532 suae,
1150 4450 1233 4515 filiae
1256 4450 1419 4533 quondam
1433 4447 1526 4529 Elley
1541 4446 1679 4510 vicovai·

282 4552 384 4616 vodae
407 4552 447 4617 de
460 4552 603 4617 Turusco
626 4552 729 4616 adhuc
751 4553 889 4617 viventis
911 4553 1014 4617 eidem
1037 4554 1184 4619 dominae
1198 4554 1342 4619 Elisabet
1357 4554 1490 4633 dedisse,
1512 4550 1679 4614 tradidisse

282 4674 356 4719 cum
379 4656 466 4720 omni
488 4675 526 4721 eo
543 4657 613 4721 iure
636 4665 668 4721 et
683 4657 824 4720 dominio
846 4678 883 4721 ao
906 4656 966 4721 sub
983 4658 1102 4723 eisdem
1124 4659 1218 4722 metis
1240 4663 1272 4721 et
1293 4657 1446 4736 terminis,
1469 4674 1542 4719 cum
1567 4674 1631 4735 qno
1647 4661 1679 4718 et

212 4765 247 4820 35
282 4759 342 4823 sub
366 4759 484 4842 quibus
506 4766 563 4824 ant
584 4780 656 4824 cum
681 4760 798 4843 quibus
821 4761 887 4844 ipse
910 4762 1022 4842 tenuit
1056 4762 1198 4845 possedit
1218 4768 1251 4825 et
1273 4761 1391 4839 habuit
1415 4759 1563 4823 videlicet
1585 4758 1678 4823 terris

281 4863 463 4946 arabilibus,
486 4865 583 4946 silvis,
606 4865 707 4947 aquis
730 4866 837 4948 pratis,
860 4866 983 4947 tenetis,
1006 4866 1135 4949 piscinis
1157 4872 1189 4929 et
1204 4865 1388 4931 nemoribus
1403 4865 1442 4928 ad
1466 4863 1592 4928 easdem
1608 4882 1679 4946 per·

283 4967 459 5032 tinentibus
481 4973 514 5032 et
535 4968 694 5052 pertinere
716 4967 830 5031 debitis
852 4974 885 5032 et
905 4971 1066 5033 consuetis
1088 4969 1266 5053 praedictae
1289 4969 1435 5033 dominae
1456 4967 1619 5032 Elisabeth
1646 4973 1679 5031 et

279 5090 430 5155 peream
452 5072 519 5135 suis
548 5070 727 5151 heredibus,
758 5072 785 5135 si
815 5092 896 5154 quos
926 5078 990 5136 tarn
1020 5073 1060 5137 ab
1089 5074 1158 5157 ipso
1189 5093 1286 5155 qnam
1309 5073 1348 5137 ab
1374 5073 1436 5136 alio
1458 5073 1491 5135 in
1515 5078 1677 5155 posterum

280 5173 396 5239 habere
417 5174 625 5257 contingeret,
647 5181 801 5259 perpetuo
824 5180 857 5240 et
870 5175 1119 5241 irrevocabiliter
1134 5178 1297 5255 tenendas,
1319 5176 1526 5261 possidendas
1548 5175 1678 5259 pacifice

210 5283 245 5338 40
280 5277 388 5361 quiete
409 5283 507 5360 atque
529 5278 698 5361 habendas,
720 5280 938 5344 renunciando
961 5287 993 5345 et
1014 5281 1155 5345 cedendo
1171 5281 1257 5345 omni
1279 5281 1341 5345 iuri
1365 5300 1402 5344 ac
1417 5280 1566 5363 dominio,
1590 5279 1677 5366 quod

437 5414 457 5483 ¹)
480 5412 636 5470 Verbum
653 5431 720 5470 aaa:
737 5415 839 5470 iniuria

435 5502 458 5571 1)
480 5499 613 5571 Μῶμε
629 5498 718 5556 illatio.
