4064 6288
899 612 1053 707 *rr-

414 798 634 954 damam
657 814 711 854 voa
733 799 794 854 dem
816 798 1030 853 Virewoa'wodea
1049 795 1204 852 nauatam
1222 798 1299 863 1341,
1326 793 1402 864 Θήρ.
1426 794 1530 864 Upper.
1548 792 1672 849 Laudes·

379 903 415 939 or
445 885 474 939 io
491 886 518 938 B
625 890 643 938 t.

432 1006 543 1060 Draolt:
567 1005 623 1060 Die
649 1006 946 1075 Grundoerfassuupen
969 1008 1019 1073 68,-
1047 1009 1072 1058 2.
1091 1004 1166 1070 Auli.
1184 1006 1227 1058 59.
1258 1002 1344 1070 Pejor
1371 1001 1461 1058 (lodex
1483 1001 1539 1068 IV,
1564 1006 1589 1069 1,
1612 1004 1673 1057 275.

384 1093 495 1147 Teatedt
512 1110 539 1146 a.
559 1092 720 1146 Firrdtaber
738 1091 810 1147 Siab.
833 1091 915 1145 orto.
934 1090 960 1145 I.
979 1094 1021 1145 65.

224 1216 242 1268 5
436 1212 660 1283 Uavollatdada'p:
678 1214 758 1282 Pruy
775 1212 879 1267 Annei.
898 1228 952 1282 rep.
972 1211 1067 1280 Hane.
1086 1211 1112 1278 Ι,
1130 1213 1190 1264 274.
1215 1208 1331 1264 Katoao
1348 1208 1424 1263 Hist.
1443 1208 1503 1263 m't.
1527 1207 1578 1276 VI,
1597 1211 1638 1263 10.

406 1365 409 1371 -
433 1333 546 1404 Royan:
569 1333 678 1389 Wemel
695 1333 803 1389 Ababa
819 1336 863 1388 23.

430 1492 509 1557 Bela
531 1492 582 1556 dei
611 1493 712 1575 gratia
732 1490 925 1574 Hungeriae
955 1489 1143 1569 Damoetae,
1171 1488 1349 1570 Ohroeoiae,
1379 1487 1505 1565 Remus,
1536 1486 1675 1568 Seruiae,

277 1594 435 1677 (ludicius,
449 1594 656 1659 lodomer'ise
671 1594 909 1676 Cumanioeque
926 1612 985 1657 rex
1009 1593 1168 1657 universis
1183 1591 1299 1656 Christi
1314 1590 1462 1656 fidelibus
1476 1595 1675 1675 praesentem

277 1698 424 1780 paginam
451 1698 643 1781 inspecturis
672 1697 807 1761 salutem
835 1697 868 1759 in
899 1715 975 1760 vero
1002 1695 1140 1759 salutari.
1173 1694 1272 1758 Iustis
1305 1694 1482 1779 petentium
1513 1693 1677 1757 desideriis

209 1809 244 1863 10
277 1805 403 1882 gratum
426 1801 513 1884 regia
534 1801 689 1865 celsitudo
713 1800 807 1864 debet
827 1799 979 1883 praebere
998 1817 1200 1878 eonsensum,
1222 1804 1259 1861 ut
1280 1797 1422 1862 fidelium
1445 1798 1615 1881 propositis
1636 1797 1677 1859 ad

277 1909 352 1966 vota
381 1904 545 1988 eompletis
575 1906 615 1968 sd
638 1905 791 1987 obsequia
820 1903 926 1977 debite
948 1908 1113 1966 teneamur
1141 1902 1359 1985 promptiores.
1392 1900 1477 1964 Hine
1500 1907 1549 1964 est
1590 1900 1677 1981 quod

276 2008 502 2072 universorum
517 2010 648 2072 notitiae
669 2014 735 2072 tam
756 2007 973 2091 praesentium
989 2024 1086 2087 quam
1100 2010 1301 2088 posterorum
1320 2004 1470 2069 volumus
1491 2003 1561 2068 fieri
1575 2003 1677 2069 mani-

277 2110 403 2191 festum,
435 2112 522 2192 quod
544 2132 618 2175 oum
640 2111 766 2176 fidelem
796 2116 941 2174 nostrum
963 2108 1177 2173 Leurenoium
1200 2108 1368 2171 vaivodam
1393 2113 1466 2191 post
1492 2106 1676 2171 conflictum

277 2213 480 2277 Tartarorum
496 2215 654 2300 adportes
668 2214 908 2278 Transsiluanas
919 2214 1125 2293 misissemus,
1140 2218 1177 2274 ut
1187 2211 1323 2295 populos
1339 2216 1465 2274 nostros
1480 2210 1679 2292 recolligeret

209 2326 243 2379 15
279 2323 312 2379 et
341 2336 483 2398 eaquae
505 2318 566 2381 sibi
594 2319 783 2382 viderentur
810 2318 845 2379 in
867 2322 952 2380 terra
981 2315 1036 2378 illa
1057 2314 1150 2378 nobis
1172 2320 1205 2378 et
1234 2333 1332 2397 regno
1362 2321 1471 2377 nostro
1494 2313 1586 2377 utilia
1607 2313 1677 2376 vioe

280 2427 389 2484 nostra
410 2427 442 2485 et
464 2422 651 2485 auctoritate
674 2422 843 2503 ordinaret,
874 2421 978 2483 dietus
999 2417 1195 2481 Laurenoius
1217 2417 1361 2498 vaivoda,
1384 2417 1589 2481 considerans
1611 2435 1677 2480 ser·

278 2525 393 2587 vitium
421 2544 457 2587 ao
479 2523 663 2589 fidelitatem
692 2544 750 2609 per
773 2524 928 2607 quosdam
949 2522 1158 2586 Theotonioos
1179 2508 1332 2585 lentenk'
1355 2521 1502 2585 videlicet
1530 2521 1677 2583 comitem

278 2634 311 2692 et
324 2628 545 2691 Hermannum
568 2629 682 2693 fratres
703 2629 796 2691 nobis
819 2627 1002 2708 exhibitam,
1018 2625 1137 2689 eisdem
1161 2625 1314 2707 quasdam
1337 2632 1438 2687 terras
1461 2624 1555 2687 castri
1577 2623 1679 2687 nostri

279 2731 318 2794 de
330 2729 471 2811 Dobolra,
486 2730 666 2796 Fetatelelre
679 2731 826 2795 videlioet
836 2728 1092 2793 Beohunatelolre
1107 2737 1139 2792 et
1154 2728 1363 2811 Ohegetelelre
1377 2727 1514 2791 contulit
1523 2732 1678 2810 perpetuo

208 2841 244 2895 20
279 2834 494 2917 possidendas,
518 2834 695 2898 Christiano
711 2853 787 2898 vero
803 2853 920 2917 sponso
936 2832 1094 2895 dictorum
1108 2832 1253 2897 lentenk
1275 2838 1308 2896 et
1325 2832 1502 2896 Hermauni
1518 2831 1679 2912 quandam

279 2944 396 3002 terram
418 2938 512 3002 villae
527 2938 680 3021 Nogp'iolu
695 2939 886 3002 existentem
908 2937 949 2999 ud
971 2936 1084 3018 viginti
1100 2942 1204 2997 aratra
1225 2934 1265 2997 ad
1288 2954 1347 2997 nos
1368 2934 1581 3018 pertinentem
1603 2952 1680 2995 oon-

280 3041 355 3104 tulit
376 3042 470 3104 etiam
487 3041 527 3104 ob
542 3042 832 3105 remunerationem
848 3040 969 3104 servitii
991 3039 1041 3103 sui
1057 3045 1090 3101 et
1110 3036 1272 3101 fidelitatis
1286 3042 1440 3120 perpetuo
1455 3036 1679 3120 possidendam

279 3150 312 3208 et
333 3144 393 3207 hoo
414 3144 499 3207 idem
514 3144 606 3208 nobis
621 3144 731 3209 retulit
746 3145 850 3208 dietus
860 3143 1057 3208 laurencius
1079 3139 1223 3216 vaivoda,
1245 3160 1320 3203 oum
1341 3138 1544 3223 postmodum
1565 3139 1605 3202 ad
1620 3158 1680 3203 nos

279 3249 421 3312 venisset
437 3249 512 3311 viva
532 3268 619 3312 voce.
641 3247 726 3311 Dioti
748 3267 825 3312 vero
839 3245 984 3312 lentenlr
1006 3250 1038 3308 et
1052 3244 1258 3307 Hermannus
1279 3264 1354 3307 oum
1369 3242 1547 3307 Christiano
1563 3261 1680 3326 sponso

209 3358 244 3412 25
280 3352 454 3416 eorundem
477 3352 516 3414 ad
532 3371 592 3415 nos
615 3352 801 3416 aecedentes
816 3352 1007 3434 petiverunt
1030 3354 1068 3410 ut
1090 3347 1150 3411 sibi
1172 3347 1374 3411 collationem
1395 3345 1497 3410 fidelis
1512 3344 1681 3409 laurencii

280 3455 435 3519 vaivodae
464 3460 538 3518 ante
568 3454 644 3517 dicti
671 3454 859 3518 confirmare
889 3453 1100 3535 dignaremur.
1138 3450 1206 3514 Nos
1228 3450 1337 3532 itaque
1358 3449 1451 3513 iustis
1472 3449 1680 3532 petitionibus

280 3577 391 3622 eorum
413 3562 592 3622 annuentes
614 3564 647 3620 et
668 3556 868 3620 collationem
888 3555 992 3620 fidelis
1017 3555 1118 3619 nostri
1132 3553 1300 3617 Laurenoii
1319 3552 1473 3615 vaivodue
1490 3571 1584 3635 saepe
1605 3552 1682 3616 dieti

280 3668 381 3726 ratam
409 3668 441 3726 et
469 3661 592 3724 firmam
626 3660 787 3741 habentes,
822 3660 955 3723 eandem
985 3658 1210 3722 confirmemus
1239 3662 1271 3720 et
1301 3656 1522 3739 praesentibus
1555 3656 1681 3739 seriptis

282 3765 418 3849 duplicis
440 3765 534 3848 sigilli
556 3765 659 3828 nostri
678 3764 853 3827 munimine
874 3762 1031 3826 roboratis
1045 3761 1288 3825 communimus
1310 3758 1429 3823 Datum
1452 3779 1537 3823 anno
1560 3760 1680 3824 domini

210 3875 247 3931 ³0
281 3870 347 3934 M·
365 3869 582 3933 ducentesimo
599 3867 840 3950 quadragesimo
863 3867 965 3946 tertio,
981 3870 1074 3930 sexto
1090 3863 1251 3929 Kalendas
1265 3863 1438 3945 Februarii,
1461 3864 1551 3947 regni
1573 3868 1681 3928 autem

280 3973 381 4037 nostri
404 3991 488 4036 anno
512 3971 642 4036 decimo.

948 4173 1014 4255 80.

359 4339 582 4431 Lyoa1245
604 4337 764 4409 Februor
781 4340 845 4407 22.
874 4335 984 4427 Papst
1002 4336 1173 4407 Iaaooaae
1189 4332 1260 4405 IV.
1284 4337 1445 4425 oestottet
1470 4331 1548 4402 dam
1574 4329 1684 4401 duret

282 4462 349 4534 deu
368 4459 666 4548 Tartareaeiasoll
687 4458 929 4550 pesebddiqtea
946 4456 1077 4528 Pleboa
1098 4478 1164 4527 ooo
1180 4453 1371 4525 Matthaei
1391 4451 1547 4524 lluoder
1563 4471 1684 4522 ausser

214 4607 249 4662 es
282 4584 397 4654 seiaer
423 4580 583 4670 Pfrr’tade
608 4581 683 4651 otae
709 4579 819 4649 oodro
844 4576 1006 4666 Psritade
1030 4598 1076 4646 eu
1101 4574 1336 4646 monebam.

439 4743 565 4813 Repieter
587 4741 796 4797 Votikuaisclwo
813 4741 924 4795 Arabio.

439 4864 550 4918 Wucb:
572 4863 687 4918 llteinar
705 4861 782 4915 Mon.
802 4861 897 4930 Hunp.
916 4859 942 4928 I,
961 4863 1020 4915 192.
1061 4856 1170 4912 Weaael
1190 4856 1255 4912 uod.
1273 4856 1381 4926 simod.
1399 4855 1444 4923 II,
1463 4859 1522 4910 171.
1557 4852 1682 4908 Vereins·

386 4950 481 5005 arctio
498 4950 577 5005 Norae
595 4949 682 5019 Foloe
705 4948 737 5016 V,
754 4952 815 5003 237.
840 4947 1025 5001 Deaeuaioau
1042 4944 1208 4999 Domanmte
1225 4946 1285 4998 219.

439 5070 551 5140 Repaat:
569 5069 696 5125 Pottbast
715 5068 832 5139 Reperio
850 5067 904 5122 Nr.
917 5070 1011 5122 11568.

214 5252 251 5307 40
439 5246 649 5309 Innocentius
679 5245 847 5328 episcopus
870 5292 998 5305 .....
1028 5240 1144 5305 dilecto
1169 5239 1235 5304 filio
1263 5238 1457 5303 Theodorioo
1480 5235 1615 5321 plebano
1645 5235 1685 5299 de

284 5349 481 5414 Malembaoh
506 5350 659 5414 canonico
683 5347 857 5412 Cibiniensi
882 5345 1117 5411 Ultresilvanae
1140 5343 1274 5407 diocesis
1296 5341 1431 5406 salutem
1453 5390 1581 5405 .....
1604 5339 1686 5404 Cum

283 5451 447 5535 beneficia,
478 5471 559 5535 quae
589 5453 624 5517 in
652 5452 797 5536 partibus
818 5450 978 5534 Ungariae
1005 5448 1138 5529 obtines,
1168 5465 1225 5530 per
1245 5445 1449 5511 Tartarorum
1470 5444 1591 5509 rabiem
1621 5444 1686 5508 sint
