4106 6294
989 664 1007 669 ,
1026 575 1143 670 ht-

365 785 424 829 nos
446 784 519 828 oum
541 764 695 828 instantia
716 764 878 829 humililer
893 770 926 829 et
948 765 1072 847 devote,
1095 772 1132 830 ut
1153 768 1238 851 ipsas
1254 765 1293 830 de
1309 766 1407 829 verbo
1430 766 1471 830 ad
1493 767 1628 832 verbum
1649 768 1767 833 nostris

364 869 463 933 literis
493 867 672 949 inserendo,
703 868 867 939 velificare,
898 869 1073 953 approbare
1104 875 1136 934 et
1165 870 1352 935 confirmare
1376 871 1589 955 dignaremur.
1623 872 1766 950 Quarum

366 981 458 1038 tenor
481 973 553 1036 talis
576 978 631 1037 est
664 971 840 1055 (166116
863 971 1010 1037 Urlcunda
1024 974 1075 1037 das
1089 976 1193 1038 iunior
1213 996 1270 1038 rea
1286 974 1422 1057 Stephon
1444 997 1500 1039 oon
1521 977 1609 1040 1265
1624 975 1681 1041 Nr.
1704 979 1768 1041 109

363 1080 419 1141 mit
447 1078 502 1141 der
533 1075 679 1141 Urtuade
708 1076 759 1139 des
780 1075 900 1160 Kdnips
923 1077 999 1141 Belo
1028 1099 1086 1142 666
1115 1079 1204 1141 1233
1225 1077 1283 1141 Nr.
1309 1078 1380 1160 67.)
1412 1079 1443 1142 N
1445 1100 1480 1143 66
1508 1082 1606 1163 igitur
1636 1101 1766 1167 precum

362 1182 522 1246 instantiis
545 1181 686 1244 eiusdem
710 1182 833 1244 comitis
856 1182 990 1262 Nycolai
1022 1188 1201 1246 annuentes
1224 1184 1400 1265 praedictas
1423 1183 1530 1246 literas
1552 1183 1765 1267 privilegiales
1801 1192 1817 1241 5

364 1285 584 1369 praesentibus
600 1286 639 1347 de
655 1284 753 1348 verbo
777 1285 816 1347 ad
842 1286 975 1349 verbum
990 1286 1159 1350 inserendo
1180 1286 1383 1370 ratificamus
1406 1288 1618 1370 approbamus
1634 1294 1666 1351 et
1680 1288 1767 1371 regia

364 1392 552 1455 auctoritate
582 1389 815 1453 confirmamus.
850 1389 889 1453 In
912 1394 1004 1456 cuius
1027 1395 1074 1457 161
1105 1394 1288 1457 memoriam
1312 1402 1563 1478 perpetuamque
1584 1390 1766 1456 1161116166]

363 1503 490 1559 nostras
504 1495 612 1559 literas
634 1495 847 1578 privilegiales
870 1497 973 1561 eidem
988 1498 1132 1579 Nycolao
1156 1499 1372 1562 concessimus
1395 1499 1495 1562 nostri
1518 1497 1655 1580 duplicis
1672 1496 1767 1580 sigilli

364 1600 539 1663 munimine
554 1598 726 1661 roboratas.
748 1598 866 1662 Datum
889 1620 946 1682 661
969 1622 1083 1665 manus
1104 1602 1231 1666 discreti
1254 1603 1315 1664 viri
1339 1603 1479 1685 magistri
1500 1601 1658 1667 Johannis
1676 1620 1766 1685 prae·

365 1704 460 1786 positi
477 1702 628 1767 ecclesiae
644 1703 803 1783 Albensis,
826 1704 918 1766 aulae
934 1711 1061 1768 nostrae
1077 1706 1326 1768 vicecancellarii
1350 1706 1456 1769 dilecti
1478 1712 1510 1769 et
1525 1704 1627 1768 fidelis
1642 1702 1764 1786 6661111,
1802 1710 1836 1763 10

366 1807 435 1870 VII.
459 1807 618 1870 Kalendas
640 1806 853 1890 Novembris]
884 1827 969 1871 anno
999 1809 1119 1870 domini
1150 1809 1316 1871 millesimo
1340 1811 1562 1873 trecentesimo
1584 1810 1764 1889 undecimo,

364 1911 455 1993 regni
478 1916 586 1973 autem
609 1911 710 1972 nostri
732 1931 816 1974 anno
840 1912 985 1976 similiter
1007 1913 1184 1976 undecimo.

1021 2259 1111 2342 331.

442 2443 541 2511 1312
567 2437 704 2529 Aopaat
730 2442 796 2509 28.
825 2439 903 2511 Dae
938 2440 1218 2532 Weieacaburpcr
1243 2441 1388 2533 Kopitel
1414 2442 1559 2531 1666661,
1588 2443 1669 2514 dass
1695 2442 1763 2514 Re-

363 2562 486 2635 6616166
522 2562 564 2632 de
596 2560 1055 2650 66661611616666166166161
1088 2564 1215 2633 sanam
1243 2561 1425 2653 Schwaqer
1450 2563 1577 2635 Petrae
1612 2563 1763 2674 6116116-
1801 2582 1834 2635 15

363 2683 541 2774 611666666
573 2679 727 2773 0666666
753 2682 828 2753 aad
853 2682 1061 2773 Kepestalolc
1083 2684 1264 2774 6666166161
1290 2684 1360 2756 but.

523 2845 598 2915 0116.
613 2845 693 2915 Ρ616.
711 2845 815 2914 [inpar.
828 2845 1036 2901 Luadesarcbio
1056 2848 1207 2916 Badapcat.
1231 2846 1326 2917 816661,
1344 2847 1451 2902 66616666
1474 2848 1583 2915 Wacba,
1601 2867 1640 2902 aa
1657 2849 1765 2904 16616661

468 2933 653 3000 Haasachaor
671 2933 834 3003 6666161661,
852 2934 971 2987 (16166116
989 2932 1105 3001 81616661
1123 2933 1172 2987 wie
1192 2934 1318 2988 116216.

516 3109 699 3193 Capitulum
729 3110 880 3174 ccclesiae
901 3109 1142 3173 Transsilvanae
1173 3109 1321 3172 omnibus
1353 3109 1469 3173 Christi
1497 3109 1645 3174 fidelibus
1676 3131 1765 3195 prae·

366 3219 489 3276 sentem
511 3213 659 3296 paginam
681 3212 873 3297 inspecturis
895 3212 1030 3276 salutem
1053 3213 1086 3275 16
1110 3214 1253 3276 omnium
1276 3214 1441 3276 salvatore.
1464 3214 1517 3277 Ad
1539 3215 1764 3279 universonmi
1800 3221 1835 3274 20

367 3317 512 3380 notitiam
534 3323 598 3380 tam
620 3316 835 3400 praesentium
860 3337 956 3399 quam
979 3316 1162 3381 {uhuorum
1184 3319 1296 3381 harum
1321 3319 1401 3382 serie
1416 3316 1566 3382 volumus
1588 3321 1764 3402 pervenire,

366 3419 453 3501 quod
476 3420 656 3482 constitutis
687 3440 794 3483 coram
817 3421 909 3484 nobis
932 3421 1091 3485 nobilibus
1115 3423 1192 3485 viris
1214 3421 1357 3486 Renoldo
1384 3423 1498 3486 comite
1521 3423 1586 3486 lilio
1609 3423 1766 3487 iohannis

365 3523 403 3587 de
433 3542 549 3605 genere
572 3522 890 3603 Kukenesrodnold1)
920 3529 952 3588 et
983 3526 1133 3608 magistro
1157 3526 1252 3589 Petro
1274 3525 1340 3589 filio
1367 3526 1541 3607 lllychaelis
1572 3526 1611 3591 de
1639 3527 1765 3608 Kathyz

364 3627 461 3690 tratre
490 3627 636 3689 (16611666
666 3629 822 3691 consortis
851 3629 992 3693 eiusdem
1023 3629 1147 3692 comitis
1177 3629 1321 3709 Renoldi,
1351 3629 1435 3692 idem
1465 3649 1570 3693 comes
1601 3630 1766 3695 Renoldus

364 3730 531 3794 confessus
554 3737 603 3794 est
626 3730 754 3793 oraculo
777 3732 870 3795 vivae
893 3734 989 3814 vocis,
1014 3733 1167 3815 quasdam
1190 3739 1291 3796 terras
1314 3752 1372 3796 seu
1393 3735 1611 3816 possessiones
1633 3754 1708 3798 suas
1724 3735 1763 3797 ab
1799 3738 1833 3793 26

365 3833 598 3899 excellentibus
626 3839 658 3897 61
688 3832 868 3898 illustribus
891 3836 1020 3919 regibus
1041 3835 1227 3919 Hungariae
1255 3855 1313 3920 per
1333 3836 1496 3900 meritoria
1518 3843 1550 3901 et
1572 3835 1765 3902 1116116661-

364 3938 443 4001 vitia
472 3956 531 4001 sua
560 3937 730 4019 acquisitas
752 3936 874 4002 Vrman
904 3945 937 4003 et
964 3940 1159 4024 Kepesteluk
1187 3946 1315 4004 vocatas
1345 3941 1380 4002 in
1409 3941 1561 4005 comitatu
1591 3943 1631 4006 de
1653 3940 1765 4005 Zonuk

364 4043 539 4106 existentes
561 4060 634 4104 cum
657 4041 805 4106 omuibus
827 4042 1018 4108 utilitatibus
1041 4046 1108 4108 suis
1131 4050 1162 4107 et
1185 4044 1344 4108 universis
1359 4045 1558 4127 pertinentiis
1581 4046 1763 4128 earundem,

365 4146 424 4209 sub
447 4145 565 4209 eisdem
588 4145 681 4209 metis
711 4152 743 4209 61
765 4148 918 4231 terminis,
946 4150 1063 4230 quibus
1091 4149 1175 4212 idem
1198 4168 1304 4212 comes
1326 4148 1490 4213 Renoldus
1512 4150 1616 4213 tenuit
1638 4155 1670 4214 et
1691 4171 1764 4234 666-

364 4249 446 4312 sedit
468 4255 500 4312 et
522 4269 578 4332 per
601 4254 817 4313 antecessores
839 4272 916 4315 suos
938 4254 1132 4316 exstiterunt
1153 4251 1305 4315 limitatae
1328 4257 1361 4314 ct
1382 4272 1546 4335 possessae
1568 4253 1606 4316 ab
1630 4255 1763 4337 antiquo
1800 4259 1834 4312 30

364 4353 487 4415 ratione
517 4352 730 4434 proximitatis
761 4362 792 4416 et
822 4354 937 4417 affectu
959 4354 1136 4418 dilectionis
1159 4356 1293 4433 dedisse,
1325 4357 1459 4419 donasse
1482 4361 1514 4418 et
1536 4356 1709 4421 contulisse
1732 4362 1764 4420 et

365 4475 471 4519 coram
493 4454 586 4518 nobis
609 4456 748 4539 donavit,
779 4458 866 4521 dedit
895 4464 927 4520 et
950 4459 1085 4521 contulit
1114 4459 1264 4542 magistro
1288 4460 1383 4523 Petro
1414 4479 1511 4542 supra
1540 4459 1623 4522 dicto
1656 4465 1688 4523 et
1709 4480 1766 4544 per

365 4578 439 4623 eum
470 4559 537 4622 6616
567 4559 737 4623 heredibus
771 4562 989 4644 heredumque
1019 4582 1152 4627 suorum
1182 4563 1420 4627 successoribus
1448 4563 1519 4625 iure
1549 4568 1702 4646 perpetuo
1734 4568 1766 4626 et

364 4662 614 4727 irrevocabiliter
636 4664 850 4747 possidendas,
874 4667 1028 4731 tenendas
1043 4665 1172 4750 pacifice
1187 4672 1219 4731 et
1232 4666 1402 4747 habendae,
1426 4665 1569 4749 obligans
1584 4686 1618 4730 66
1633 4667 1766 4751 1666661

364 4766 448 4831 idem
478 4786 584 4830 comes
605 4766 769 4832 Renoldus
799 4769 838 4832 ab
871 4770 1020 4834 omnibus
1053 4791 1205 4854 processu
1236 4779 1414 4854 temporum
1444 4771 1550 4854 ipsum
1578 4771 1764 4854 magistrum
1800 4777 1834 4830 35

364 4871 497 4935 Petrum
527 4872 649 4935 ratione
682 4872 836 4936 dictarum
868 4880 1024 4937 terrarum
1056 4875 1177 4938 Vrman
1212 4881 1243 4938 et
1265 4874 1460 4957 Kepcstelulv
1492 4881 1674 4938 vocatarum
1707 4875 1766 4937 im-

364 4980 481 5059 petere,
512 4975 690 5057 inquietare
723 4984 779 5040 aut
809 4978 961 5061 impedire
992 4979 1174 5043 volentibus
1204 4980 1354 5063 expedire
1384 4978 1520 5063 propriis
1549 4978 1712 5041 laboribus
1735 4984 1766 5042 et

365 5080 515 5163 expensis
537 5086 570 5143 61
592 5080 625 5142 16
647 5080 777 5164 pacifica
799 5082 999 5164 possessione
1030 5082 1186 5145 diotamm
1208 5087 1366 5146 terrarum
1387 5082 1545 5145 indefesse
1567 5101 1765 5146 conservare.

364 5183 404 5246 Iu
426 5184 519 5246 cuius
541 5184 587 5247 rei
611 5184 829 5249 testimonium
860 5191 892 5248 et
923 5186 1022 5249 robur
1044 5192 1233 5270 perpetuum
1260 5187 1299 5249 ad
1321 5186 1504 5250 instantiam
1528 5192 1560 5249 et
1580 5186 1765 5269 petitionem

366 5287 440 5348 dicti
472 5287 595 5350 comitis
625 5287 761 5351 Renoldi
791 5287 898 5351 1116166
930 5294 1053 5353 6661166
1080 5297 1262 5374 praesentes
1292 5291 1508 5354 concessimus
1538 5287 1632 5372 sigilli
1665 5288 1765 5352 nostri
1800 5295 1835 5351 40

364 5409 583 5419 μ-.-----.-
590 5412 622 5418 ...-

521 5459 542 5532 ¹)
564 5457 697 5529 Vorlape:
715 5458 841 5514 Kalenee
858 5458 985 5516 Rodnold.
