4088 6292
953 579 1108 674 —1-73-

328 766 480 850 Exceptis
502 766 627 831 iuribus
649 766 817 850 regalibus,
840 766 989 832 videlicet
1010 768 1131 849 castris,
1160 767 1307 852 praediis
1338 767 1528 850 civitatibus,
1550 768 1729 852 hospitibus

328 878 360 934 et
382 870 575 950 udvomids,
606 888 688 951 quae
710 870 803 933 nobIs
834 890 944 934 omnes
967 877 999 934 et
1026 870 1152 954 singuli,
1182 871 1209 934 si
1240 871 1294 953 qui
1326 870 1444 934 habent
1472 871 1525 935 vel
1547 877 1729 954 tenuerunt,

328 974 461 1037 reddere
476 979 508 1037 et
523 975 690 1038 restituere
704 975 920 1057 promiserunt
935 980 967 1037 et
978 979 1228 1058 assumpserunt.
1249 974 1332 1038 Item
1342 974 1527 1058 palatinum,
1542 974 1729 1058 magistrum

329 1078 564 1142 tavernicorum
586 1084 780 1160 nostrorum,
802 1078 1097 1142 vicecancellarium
1106 1078 1136 1160 ¹),
1158 1079 1297 1142 iudicem
1319 1079 1426 1143 curiae
1448 1096 1491 1141 en
1513 1078 1645 1141 consiho
1672 1098 1729 1142 no·

329 1181 440 1245 bilium
470 1183 560 1265 regni
583 1182 694 1263 nostri,
725 1200 767 1245 ex
790 1182 923 1264 antiqua
944 1182 1176 1246 consuetudine
1198 1182 1289 1265 regni
1312 1182 1412 1244 nostri
1434 1181 1595 1245 iaciemus.
1633 1181 1728 1245 Salvo
1763 1190 1780 1243 5

329 1290 432 1349 tamen
464 1285 534 1349 iure
556 1284 706 1349 Albensis
735 1286 886 1349 ecclesiae
916 1293 949 1349 et
978 1285 1154 1370 privilegia,
1182 1286 1268 1367 quod
1290 1284 1441 1348 Albensis
1463 1284 1597 1349 ecclesia
1618 1292 1728 1349 nostra

329 1388 362 1449 In
392 1389 461 1472 ipsa
487 1388 773 1468 vicecancellarw)
804 1388 899 1452 habet
928 1394 960 1452 et
988 1388 1105 1453 habere
1135 1389 1332 1472 dignoscitur
1354 1387 1393 1452 ab
1416 1389 1557 1470 antiquo.
1593 1388 1675 1452 Item
1697 1389 1725 1452 si

328 1491 436 1574 aliqua
464 1493 606 1575 potentia
641 1493 821 1556 extrinseca
850 1493 891 1556 ad
918 1492 1136 1556 invadendum
1169 1511 1304 1575 regnum
1333 1497 1479 1555 nostrum
1510 1493 1643 1576 venerit,
1674 1497 1730 1556 aut

329 1595 436 1678 aliqua
462 1615 536 1679 pars
558 1595 610 1660 vel
631 1597 796 1679 provincia
816 1597 907 1680 regni
929 1596 968 1660 ab
991 1597 1171 1661 obedientia
1197 1596 1284 1680 regia
1305 1594 1357 1658 vel
1378 1596 1521 1678 potentia
1540 1601 1573 1660 et
1588 1597 1679 1681 regni
1694 1616 1729 1661 se

329 1699 528 1780 abstraxerit,
550 1705 607 1763 aut
621 1698 758 1763 alienare
774 1700 881 1783 aliquo
897 1702 991 1765 modo
1007 1701 1154 1782 voluerit,
1176 1699 1299 1763 nobiles
1314 1699 1404 1782 regni
1418 1700 1519 1762 nostri
1534 1705 1566 1763 et
1584 1698 1728 1764 Saxones
1764 1705 1799 1761 10

330 1801 530 1865 ihansiluani
552 1802 681 1885 praedia
704 1809 850 1869 tenentes
873 1810 905 1868 et
927 1823 1014 1867 more
1036 1803 1192 1866 nobihum
1215 1822 1248 1866 se
1271 1808 1418 1887 gerentes
1444 1803 1538 1867 nobis
1565 1809 1668 1867 astare
1698 1809 1730 1868 et

330 1906 484 1970 adiuvare
507 1925 566 1969 nos
589 1906 792 1971 tenebuntur.
827 1906 890 1972 Sed
913 1909 940 1972 si
962 1908 1002 1970 ad
1025 1906 1245 1990 occupandum
1267 1925 1404 1990 regnum
1425 1907 1643 1971 extrinsecum
1657 1926 1730 1991 pro·

330 2009 444 2074 cedere
467 2010 631 2091 vellemus,
660 2030 724 2073 non
756 2012 817 2075 nisi
846 2012 983 2095 pecunia
1014 2032 1033 2074 a
1063 2011 1226 2075 maiestate
1255 2015 1364 2074 nostra
1390 2016 1527 2093 erogata,
1558 2010 1730 2094 procedere

330 2120 509 2195 teneantur,
530 2114 591 2177 hoc
613 2113 708 2178 etiam
730 2133 882 2198 expresso
906 2114 993 2197 quod
1008 2114 1131 2178 nobiles
1146 2114 1235 2197 regni
1251 2113 1351 2176 nostri
1367 2118 1398 2177 et
1412 2114 1566 2198 praedicti
1585 2112 1730 2178 Saxones

329 2218 420 2301 regni
440 2217 678 2281 Transiluaniae
701 2238 774 2281 cum
796 2218 886 2282 nullo
908 2218 1065 2282 baronum
1086 2223 1280 2297 nostrorum,
1311 2217 1412 2280 coacti
1434 2217 1486 2281 vel
1508 2218 1610 2301 inviti,
1633 2238 1729 2303 super
1766 2226 1799 2278 15

330 2320 421 2383 factis
443 2325 475 2384 et
498 2321 632 2404 negotiis
659 2322 749 2405 regni
771 2323 873 2385 nostri
895 2322 1075 2386 intrinsecis
1097 2321 1150 2385 vel
1172 2321 1370 2401 extrinsecis,
1399 2320 1520 2403 absque
1547 2320 1639 2385 uobis
1661 2322 1731 2384 sine

331 2423 467 2507 pecunia
488 2425 535 2488 ire
558 2430 737 2488 teneantur.
759 2425 839 2489 Item
858 2426 980 2489 nullam
995 2424 1158 2488 collectam
1173 2423 1225 2488 vel
1240 2443 1356 2488 aeones
1377 2430 1433 2489 aut
1448 2424 1620 2489 descensus
1636 2444 1732 2509 super

330 2528 416 2611 ipsos
438 2527 561 2591 nobiles
591 2535 623 2592 et
645 2527 789 2593 Saxones
811 2535 1014 2614 praenotatos
1036 2549 1072 2593 ac
1094 2529 1229 2613 populos
1252 2528 1427 2593 eorundem
1450 2528 1547 2613 recipi
1569 2527 1731 2612 faciemus,

331 2650 391 2695 nec
413 2632 507 2695 etiarn
531 2633 696 2696 occasione
717 2632 800 2697 lucri
822 2653 964 2697 camerae
986 2639 1113 2697 nostrae
1136 2631 1188 2696 rel
1211 2632 1319 2714 aliqua
1340 2632 1401 2695 alia
1422 2633 1545 2696 ratione
1568 2633 1653 2717 exigi
1674 2651 1731 2694 vo-

331 2735 439 2798 lumus
461 2735 500 2798 ab
523 2735 650 2799 eisdem.
673 2737 715 2801 Et
730 2737 757 2800 si
773 2742 932 2800 monetam
951 2741 1092 2799 nostram
1107 2738 1142 2799 In
1156 2755 1254 2819 regno
1277 2741 1386 2799 nostro
1409 2755 1537 2800 currere
1553 2736 1657 2799 iacere
1672 2754 1729 2799 vo·
1764 2741 1801 2797 20

331 2839 495 2921 luerimus,
518 2838 557 2902 de
573 2840 715 2921 qualibet
728 2840 894 2924 provincia
909 2845 1047 2922 quatuor
1062 2839 1138 2903 boni
1153 2840 1306 2922 homines,
1328 2859 1402 2902 cum
1421 2840 1536 2904 comite
1551 2838 1731 2923 parochiali,

331 2944 432 3026 ipsam
452 2948 612 3006 monetam
628 2948 769 3006 nostram
785 2962 913 3007 currere
928 2944 1046 3007 faciant
1061 2948 1093 3007 et
1107 2944 1246 3007 cambhi.
1267 2943 1298 3008 N
1300 2939 1410 3024 ullahn
1425 2941 1701 3026 devalidationem]
1710 2940 1731 3020 ⁸)

331 3047 433 3130 ipsius
455 3052 601 3110 monetae
623 3052 752 3111 nostrae
775 3048 809 3109 in
831 3066 929 3130 regno
952 3052 1061 3111 nostro
1083 3045 1154 3111 fieri
1167 3047 1395 3131 permittemus.
1428 3046 1510 3111 Item
1530 3047 1557 3110 si
1571 3046 1732 3131 palatinus

331 3151 365 3213 iu
394 3170 493 3234 regno
523 3156 632 3214 nostro
663 3151 703 3214 ad
732 3150 912 3215 faciendum
940 3151 1095 3215 indictum
1120 3151 1318 3235 processerit,
1348 3153 1382 3214 in
1405 3150 1547 3233 qualibet
1568 3150 1733 3234 provincia

333 3260 471 3336 quatuor
491 3254 613 3317 iudices
636 3253 778 3337 deputati
809 3275 883 3319 cum
905 3256 1019 3319 comite
1041 3255 1211 3340 parochiali
1234 3256 1280 3319 ire
1302 3260 1334 3319 et
1356 3254 1496 3318 iudicare
1519 3252 1663 3317 debeant.
1689 3252 1731 3316 ut
1766 3259 1799 3314 25

331 3358 391 3440 ius,
414 3357 500 3439 quod
522 3359 668 3420 comitem
691 3359 901 3442 parochialem
924 3360 959 3421 in
980 3359 1106 3423 iudiciis
1125 3359 1289 3442 contingit,
1312 3359 1373 3443 ipsi
1388 3356 1495 3421 comiti
1512 3356 1625 3420 debeat
1639 3355 1733 3439 plene

334 3459 483 3524 volumus
506 3467 538 3525 et
558 3460 706 3545 persolvi.
744 3460 778 3526 Si
800 3481 877 3526 vero
900 3461 1059 3545 palatinus
1082 3463 1210 3525 sintetre
1232 3461 1403 3544 procedere
1426 3459 1615 3541 intenderet,
1637 3458 1733 3523 iidem

334 3570 473 3647 quatuor
495 3564 639 3627 homines
661 3583 734 3627 cum
757 3566 871 3629 comite
893 3567 1036 3649 ipsorum
1051 3565 1218 3648 prohibere
1238 3570 1270 3627 et
1285 3564 1377 3627 nobis
1392 3564 1539 3627 intimare
1554 3567 1732 3626 teneantur.

331 3669 413 3733 Item
424 3668 602 3747 statuimus
616 3669 701 3750 quod
709 3670 844 3752 populos
853 3670 1170 3752 archiepiscoporum,
1178 3669 1399 3751 episcoporum
1410 3673 1443 3730 et
1454 3667 1658 3730 ecclesiarum
1670 3667 1733 3749 pri-

331 3772 550 3855 vilegiatamm
566 3772 600 3834 in
615 3772 719 3835 causis
735 3771 962 3855 temporalibus
977 3772 1087 3836 nullus
1102 3772 1242 3836 iudicum
1259 3777 1385 3854 praeter
1400 3790 1568 3854 personam
1590 3775 1732 3833 nostram
1768 3776 1803 3831 30

331 3876 433 3960 possit
443 3875 592 3946 iudicare,
607 3880 640 3939 et
652 3876 739 3957 quod
750 3874 859 3940 nullus
870 3875 1012 3939 iudicum
1024 3876 1332 3960 archiepiscoporum
1342 3875 1376 3936 in
1388 3874 1465 3937 foris
1477 3893 1535 3938 seu
1548 3873 1632 3936 villis
1642 3892 1733 3958 pree-

333 3981 490 4044 dictorum
511 3979 820 4063 archiepiscoporum
841 3979 965 4044 nobiles
987 3980 1077 4064 regni
1100 3979 1202 4043 nosti
1223 3983 1256 4042 et
1277 3978 1414 4062 populos
1436 3976 1612 4041 eorundem
1633 3977 1734 4060 possit

333 4085 482 4148 Iudicare.
504 4082 655 4166 Hospites
677 4082 772 4146 etiam
793 4081 967 4145 liberamm
990 4083 1139 4148 villarum
1160 4082 1243 4166 regIs
1266 4082 1386 4146 scilicet
1408 4087 1441 4145 et
1462 4081 1590 4165 reginae
1610 4080 1733 4144 nobiles

333 4188 424 4271 regni
453 4187 554 4249 nostri
579 4187 791 4270 nonpossint
817 4187 965 4251 iudicare.
987 4185 1068 4250 Item
1098 4186 1380 4270 impignorationes
1409 4203 1506 4268 super
1532 4189 1733 4247 transeuntes

332 4291 509 4355 incolarum
535 4290 625 4372 regni
655 4290 757 4352 nostri
785 4289 913 4373 penitus
942 4291 1093 4355 nolumus
1123 4297 1155 4355 et
1184 4290 1317 4353 fecimus
1347 4287 1474 4351 aboleri
1515 4287 1596 4351 Item
1626 4287 1733 4350 omnia
1767 4293 1802 4348 35

333 4395 453 4460 tributa
482 4401 623 4477 tempore
645 4392 784 4456 Ladizlai
805 4394 889 4476 regis
911 4394 995 4457 facta
1024 4394 1152 4456 omnino
1176 4394 1400 4476 exstIrpentur.
1439 4390 1599 4455 Volumus
1628 4391 1732 4472 etiam,

336 4499 422 4582 quod
443 4499 478 4561 in
492 4497 571 4561 locis
587 4497 792 4579 antiquorum
815 4486 1007 4561 tributorum
1030 4496 1137 4580 populi
1162 4495 1317 4560 nobihum
1332 4500 1365 4560 et
1386 4494 1592 4558 ecclesiarum
1614 4494 1734 4558 tributa

334 4623 401 4666 non
429 4600 621 4686 persolvant,
652 4597 708 4663 sed
736 4601 955 4664 tantummodo
985 4606 1177 4664 mercatores
1205 4599 1244 4662 de
1269 4599 1339 4663 aliis
1361 4599 1467 4682 regnis
1489 4599 1530 4662 ad
1552 4598 1614 4661 alia
1635 4617 1734 4682 regna

335 4710 545 4770 transeuntes.
578 4704 749 4769 Praeterea
770 4709 875 4767 turres
897 4702 965 4766 sive
987 4708 1091 4766 castra
1113 4722 1210 4786 super
1232 4702 1373 4766 eeclesiis
1395 4700 1559 4766 aedificata
1580 4708 1637 4765 aut
1655 4701 1734 4765 locis

333 4811 403 4875 aliIs
418 4828 476 4893 pro
491 4812 682 4872 nocumento
698 4810 881 4869 constructa
903 4807 1031 4889 penitus
1053 4807 1239 4871 evellantur.
1261 4806 1343 4870 Item
1363 4806 1590 4890 possessiones,
1612 4805 1682 4869 tara
1702 4809 1735 4869 et
1768 4811 1804 4866 40

335 4917 439 4977 castra
450 4926 727 4994 quorumcumque
739 4929 795 4995 per
805 4909 963 4974 violentos
975 4910 1156 4975 detentores
1167 4910 1307 4974 indebite
1319 4914 1472 4995 occupata
1483 4909 1693 4973 restituantur
1703 4914 1736 4973 et

244 4997 248 5005 ⁴
335 5016 517 5081 reddantur.
539 5014 621 5078 item
636 5013 774 5078 decimas
789 5013 917 5098 hugum
932 5015 1109 5079 secundum
1132 5015 1259 5079 decreta
1280 5019 1464 5078 sanctorum
1482 5032 1595 5096 regum
1611 5012 1735 5077 solvere

336 5125 513 5200 teneantur,
535 5118 581 5182 ita
602 5117 759 5202 videlicet,
782 5118 869 5200 quod
891 5118 1026 5200 quilibet
1046 5118 1163 5182 nobilis
1185 5118 1254 5182 sire
1268 5116 1353 5182 Saxo
1370 5117 1409 5182 de
1424 5135 1558 5181 numero
1580 5116 1735 5180 nobilium

493 5272 514 5341 ¹)
536 5270 668 5341 Vorlope:
685 5269 936 5326 vioeccncellariam.

491 5358 514 5427 ¹)
536 5357 668 5428 Vorlopa:
685 5355 905 5412 vicecancellaria
1399 5436 1401 5440 Ι
1769 5358 1804 5413 45

492 5448 514 5519 ·)
531 5445 623 5500 aecae
640 5449 687 5500 3-7
703 5443 869 5500 ommam.
