4106 6294
165 1217 327 1273 Aestimate.

183 2367 236 2422 Per
252 2367 322 2436 epis·

206 2461 301 2515 copam

170 3506 224 3561 Per
234 3506 321 3561 dioce-

165 3644 169 3651 .
190 3601 294 3649 ,mum

169 4334 223 4389 Per
234 4335 321 4389 dioce-

192 4428 294 4468 sanum.

160 5163 225 5217 ·Per
235 5164 323 5218 dioce-

192 5257 295 5295 sanum.

971 606 1126 701 —aao-

347 793 474 858 nalibus
495 814 553 877 pro
576 814 690 877 marca,
713 795 752 858 de
775 795 893 877 quibus
914 814 973 878 pro
996 795 1125 858 domino
1145 800 1255 859 nostro
1271 795 1352 878 elegi
1366 795 1577 877 medietatem,
1598 795 1747 859 videlicet
1798 838 1800 841 ·

346 899 377 960 V
399 918 521 962 marcas
543 897 737 980 bannalium,
761 918 898 980 quarum
919 899 1079 980 quaelibet
1095 899 1180 963 valet
1194 899 1243 962 III
1257 897 1397 963 florenos
1412 901 1489 962 auri.
1513 898 1600 975 Quas
1616 898 1745 980 quidem

346 1001 376 1062 V
388 1021 510 1064 marcas
525 1002 674 1065 domiuus
689 1002 849 1066 Hearicus
861 1008 965 1066 rector
980 1003 1081 1066 dictae
1097 1003 1246 1067 ecclesiae
1262 1023 1346 1066 anno
1363 1004 1481 1066 domini
1494 1002 1745 1067 MCCCXVIIII.

349 1106 400 1168 die
422 1105 578 1168 XXVIII.
600 1106 792 1169 Novembris
815 1106 911 1169 solvit
932 1107 1010 1169 mihi
1024 1106 1142 1169 Rufino
1164 1113 1197 1170 et
1218 1108 1264 1170 sic
1287 1107 1394 1170 valent
1417 1107 1481 1170 XV
1502 1107 1641 1172 florenos
1665 1108 1743 1172 auri.

501 1208 583 1272 Item
613 1211 740 1273 vacavit
769 1210 866 1273 semel
896 1210 1030 1274 ecclesia
1055 1210 1094 1273 de
1116 1210 1254 1273 Bocholz
1277 1210 1380 1274 dictae
1401 1212 1638 1294 praepositurae
1660 1211 1744 1275 Oibi—
1779 1218 1796 1270 5

347 1313 467 1376 niensis
489 1314 648 1394 praefatae
670 1314 813 1395 diocesia,
836 1314 928 1377 cuius
950 1314 1075 1377 fructus
1090 1313 1303 1377 ascendebant
1318 1314 1351 1376 in
1367 1315 1518 1377 universo
1534 1315 1574 1377 ad
1589 1334 1745 1378 summam

346 1416 612 1480 VIIImarcarum
620 1416 813 1499 banuahum,
825 1416 993 1481 CLXXVI
1004 1416 1195 1481 bannalibus
1205 1437 1264 1500 pro
1276 1436 1383 1480 marca
1395 1416 1536 1498 qualibet
1546 1420 1745 1502 computatis,

348 1521 387 1584 de
411 1520 529 1603 quibus
550 1540 608 1604 pro
631 1521 759 1583 domino
775 1527 885 1584 nostro
901 1521 982 1604 elegi
997 1522 1199 1586 medietatem
1214 1521 1362 1585 videlicet
1376 1522 1442 1585 1111
1456 1542 1587 1603 marcas,
1608 1542 1745 1603 quarum

347 1623 798 1708 quaelibetvaletHIfloreuos
806 1626 884 1689 auri.
894 1625 1197 1702 QuasdieXXVIII.
1204 1625 1396 1689 Novembris
1404 1644 1488 1688 auno
1497 1624 1745 1689 MCCCXVIIIL

347 1729 492 1813 praecepi
515 1728 655 1792 Henrico
687 1729 726 1793 de
749 1730 872 1809 Bohalt‚
903 1731 983 1813 patri
1013 1730 1191 1814 presbyteri
1212 1727 1373 1793 Herbordi
1403 1731 1535 1793 rectoris
1563 1730 1664 1793 dictae
1694 1749 1745 1793 ec
1781 1735 1815 1789 10

347 1834 470 1915 clasiae,
492 1839 530 1897 ut
552 1832 691 1897 solveret
712 1834 796 1896 iutra
818 1835 944 1898 tertiam
966 1836 1077 1898 feriam
1093 1853 1136 1897 ex
1151 1839 1229 1896 tunc
1244 1834 1390 1916 proxime
1404 1833 1545 1896 laturam
1558 1832 1579 1911 ¹)
1603 1852 1661 1916 pro
1677 1839 1744 1897 tota

347 1937 406 2001 die.
436 1936 553 2001 Postea
583 1956 658 2001 vero
682 1937 792 2001 eodem
817 1937 908 2001 anno¹
925 1939 975 2001 die
998 1938 1052 2001 VI.
1075 1936 1260 2001 Decembris
1281 1936 1446 2001 Iohannes
1468 1938 1508 2002 de
1529 1937 1663 2001 Polonia
1686 1959 1743 2022 pro

347 2041 431 2104 dicto
453 2040 621 2105 Herbordo
652 2041 748 2105 solvit
777 2043 855 2105 mihi
877 2041 993 2106 Rufino
1023 2042 1123 2105 dietas
1145 2041 1211 2106 HII
1233 2061 1354 2105 marcas
1383 2042 1570 2105 bannalium
1602 2042 1745 2107 valentes

347 2144 415 2208 XII
435 2143 575 2209 florenos
598 2145 675 2208 auri.

503 2353 663 2435 ImprImIs
684 2354 810 2416 vacarit
832 2354 930 2417 semel
952 2354 1225 2417 archidiaconatus
1249 2353 1288 2417 de
1302 2354 1409 2436 Tilegd
1434 2355 1466 2417 in
1487 2356 1619 2419 ecclesia
1631 2356 1745 2420 11111-
1782 2361 1814 2413 15

349 2456 480 2537 silvana,
511 2455 550 2519 de
580 2458 673 2520 cuius
702 2455 859 2520 fluetibus
886 2457 1034 2521 dominus
1056 2456 1216 2520 Corradus
1239 2457 1394 2540 plebanus
1417 2457 1456 2521 de
1478 2458 1611 2522 Varasio
1633 2459 1747 2522 11111-

348 2560 488 2623 silranae
518 2559 652 2624 diocesis
682 2559 894 2624 subcollector
920 2562 955 2622 in
985 2561 1113 2625 civitate
1142 2567 1174 2624 et
1204 2561 1322 2625 diocesi
1352 2581 1450 2644 supra
1477 2562 1569 2626 dictis
1590 2581 1648 2645 per
1671 2609 1679 2624 .
1704 2561 1746 2640 .·¹)

347 2664 530 2747 episcopum
551 2664 794 2727 Transilranum
825 2664 1002 2747 specialiter
1032 2665 1211 2747 deputatus,
1242 2685 1300 2749 pro
1331 2665 1499 2729 medietate
1521 2671 1684 2749 spectante
1706 2666 1746 2729 ad

347 2785 502 2831 cameram
527 2767 647 2831 domini
669 2769 771 2832 nostri
793 2768 901 2850 eregit
923 2767 991 2831 XX
1012 2788 1136 2832 marcas
1157 2768 1213 2831 fini
1236 2769 1360 2851 argenti
1382 2769 1422 2832 ad
1442 2769 1568 2852 pondus
1587 2769 1746 2853 Rudanas,

346 2873 380 2935 in
404 2872 523 2954 quibus
545 2876 613 2935 erat
635 2873 799 2936 aestimata
822 2872 906 2935 dicta
927 2871 1080 2935 medietas
1102 2892 1159 2955 per
1174 2873 1295 2936 dictum
1311 2873 1505 2956 episcopum,
1528 2878 1565 2935 ut
1579 2873 1648 2956 ipse
1663 2873 1745 2956 epis·
1780 2876 1815 2931 20

347 2994 448 3059 copus
479 2982 511 3039 et
539 2975 751 3039 subcollector
782 2976 935 3039 dixerunt
965 2976 1049 3038 mihi.
1084 2977 1161 3039 Post
1191 2977 1277 3057 quod
1311 2996 1395 3039 anno
1425 2976 1600 3040 nativitatis
1626 2976 1746 3039 domiui

347 3078 596 3143 MCOCXVIHI.
620 3080 671 3143 die
686 3080 740 3142 VI.
757 3078 950 3162 Septembris
973 3079 1076 3143 dictus
1099 3080 1310 3144 subcollector
1332 3100 1389 3164 pro
1405 3081 1556 3163 magistro
1571 3081 1745 3145 Benedicta

347 3184 566 3246 archidiacono
591 3184 667 3246 dicti
689 3184 963 3247 archidiaconatus
986 3183 1082 3246 solvit
1105 3184 1180 3246 mihi
1207 3184 1371 3267 praedicto
1397 3183 1527 3247 Ruffino
1556 3185 1656 3248 dictas
1678 3184 1745 3248 XX

346 3307 478 3370 marcas,
513 3307 649 3368 quarum
680 3286 841 3369 quaelibet
869 3287 956 3351 valet
983 3286 1049 3350 1111
1078 3286 1227 3351 florenos,
1264 3287 1307 3351 Et
1337 3289 1382 3351 sic
1411 3287 1446 3349 in
1472 3306 1598 3350 summa
1617 3285 1746 3350 LXXX

347 3390 461 3455 floreni
483 3391 561 3454 auri
1781 3394 1814 3447 25

502 3494 584 3558 Item
607 3494 733 3557 vacavit
755 3495 851 3558 semel
875 3495 1147 3558 archidiaconatus
1170 3496 1209 3558 de
1226 3494 1292 3558 Ord
1310 3497 1345 3558 in
1361 3495 1471 3559 eadem
1487 3494 1620 3559 ecclesia
1632 3493 1746 3557 Trans·

348 3599 480 3680 silvana,
514 3598 553 3662 de
584 3598 676 3661 cuius
705 3597 863 3661 fructibus
894 3618 951 3681 pro
975 3599 1143 3661 medietate
1166 3605 1328 3682 spectante
1350 3599 1390 3662 ad
1413 3599 1577 3662 dominum
1601 3604 1746 3661 nostrum

348 3703 433 3766 idem
455 3702 667 3766 subcollector
689 3702 797 3784 exegit
818 3701 852 3765 X
873 3722 996 3765 marcas
1017 3701 1074 3764 fini
1097 3703 1220 3784 argenti
1243 3703 1283 3765 ad
1306 3703 1426 3766 dictum
1449 3703 1585 3786 pondus,
1610 3721 1745 3783 quarum

348 3805 509 3889 quaelibet
531 3805 616 3868 valet
637 3804 703 3868 ΠΠ
724 3803 864 3869 florenos
888 3805 966 3888 auri,
996 3806 1030 3867 in
1063 3806 1180 3887 quibus
1203 3812 1271 3870 erat
1292 3807 1457 3870 aestimata
1479 3806 1562 3869 dicta
1584 3805 1745 3888 medietas,

346 3915 444 3994 prout
464 3910 548 3973 idem
572 3909 741 3992 episcopus
763 3914 795 3972 et
818 3910 1030 3973 subcollector
1051 3910 1205 3973 dixerunt
1226 3910 1310 3973 mihi.
1333 3909 1411 3973 Post
1434 3909 1521 3991 quod
1543 3909 1648 3972 dictare
1670 3907 1745 3971 sub·
1780 3914 1815 3969 30

347 4014 498 4078 collector
527 4032 584 4096 pro
616 4012 744 4075 domino
775 4012 923 4077 Iohanne
953 4012 1173 4077 archidiacono
1204 4014 1279 4077 dicti
1309 4014 1583 4077 archidiaconatus
1613 4011 1663 4076 die
1690 4011 1745 4074 VI

347 4117 542 4202 Septembris
564 4117 640 4179 anni
662 4115 913 4180 MCOCXVIIII.
937 4116 1033 4179 solvit
1054 4116 1131 4179 mihi
1146 4116 1262 4180 Rufino
1286 4117 1386 4180 dictas
1404 4116 1439 4180 X
1453 4136 1584 4197 marcas,
1604 4115 1747 4179 valentes

346 4223 381 4285 in
403 4222 555 4285 universo
578 4219 639 4284 XL
660 4219 800 4284 florenos
822 4221 901 4301 auri,
926 4219 1067 4302 qualibet
1089 4225 1271 4304 computata
1294 4226 1331 4283 ut
1353 4239 1451 4303 supra
1471 4220 1626 4303 proxime,

502 4324 582 4388 item
614 4325 741 4387 vacavit
772 4324 880 4407 plebes
903 4324 942 4387 de
965 4322 1062 4407 Sceps
1084 4324 1153 4386 sive
1175 4323 1215 4387 de
1237 4322 1393 4387 Mulunalr
1415 4324 1517 4388 dictae
1540 4323 1683 4403 diocesis,
1706 4322 1746 4385 de

348 4429 440 4492 cuius
469 4427 627 4491 fluctibus
657 4428 761 4490 dictus
791 4427 1002 4491 subcollector
1032 4446 1089 4509 pro
1120 4426 1289 4490 medietate
1318 4432 1481 4510 spectante
1511 4428 1551 4490 ad
1581 4426 1744 4490 domiuum
1779 4433 1814 4486 35

347 4538 493 4596 nostrum
516 4532 624 4614 exegit
646 4531 713 4594 XX
734 4551 857 4595 marcas
871 4530 927 4593 fini
943 4530 1075 4614 argenti,
1100 4549 1236 4612 quarum
1252 4529 1413 4611 quaelibet
1428 4531 1513 4594 valet
1527 4529 1592 4592 IIII
1606 4527 1746 4593 florenos

347 4636 426 4717 auri,
448 4636 483 4699 in
507 4634 625 4717 quibus
648 4635 731 4698 dicta
753 4635 906 4698 medietas
928 4639 997 4697 erat
1018 4633 1192 4715 aestimata,
1215 4639 1312 4716 prout
1333 4633 1416 4697 idem
1441 4633 1608 4716 episcopus
1623 4638 1656 4695 et
1670 4632 1746 4695 sub-

346 4740 497 4804 collector
527 4740 681 4803 direrunt
710 4739 795 4801 mihi.
830 4738 908 4802 Post
939 4738 1026 4819 quod
1048 4756 1133 4799 anno
1156 4736 1330 4800 nativitatis
1353 4736 1472 4799 domini
1495 4735 1745 4800 MCCCXVIIII.

346 4844 398 4908 die
420 4844 475 4907 VI
498 4842 693 4926 Septembris
725 4842 829 4905 dictris
859 4841 1071 4905 subcollector
1098 4861 1155 4923 pro
1179 4840 1307 4904 domino
1329 4839 1463 4903 Daniele
1485 4839 1620 4923 plebano
1644 4839 1745 4903 dictae

345 4947 447 5031 plebis
478 4947 575 5010 solvit
604 4946 681 5008 mihi
702 4944 820 5009 Rufino
854 4946 954 5008 dictas
976 4944 1044 5008 XX
1066 4965 1188 5008 marcas
1210 4945 1342 5027 argenti,
1372 4943 1515 5007 valentes
1536 4944 1571 5006 in
1594 4944 1744 5006 universo
1779 4949 1815 5004 40

346 5050 474 5116 LXXX
495 5049 635 5114 florenos
658 5048 737 5131 auri,
761 5048 902 5130 qualibet
924 5053 1107 5132 computata
1127 5052 1291 5131 utsupra

504 5154 586 5218 Item
609 5153 735 5216 vacarit
756 5152 855 5216 semel
875 5151 985 5236 plebes
1008 5153 1046 5217 de
1061 5151 1186 5216 Kelnelr
1209 5151 1310 5214 dictae
1330 5150 1473 5232 diocesis,
1495 5150 1535 5213 de
1553 5151 1646 5213 cuius
1660 5149 1745 5212 fruo-

350 5257 436 5323 tibus
459 5257 563 5321 dictus
582 5256 794 5321 subcollector
808 5275 866 5340 pro
881 5255 1049 5320 medietate
1065 5260 1227 5339 spectante
1243 5255 1283 5318 ad
1298 5254 1463 5318 dominum
1478 5258 1623 5318 nostrum
1639 5253 1746 5335 exegit

504 5394 525 5461 ¹)
542 5391 692 5447 Deaearbcr
708 5395 734 5445 4.

499 5482 525 5549 ²)
542 5478 716 5534 secatam.
1779 5474 1813 5529 46
