4086 6300
967 586 1123 681 -ees—

343 776 532 839 descensum
553 773 738 838 nullatenus
753 774 857 837 facere
883 780 1088 857 praesumant
1111 774 1289 859 specialiter
1303 781 1410 839 autem
1427 782 1459 840 et
1472 776 1642 859 praecipue
1656 774 1747 839 nulla

346 879 470 942 ratione
485 896 582 961 super
595 877 777 961 capellanos
791 878 892 961 ipsius
907 878 1030 942 abbatis
1045 884 1077 943 et
1091 884 1271 943 conventus
1286 880 1405 944 scilicet
1423 880 1577 962 plebanos
1592 879 1747 943 dictarum

345 982 496 1046 villarum
528 1001 586 1046 seu
615 979 862 1065 possessionum,
897 1002 993 1064 quem
1023 1003 1099 1047 vcro
1131 984 1319 1047 descensum
1345 984 1372 1047 si
1402 984 1475 1065 quis
1504 989 1615 1046 contra
1643 984 1749 1066 regale

347 1087 533 1150 mandatum
547 1091 694 1149 nostrum
717 1086 827 1150 fecerit
848 1086 887 1150 ab
910 1088 979 1171 ipsa
994 1088 1220 1151 communitate
1242 1088 1452 1171 possessionis
1474 1106 1532 1151 sen
1553 1087 1657 1169 villae,
1691 1087 1748 1150 nbi

344 1191 404 1254 hoc
426 1191 545 1254 lactum
568 1190 674 1272 luerit,
697 1190 782 1254 dicta
795 1191 983 1255 auctoritate
1006 1197 1115 1254 nostra
1136 1191 1234 1274 regali
1255 1197 1287 1255 et
1309 1192 1512 1256 demandato
1535 1193 1595 1257 sub
1612 1192 1746 1256 obtentu
1782 1200 1798 1251 5

345 1294 488 1357 omnium
510 1293 669 1357 bonorum
691 1313 824 1357 suorum
839 1295 981 1378 capiatur
1004 1300 1036 1359 et
1050 1295 1218 1378 praedictis
1240 1295 1489 1379 provincialibus
1505 1296 1544 1359 ad
1559 1295 1747 1359 viciniorem

348 1398 455 1462 sedem
477 1402 700 1481 praesentetur
721 1417 779 1481 pro
803 1398 886 1461 dicta
908 1400 1060 1463 violentia
1082 1405 1191 1463 nostro
1215 1400 1313 1482 regali
1335 1399 1452 1463 iudicio
1470 1400 1690 1463 reservandus.
1714 1398 1748 1463 Si

346 1509 453 1566 autem
476 1501 548 1565 talis
569 1507 700 1585 propter
721 1503 895 1585 potentiam
919 1523 1009 1567 suam
1032 1504 1100 1587 capi
1122 1503 1173 1566 vel
1196 1503 1330 1567 detineri
1353 1523 1420 1566 non
1441 1508 1548 1587 posset
1571 1522 1630 1567 nec
1652 1503 1747 1567 etiam

344 1607 438 1670 laesis
466 1606 518 1669 vel
548 1606 675 1669 offensis
705 1608 802 1671 vellet
831 1607 1021 1687 satisfacere,
1055 1626 1097 1670 ex
1127 1612 1204 1670 tunc
1238 1608 1266 1671 si
1295 1608 1410 1670 citatus
1441 1628 1506 1670 non
1536 1607 1750 1690 comparuerit

350 1717 512 1792 tamquam
535 1729 632 1773 verus
655 1710 782 1774 rebellis
805 1716 914 1774 noster
937 1715 969 1774 et
990 1711 1233 1794 provincialium
1257 1711 1415 1774 dictorum
1438 1710 1662 1794 proscribatur.
1700 1709 1748 1773 Si·
1785 1717 1818 1771 10

346 1815 414 1878 mili
443 1815 538 1878 modo
568 1815 608 1878 de
637 1814 700 1877 illis
729 1813 793 1897 fiat,
828 1816 884 1897 qui
906 1820 1018 1878 contra
1050 1815 1203 1878 iustitiam
1226 1815 1483 1896 quibuscumque
1508 1813 1750 1878 iniuriatoribus

346 1917 499 2002 praedicti
528 1918 711 1982 monasterii
740 1922 843 1982 astare
872 1919 1143 2002 praesumpserint
1164 1919 1241 2002 ipsis
1264 1919 1442 1982 subsidium
1470 1918 1568 1982 verbo
1592 1918 1643 1982 vel
1665 1918 1748 1981 iacto

350 2021 568 2085 ministrando.
606 2020 765 2086 Volumus
793 2023 925 2106 insuper
955 2027 989 2086 et
1009 2022 1097 2104 regia
1119 2022 1307 2085 auctoritate
1329 2022 1463 2085 firmiter
1484 2022 1695 2105 praecipimus
1718 2025 1751 2084 et

348 2124 546 2205 mandamus,
569 2144 610 2188 ne
633 2125 767 2188 amodo
790 2125 889 2207 aliqui
911 2126 1064 2189 comitum
1083 2126 1134 2188 vel
1150 2131 1317 2209 potentum
1334 2126 1510 2189 servientes
1525 2125 1558 2187 in
1582 2123 1750 2207 praedictis

349 2228 603 2313 possessionibus
639 2229 822 2292 monasterii
852 2230 1102 2311 qualescumque
1133 2230 1314 2292 mansiones
1343 2229 1480 2293 habeant
1509 2228 1562 2291 vel
1591 2228 1751 2291 resideant
1787 2237 1818 2288 15

349 2339 475 2418 praeter
499 2332 558 2397 soli
579 2331 634 2414 illi,
658 2332 714 2413 qui
744 2331 850 2395 abbati
880 2338 911 2396 et
933 2333 1108 2396 conventui
1137 2333 1282 2397 serviunt
1309 2339 1341 2397 et
1363 2332 1525 2411 obediunt,
1555 2351 1614 2395 nec
1644 2331 1752 2412 aliqua

352 2439 393 2502 sit
415 2437 506 2501 curia
527 2435 579 2500 vel
602 2435 845 2518 qualiscumque
863 2435 1021 2500 hereditas
1043 2438 1077 2499 in
1093 2436 1211 2500 eisdem
1233 2436 1497 2518 possessionibus,
1521 2453 1603 2516 quae
1619 2452 1751 2498 censum

352 2546 386 2607 et
407 2545 560 2605 consueta
589 2538 660 2602 iura
681 2544 714 2602 et
744 2539 875 2602 servitia
903 2539 987 2603 dicto
1010 2540 1117 2604 abbati
1139 2545 1171 2604 et
1192 2538 1366 2602 conventui
1388 2558 1452 2601 non
1484 2538 1587 2602 solvat
1609 2537 1752 2621 exceptis

350 2646 421 2727 hiis,
445 2645 501 2727 qui
524 2642 563 2707 ab
593 2643 703 2706 eodem
727 2642 842 2706 abbate
873 2648 905 2706 et
927 2650 1088 2707 conventu
1111 2642 1289 2727 specialiter
1310 2646 1387 2705 sunt
1408 2641 1460 2705 vel
1482 2642 1602 2706 fuerint
1623 2640 1751 2725 privile-

350 2749 435 2833 giati.
475 2747 676 2828 Ubicumque
706 2752 814 2810 antem
836 2747 870 2809 in
892 2748 1024 2830 praefati
1048 2746 1230 2811 monasterii
1257 2746 1512 2830 possessionibus
1534 2746 1613 2810 tales
1634 2746 1750 2828 reperti
1785 2752 1821 2806 20

351 2853 472 2916 inierint
493 2850 678 2931 residentes,
706 2851 761 2932 qui
784 2851 945 2934 praedicto
968 2850 1073 2914 abbati
1096 2857 1128 2915 ct
1150 2851 1324 2914 conventui
1351 2870 1408 2934 per
1429 2849 1676 2913 inobedientiam
1699 2847 1750 2912 vel

352 2955 583 3020 contumaciam
606 2973 696 3017 suam
719 2974 785 3017 non
808 2955 1013 3035 conveniunt,
1036 2962 1068 3017 et
1090 2956 1117 3017 si
1140 2954 1180 3017 ad
1204 2954 1388 3017 mandatnm
1411 2953 1553 3017 eiusdem
1575 2953 1697 3016 abbatis
1719 2957 1752 3015 et

351 3066 530 3125 conventus
560 3058 707 3123 recedere
730 3058 899 3139 noluerint,
922 3059 1103 3142 praedictus
1125 3077 1232 3122 comes
1253 3057 1458 3141 provincialis
1485 3057 1537 3121 vel
1559 3057 1610 3120 sui
1632 3056 1751 3132 vicarii,

353 3164 470 3249 quibus
492 3163 553 3226 hoc
575 3163 775 3241 commiserit,
798 3182 872 3225 cnm
894 3162 1063 3246 praedictis
1086 3162 1334 3245 provincialibus
1361 3163 1400 3225 ad
1423 3161 1663 3243 requisitionem
1686 3179 1751 3223 me·

351 3268 465 3333 morati
496 3267 618 3329 abbatis
649 3271 681 3329 et
711 3272 890 3329 conventus
920 3272 992 3350 post
1021 3266 1268 3350 exspirationem
1298 3266 1362 3329 dati
1392 3266 1520 3330 termini
1549 3263 1753 3347 supradicta
1786 3271 1820 3324 25

344 3372 541 3436 auctoritate
563 3374 673 3433 nostra
687 3369 785 3453 regali
807 3371 893 3433 etde
916 3370 1064 3434 mandato
1081 3370 1160 3433 tales
1182 3370 1309 3452 capiant
1324 3376 1499 3451 nostroque
1522 3367 1619 3451 regali
1634 3367 1751 3430 iudicio

351 3480 524 3554 reservent,
557 3475 618 3558 ipsi
647 3474 753 3537 abbati
783 3479 815 3536 et
844 3475 1018 3538 conventui
1048 3474 1254 3538 hereditatem
1284 3492 1376 3537 suam
1408 3473 1540 3537 liberam
1575 3472 1751 3535 restituant

354 3580 470 3645 Omnia
491 3577 575 3641 bona
597 3577 726 3639 mobilia
747 3577 889 3660 ipsorum
912 3577 1078 3641 rebellium
1101 3578 1218 3641 inistis
1241 3578 1424 3641 monasterii
1438 3577 1523 3640 villis
1546 3596 1604 3640 seu
1626 3595 1752 3659 posses·

353 3682 497 3749 sionibus
528 3681 648 3745 sedicet
676 3682 711 3743 in
733 3680 847 3763 Keroh,
881 3682 915 3743 in
938 3681 1030 3763 Cruz,
1062 3682 1096 3744 in
1119 3681 1352 3763 Messendori,¹)
1374 3682 1408 3744 in
1436 3681 1512 3743 villa
1534 3679 1687 3761 Nicholai,
1719 3680 1752 3741 in

352 3787 430 3851 villa
439 3785 582 3867 Abbatis,
605 3784 639 3847 in
654 3790 762 3848 monte
777 3785 877 3847 sancti
893 3785 1064 3865 MicaheliS,
1086 3785 1119 3847 in
1135 3784 1288 3867 Feldwar,
1311 3785 1344 3847 in
1362 3784 1501 3863 Colonia,
1523 3784 1557 3846 in
1578 3782 1752 3846 Honrabah
1787 3787 1822 3841 30

354 3896 386 3955 et
408 3891 442 3952 in
463 3887 570 3952 Kerch
593 3886 762 3951 Olacorum
793 3888 838 3949 sic
867 3887 1059 3969 dividantur,
1089 3895 1126 3952 ut
1155 3889 1257 3971 primo
1292 3888 1396 3951 abbati
1421 3894 1453 3951 et
1474 3886 1649 3951 conventui
1671 3886 1753 3949 duae

354 3999 460 4079 partes
490 3992 647 4055 dictorum
678 3991 833 4054 bonorum
865 3992 980 4055 cedant
1002 3999 1034 4055 et
1055 3992 1196 4076 praelato
1219 3992 1326 4055 comiti
1356 3990 1543 4075 provinciali
1564 4010 1638 4073 pars
1661 3990 1755 4053 tertia

355 4098 410 4163 tali
432 4096 613 4160 conditione
636 4102 668 4158 et
690 4099 791 4177 pacto,
815 4099 852 4157 ut
873 4094 1054 4177 praedictus
1076 4114 1181 4158 comes
1205 4095 1256 4159 vel
1279 4096 1422 4159 eiusdem
1443 4096 1529 4158 vices
1551 4099 1697 4177 gerentes
1719 4094 1751 4155 in

357 4201 504 4266 omnibus
527 4199 768 4263 necessitatibus
791 4206 823 4262 et
844 4199 949 4262 causis
973 4199 1048 4261 dicti
1072 4201 1253 4263 monasterii
1279 4202 1352 4263 iura
1373 4204 1405 4263 et
1426 4199 1588 4262 libertates
1611 4199 1753 4262 eiusdem

354 4306 490 4370 fideliter
511 4304 683 4368 defendant
713 4310 745 4366 et
767 4303 807 4365 ad
829 4303 1069 4385 requisitionem
1104 4304 1298 4386 supradicti
1321 4302 1443 4366 abbatis
1465 4310 1497 4366 et
1518 4307 1697 4365 conventus
1720 4302 1753 4363 in
1788 4307 1822 4358 35

356 4409 504 4475 omnibus
534 4407 715 4492 praemissis
745 4426 803 4470 seu
834 4405 1105 4488 subsequentibus
1137 4407 1381 4470 adversitatibus
1411 4403 1646 4488 emergentibus
1669 4405 1756 4486 regia

356 4514 543 4578 auctoritate
572 4516 681 4574 nostra
703 4530 800 4593 supra
830 4510 914 4573 dicta
935 4517 968 4573 et
990 4511 1175 4573 mandatnm
1205 4516 1351 4574 nostrum
1378 4509 1483 4592 regale
1505 4527 1602 4591 super
1623 4527 1661 4571 eo
1685 4526 1755 4591 spe-

356 4617 476 4682 cialiter
504 4620 687 4699 porrectum
722 4614 899 4678 ferventius
930 4620 962 4677 et
992 4614 1174 4697 diligentins
1208 4618 1433 4694 exsequantur.
1478 4613 1520 4675 Et
1550 4611 1755 4675 nihilominus

358 4718 634 4785 vicecancellarius
664 4724 773 4782 noster
803 4718 998 4800 quicumque
1027 4717 1124 4780 luerit
1149 4715 1286 4780 fideliter
1315 4723 1347 4781 et
1369 4716 1536 4799 diligenter
1559 4720 1755 4799 praecaveat,

357 4845 397 4890 ne
420 4823 591 4906 aliquando
614 4842 671 4905 per
685 4821 894 4905 ignorantiam
918 4826 974 4884 ant
996 4820 1220 4903 negligentiam
1236 4820 1343 4902 aliqua
1364 4820 1576 4883 instrumenta
1590 4818 1755 4882 literarum
1789 4822 1825 4876 40

357 4951 376 4994 a
398 4928 655 5011 quibuscumque
677 4931 790 4988 contra
810 4924 890 5006 iura,
923 4924 1084 4988 libertates
1107 4929 1139 4987 et
1159 4924 1325 5007 privilegia
1353 4923 1487 5005 praelati
1509 4923 1692 4986 monasterii
1716 4923 1755 4986 de

356 5032 463 5097 Kerch
490 5052 510 5094 a
530 5029 622 5093 nobis
651 5029 862 5111 impetrentur
884 5028 936 5092 vel
958 5029 1170 5112 porrigantur,
1200 5046 1337 5109 quarum
1368 5026 1550 5090 libertatum
1573 5032 1606 5090 et
1627 5025 1755 5109 privile·

356 5136 482 5220 giorum
504 5135 547 5198 sit
566 5134 635 5217 ipse
656 5133 863 5196 cancellarius
885 5137 994 5196 nostra
1015 5132 1113 5215 regali
1128 5133 1167 5196 de
1190 5131 1411 5195 commissione
1433 5131 1467 5193 in
1482 5130 1631 5193 omnibus
1652 5130 1755 5194 fidelis

359 5243 572 5305 conservator.
595 5237 677 5301 Nam
700 5237 727 5300 si
749 5255 807 5320 per
829 5236 1019 5299 oblivionem
1044 5236 1095 5299 vel
1117 5235 1326 5318 ignorantiam
1350 5240 1462 5298 contra
1483 5234 1559 5297 dicti
1574 5233 1756 5297 monasterii

357 5345 437 5428 iura,
451 5343 613 5407 libertates
628 5346 661 5405 et
674 5340 841 5424 privilegia
856 5360 954 5424 supra
969 5341 1053 5403 dicta
1068 5339 1175 5423 aliqua
1187 5339 1403 5402 instrumenta
1416 5337 1579 5401 literarum
1597 5337 1755 5418 qualium-
1790 5342 1824 5395 45

515 5479 536 5546 ¹)
559 5475 691 5546 Vortapc:
708 5476 894 5545 Oyesaendorf.
