4106 6294
891 641 1045 739 ..aa

271 833 331 918 aut
356 828 576 894 universitatis
606 836 663 894 aut
692 830 847 894 nobilium
879 837 935 895 aut
955 831 1308 913 'alr'quorumaliorum
1339 827 1588 894 iurisdictionem
1612 827 1674 893 ¹lta-

271 933 415 1001 bentlum
447 933 486 997 de
517 952 614 1017 regno
637 933 796 1017 Vngariae
825 936 986 1000 coniectae
1009 937 1048 999 de
1071 935 1189 1016 aliquo,
1222 935 1306 1016 quod
1330 954 1396 997 non
1426 935 1469 997 sit
1494 942 1599 997 actum
1623 933 1675 997 vel

271 1037 389 1100 iactum
412 1036 464 1100 rel
473 1037 495 1115 ¹)
519 1035 668 1114 dictum1)
691 1058 797 1101 coram
821 1057 868 1119 eo,
892 1039 947 1121 qui
970 1039 1076 1101 literas
1098 1040 1183 1121 ipsas
1205 1039 1358 1117 concedit,
1386 1037 1513 1101 valeant
1535 1037 1574 1100 de
1597 1056 1675 1100 con·

271 1140 440 1204 suetudine
462 1140 537 1204 dicti
557 1141 647 1224 regni
670 1141 721 1204 vol
745 1142 858 1206 debeat
880 1144 926 1207 eis
948 1143 1043 1207 fidem
1066 1142 1217 1219 adhiberi,
1248 1142 1330 1204 dixit
1352 1142 1437 1223 quod
1461 1140 1549 1205 nullo
1580 1142 1674 1214 ruodo

219 1254 236 1307 5
271 1243 351 1309 tales
372 1244 478 1308 Ilteras
501 1245 581 1308 vidit
598 1245 705 1309 valere
728 1265 786 1309 nec
809 1247 855 1309 eis
877 1246 957 1311 tides
979 1246 1118 1328 aliquam
1134 1245 1284 1326 adhiberi,
1309 1266 1369 1309 nec
1391 1248 1459 1330 ipse
1481 1247 1571 1310 testis
1594 1246 1673 1309 tales

271 1348 378 1411 literas
410 1348 505 1411 alicui
534 1348 731 1421 concederet,
759 1350 821 1412 nisi
847 1349 886 1412 de
915 1370 963 1423 eo,
994 1350 1080 1432 quod
1112 1350 1271 1413 diceretur
1293 1349 1344 1413 vel
1373 1349 1463 1413 lieret
1491 1368 1596 1414 comm
1627 1370 1674 1427 eo,

274 1453 425 1534 uuonimn
448 1472 514 1516 non
537 1453 628 1517 allier
651 1454 690 1519 de
712 1454 944 1517 cousuetudine
974 1454 1053 1517 vidit
1075 1455 1106 1517 in
1132 1455 1215 1517 dicto
1239 1473 1336 1537 ragno
1361 1456 1489 1517 servari.
1523 1455 1602 1518 Item
1627 1454 1675 1516 in·

272 1562 451 1639 terrogatus
473 1577 570 1641 super
593 1557 704 1620 ultimo
728 1557 861 1620 articulo
885 1558 924 1620 de
947 1557 1074 1640 publica
1097 1559 1188 1638 tama,
1212 1558 1293 1620 dixit
1315 1578 1349 1621 se
1372 1557 1450 1621 nibil
1474 1559 1561 1620 scire.

284 1727 286 1730 ,
428 1661 628 1725 Venerabilis
650 1662 684 1723 in
707 1661 831 1725 Christo
856 1672 945 1745 pater
971 1663 1120 1726 dominus
1143 1663 1258 1726 Petrus
1281 1661 1450 1746 episcopus
1473 1661 1674 1742 Quinqueec-

205 1772 239 1826 10
274 1765 437 1829 clesiensis
460 1766 548 1830 testis
570 1767 784 1847 iuterrogatus
799 1784 897 1848 super
910 1767 1022 1849 primo,
1046 1767 1196 1835 secundo,
1221 1768 1313 1830 tertio
1334 1774 1365 1829 et
1389 1772 1501 1847 quarto
1525 1764 1675 1832 articulis.

273 1869 332 1931 sibi
364 1869 454 1932 lectis
484 1869 707 1953 perordinem
738 1869 875 1932 seriatim
907 1875 939 1933 et
969 1871 1125 1939 distiucto,
1159 1871 1249 1934 lectis
1280 1871 1337 1932 sibi
1369 1870 1463 1933 etiam
1495 1868 1602 1948 literis,
1636 1867 1676 1930 de

274 1972 391 2056 quibus
422 1973 497 2037 lacit
527 1973 630 2037 dictus
653 1980 787 2056 quartus
809 1974 963 2037 articulus
991 1976 1194 2053 mentionem,
1225 1974 1307 2037 dixit
1329 1993 1505 2051 versasse,
1536 1991 1619 2054 quae
1641 1972 1675 2034 in

272 2077 341 2161 ipso
374 2077 508 2140 articulo
538 2077 751 2141 continentur.
784 2078 1004 2161 Interrogatus
1033 2078 1067 2140 in
1099 2098 1194 2141 caiisa
1217 2079 1375 2156 scientiae,
1407 2077 1489 2139 dixit
1511 2077 1587 2158 quia
1609 2077 1676 2160 lpse

272 2181 362 2245 testis
393 2181 473 2244 vidit
503 2181 542 2244 de
572 2182 803 2245 consuetudine
834 2182 996 2245 observari
1027 2187 1060 2245 et
1082 2183 1182 2246 teneri
1214 2183 1244 2244 in
1277 2182 1361 2244 dicto
1391 2200 1499 2262 regno,
1530 2200 1612 2262 quae
1642 2181 1673 2242 in

205 2293 237 2345 15
273 2285 365 2349 dictis
388 2285 529 2349 articulis
552 2287 766 2359 continentur,
789 2286 822 2347 in
837 2285 901 2349 illis
916 2286 1036 2349 scilicet
1057 2286 1183 2349 casibus
1199 2291 1231 2350 et
1246 2286 1410 2367 similibus,
1434 2286 1473 2348 de
1497 2304 1561 2366 quo
1584 2304 1675 2368 prae-

273 2389 375 2453 dictae
389 2389 500 2453 literae
516 2389 744 2453 Oibimeusium
768 2398 845 2452 sunt
859 2391 1022 2454 conlectae
1045 2396 1077 2454 et
1096 2391 1217 2453 iaciunt
1233 2391 1434 2453 mentionem.
1457 2390 1675 2471 Interrogatus

270 2493 305 2555 in
336 2511 474 2573 quorum
504 2494 609 2556 causis
641 2498 672 2555 et
694 2512 800 2555 coram
824 2494 941 2575 quibus
962 2495 1122 2559 iudicibus
1153 2501 1185 2558 et
1208 2495 1336 2576 quando
1359 2501 1391 2557 et
1420 2493 1475 2557 ubi
1507 2492 1587 2555 vidit
1616 2488 1675 2555 hoc

272 2594 443 2677 observari,
474 2597 557 2660 dixit
588 2598 674 2678 quod
703 2598 771 2680 ipse
794 2599 883 2660 testis
910 2597 1080 2680 aliquando
1105 2608 1140 2662 ut
1162 2599 1261 2663 iude-x
1292 2600 1385 2662 datus
1415 2618 1434 2661 a
1464 2617 1538 2680 rege
1562 2596 1674 2660 Carolo

271 2707 438 2784 praesente
469 2702 623 2765 iudicavit
651 2701 827 2765 secundum
859 2703 1050 2784 praedictam
1085 2703 1349 2767 consuetudiuem
1379 2704 1462 2766 inter
1495 2708 1609 2785 partes,
1643 2707 1676 2765 et

203 2810 239 2865 20
272 2804 392 2887 pluries
422 2811 455 2869 et
484 2805 563 2869 alios
584 2805 725 2869 iudicare
749 2806 829 2869 vidit
851 2807 1027 2869 secundum
1054 2807 1148 2870 talem
1171 2807 1436 2874 consuetudinem
1468 2806 1605 2870 maxime
1635 2807 1675 2869 ad

271 2908 380 2972 Ilteras
412 2909 553 2973 iudicum
588 2909 771 2993 provinciae
804 2915 836 2973 et
869 2909 1046 2993 specialiter
1077 2911 1322 2975 constitutorum
1358 2911 1546 2974 auctoritate
1580 2911 1675 2992 regia,

272 3012 436 3091 aborum’)
459 3014 596 3089 autem')
621 3014 720 3095 non,²)
743 3014 848 3077 sedin
868 3034 1009 3095 quorum
1024 3017 1137 3097 causis,
1162 3015 1290 3097 quando
1313 3021 1345 3078 et
1360 3014 1424 3095 ubi,
1447 3015 1528 3077 dixit
1551 3033 1585 3077 se
1607 3032 1674 3078 non

271 3116 439 3183 recordari.
469 3117 689 3201 Interrogatus
721 3118 839 3199 quibus
861 3119 1090 3202 praesentibus,
1121 3119 1203 3183 dixit
1232 3140 1266 3183 se
1298 3138 1363 3182 non
1393 3119 1560 3182 recordari.
1593 3118 1674 3181 Item

271 3222 485 3303 interrogatus
501 3240 598 3324 super
615 3200 654 3284 ll.
677 3222 820 3303 articulo,
844 3222 926 3284 dixit
948 3222 1032 3286 idem
1055 3242 1112 3306 per
1134 3224 1241 3286 omnia
1264 3230 1419 3306 utsupra
1443 3224 1521 3286 Item
1537 3224 1673 3286 interro-

203 3330 237 3386 25
273 3331 366 3408 gatus
394 3344 492 3409 super
513 3325 568 3389 vt
599 3327 732 3389 articulo
764 3327 819 3409 qui
843 3327 953 3409 incipit
973 3326 1053 3390 Item
1086 3327 1173 3409 quod
1202 3328 1284 3391 idem
1316 3333 1348 3391 et
1377 3327 1487 3390 eodem
1519 3325 1613 3388 modo
1644 3331 1676 3390 et

272 3435 386 3510 cetera,
416 3429 499 3493 dixit
522 3430 609 3513 quod
631 3431 670 3494 de
693 3431 926 3495 consuetudine
948 3430 1023 3494 dicti
1054 3432 1145 3514 regni
1166 3431 1345 3515 praedIctae
1368 3431 1477 3494 literae
1507 3435 1675 3492 contentae

272 3533 305 3596 in
335 3533 405 3617 ipso
436 3533 570 3597 articrrlo
593 3533 693 3597 lectae
716 3534 775 3597 sibi
799 3535 1021 3618 perordinem
1043 3555 1106 3598 non
1132 3541 1295 3617 tamquam
1325 3534 1435 3597 literae
1465 3533 1673 3617 plebanorum

272 3637 394 3701 iaciunt
407 3637 513 3720 fidem,
529 3657 566 3701 eo
581 3638 666 3718 quod
681 3638 807 3721 plebani
824 3658 889 3702 non
902 3646 1141 3704 consueverunt
1156 3639 1231 3702 dare
1246 3638 1325 3702 tales
1340 3638 1457 3719 literas,
1473 3637 1528 3701 sed
1538 3636 1559 3715 ³)
1577 3656 1673 3718 quae-

272 3740 349 3804 libet
363 3743 505 3826 ipsarum
518 3741 692 3823 literanrm,
716 3748 877 3826 tamquam
897 3744 1069 3808 dictumst
1092 3743 1249 3807 attestatio
1272 3742 1370 3806 unius
1393 3742 1491 3821 testis,
1515 3743 1541 3803 si
1563 3740 1673 3823 legalla

203 3851 239 3906 30
274 3846 316 3909 sit
330 3846 471 3909 ethome
487 3845 590 3910 bonae
610 3846 802 3911 conditionis
825 3854 857 3910 et
879 3847 972 3927 vitae,
996 3848 1051 3929 qui
1074 3848 1197 3911 Ilteram
1213 3848 1312 3931 ipsam
1329 3847 1392 3925 dat,
1416 3844 1674 3919 adminiculum)

273 3948 500 4033 probationis⁴l
519 3951 603 4031 factt,
625 3951 670 4013 ita
686 3950 773 4032 quod
788 3950 928 4033 plurium
944 3950 1151 4034 plebanorum
1168 3951 1260 4033 dicta,
1284 3950 1501 4014 attestationes
1516 3954 1548 4011 et
1563 3947 1672 4011 literae

273 4054 299 4117 si
329 4054 394 4118 sint
423 4054 567 4118 homines
589 4054 692 4118 bonae
715 4055 808 4136 vitae,
838 4055 961 4118 iaciunt
982 4055 1107 4138 plenam
1131 4055 1351 4138 probationem
1381 4055 1414 4116 in
1446 4053 1500 4116 tali
1532 4050 1676 4132 artIculo,

273 4158 306 4220 in
330 4176 394 4240 quo
417 4159 596 4241 praedictae
619 4159 728 4221 liberae
751 4164 829 4222 sunt
850 4160 1031 4242 productae.
1066 4159 1286 4242 Interrogatus
1310 4157 1469 4240 quomodo
1494 4157 1561 4233 scit,
1594 4155 1675 4217 dixit

273 4261 359 4326 idem
381 4267 418 4325 ut
440 4282 545 4346 supra,
569 4269 600 4326 et
623 4263 705 4325 dlxit
728 4264 813 4344 quod
837 4263 862 4325 si
886 4264 954 4345 ipse
981 4263 1070 4326 testis
1093 4269 1177 4326 esset
1199 4263 1299 4326 iude'x
1319 4263 1354 4324 in
1377 4280 1482 4341 causa,
1513 4261 1580 4342 ipse
1602 4277 1675 4341 pro-

203 4371 238 4425 35
273 4367 449 4448 nuncIaret,
472 4366 649 4430 seeundum
673 4366 768 4430 talem
790 4367 982 4449 praedictam
1009 4366 1227 4449 probationem
1251 4374 1282 4429 et
1305 4365 1482 4449 praedIctas
1504 4362 1613 4446 plures
1644 4369 1676 4425 et

272 4470 381 4553 plures
404 4470 519 4551 literae,
543 4471 569 4533 si
592 4490 706 4535 verum
728 4475 820 4539 esset
845 4470 931 4552 quod
954 4472 1156 4534 continerent
1178 4472 1210 4532 in
1234 4489 1310 4532 casu
1333 4468 1503 4552 praedicto,
1530 4467 1585 4530 sed
1609 4484 1673 4528 non

273 4574 307 4637 in
331 4574 480 4638 omnibus
503 4573 638 4640 casibus.
661 4572 753 4638 Dixit
775 4576 868 4639 etiam
892 4575 978 4656 quod
996 4576 1089 4639 litera
1112 4576 1208 4637 unius
1231 4573 1330 4637 solius
1352 4571 1480 4656 plebani
1502 4570 1675 4635 authentici

272 4684 304 4743 et
333 4679 539 4761 auctoritatis,
570 4684 606 4743 ut
636 4684 713 4762 puta
739 4679 866 4762 plebani
887 4679 1056 4759 BudensIs,
1086 4678 1141 4760 qul
1164 4679 1203 4742 de
1234 4677 1466 4740 consuetudine
1498 4674 1607 4737 babuit
1636 4672 1675 4735 ab

272 4783 406 4865 antiquo
430 4788 462 4846 et
483 4783 578 4848 habet
599 4784 726 4866 plenam
749 4784 782 4846 in
805 4783 966 4866 praedicto
990 4802 1065 4846 casu
1082 4782 1310 4866 probationem,
1334 4780 1507 4844 induceret
1536 4779 1676 4842 Interro-

203 4888 238 4944 40
272 4891 366 4969 gatus
389 4888 415 4951 si
430 4887 540 4952 literae
555 4887 768 4971 praelatorum
793 4886 842 4950 vel
866 4886 1001 4950 allorum
1022 4887 1144 4949 iaciunt
1166 4886 1259 4949 fidem
1284 4885 1447 4948 contectae
1462 4883 1502 4945 de
1517 4902 1564 4949 eo.
1589 4881 1676 4962 quod

272 4989 393 5053 dictum
422 4991 540 5054 iactum
565 4991 615 5054 vel
638 4996 763 5073 gestum
787 4998 925 5055 nonest
954 5010 1059 5054 coram
1083 4991 1129 5053 eis
1153 4990 1192 5053 de
1215 4988 1447 5053 consuetudine
1470 4986 1546 5049 dicti
1576 4984 1675 5067 regni,

430 5163 451 5229 ¹)
474 5162 560 5217 Uebcr
577 5162 626 5216 der
644 5162 719 5216 Zeila
737 5161 945 5231 oodrpctrapen.

427 5252 449 5317 ¹)
466 5249 533 5316 Aut*
546 5249 605 5303 dem
624 5249 710 5303 nanu
728 5248 935 5317 nacbpetrapca.

428 5340 450 5401 ⁸)
473 5335 604 5407 Vorlapc:
622 5338 670 5390 set

203 5424 237 5476 45
428 5423 627 5491 *laudarer
652 5422 731 5476 Stella
755 5423 832 5475 fidem
858 5421 1103 5491 darcbpcstra'cbcn,
1130 5421 1252 5475 dorubrr
1274 5419 1460 5490 caetratae:
1487 5416 1674 5473 adminiculum

271 5510 438 5578 probationis.
