4088 6292
893 604 1048 701 Q

267 793 423 858 redimere
457 797 584 857 tenetur
593 791 614 871 ¹)
646 799 678 859 et
705 794 774 878 ipse
804 814 878 859 cum
908 796 976 860 suis
1008 796 1117 879 pueris
1150 796 1270 860 medias
1300 802 1334 860 et
1363 797 1454 881 pueri
1483 794 1589 860 fratris
1620 798 1671 862 sui

267 897 462 975 Benedicta
487 916 580 981 saepe
603 899 679 962 dicti
700 898 778 962 alias
800 900 920 963 medias
943 900 1060 964 debent
1070 900 1091 977 ¹)
1114 901 1259 964 retinere.

423 1019 559 1103 Aufdor
569 1018 742 1083 Rdclcaeite:
756 1020 945 1084 Honorabili
957 1042 994 1084 ac
1006 1021 1182 1085 reverendo
1194 1021 1344 1085 Albensis
1359 1021 1509 1085 ecclesiae
1522 1023 1669 1105 capitulo.

928 1279 1014 1363 277.

218 1461 235 1513 5
349 1442 528 1515 Kereartea
554 1445 661 1513 1297
677 1441 784 1534 April
800 1446 858 1514 21.
895 1442 1065 1517 Woiwode
1084 1442 1273 1515 Lodislaoa
1292 1444 1435 1532 fortiori
1461 1445 1525 1517 das
1547 1445 1670 1519 99033-

271 1562 465 1635 wordeiner
481 1562 627 1655 Kopilel
652 1564 727 1652 aas,
759 1565 815 1637 die
845 1564 1003 1639 &reama
1028 1588 1093 1638 eoa
1115 1565 1296 1637 Moooalor
1321 1566 1396 1637 aad
1412 1564 1671 1657 Saenlbeaedcla

271 1683 504 1775 Recitaampca
530 1685 593 1756 dor
618 1684 722 1758 Adici
747 1686 1055 1772 Kobaamoaoator,
1082 1710 1126 1758 aa
1153 1686 1306 1778 beqeben.

428 1829 632 1900 hliuqerchaltet
655 1847 708 1886 voa
731 1833 791 1887 ᾱεηι
817 1833 1059 1887 Groaeroordeiner
1082 1832 1198 1900 Kapilel
1222 1836 1298 1899 1297,
1326 1832 1401 1904 Θήρ.
1425 1833 1528 1903 caper.
1547 1834 1672 1890 Landos-

376 1917 471 1972 orcbio
487 1918 639 1986 Budopeat.

203 2021 238 2075 10
427 2021 540 2076 Druck:
558 2022 646 2089 Fejlr
666 2022 756 2077 (lodex
779 2023 830 2091 VI,
847 2028 873 2092 2,
892 2028 951 2078 100.
979 2023 1093 2078 Tetarcb
1110 2039 1138 2076 a.
1159 2023 1321 2077 Fimbober
1338 2022 1410 2077 sice.
1434 2024 1639 2093 Urko.1,199.

427 2178 580 2244 Discretis
603 2182 681 2244 viris
703 2189 736 2246 et
757 2184 897 2247 honestis
919 2182 1097 2246 honorabili
1125 2182 1264 2265 capitulo
1287 2182 1437 2247 ecclesiae
1459 2184 1676 2249 Waradiensis

273 2284 381 2347 amicis
412 2286 478 2347 suis
500 2284 665 2350 Ladislaus
695 2288 831 2351 vaivoda
852 2287 1096 2351 Transsiluanus
1119 2292 1151 2351 et
1173 2305 1279 2350 comes
1303 2286 1342 2349 de
1365 2286 1476 2350 Zonnlr
1506 2289 1676 2352 amicitiem

273 2393 414 2472 paratam
444 2408 518 2452 cum
538 2389 668 2454 honore.
703 2388 828 2455 Dicitur
858 2391 950 2455 nobis
972 2392 1005 2453 in
1029 2411 1164 2475 persona
1186 2390 1324 2472 religiosi
1348 2390 1408 2452 viri
1438 2390 1545 2455 fratris
1566 2391 1676 2456 Lazari

274 2492 395 2556 abbatis
425 2493 465 2556 de
487 2491 762 2575 Olusmonustura,
794 2496 880 2577 qnod
903 2496 1058 2578 quaedam
1081 2495 1296 2578 possessiones
1325 2494 1400 2557 dicti
1420 2496 1472 2558 sui
1494 2498 1676 2560 monasterii

205 2602 238 2654 15
274 2595 422 2660 videlicet
451 2596 560 2659 eadem
591 2595 763 2660 Monustur
793 2604 825 2661 et
855 2598 1105 2663 Zenthbenedulr
1133 2603 1264 2662 vocatae
1289 2598 1322 2660 in
1350 2598 1503 2662 conritatu
1532 2600 1572 2664 de
1600 2599 1677 2663 (llus

274 2700 457 2782 existentes,
489 2701 573 2783 apud
596 2720 711 2765 manus
739 2721 813 2765 suas
835 2702 969 2782 habitae,
999 2701 1249 2765 reambulatione
1280 2707 1312 2764 et
1333 2721 1491 2765 novarum
1520 2709 1677 2767 metarum

274 2804 433 2868 erectione
454 2803 628 2887 plurimum
650 2805 837 2889 indigerent.
868 2805 972 2890 Super
995 2826 1058 2888 quo
1074 2812 1215 2869 vestram
1236 2806 1374 2888 petimus
1396 2807 1566 2870 amicitiam
1587 2826 1678 2891 prae·

275 2908 418 2972 sentibus
441 2914 634 2991 reverenter,
658 2914 817 2990 quatenus
840 2915 983 2974 vestrum
1001 2909 1134 2972 mittatis
1155 2908 1315 2972 hominem
1338 2929 1396 2993 pro
1412 2911 1592 2974 testimonio
1615 2911 1678 2975 fide

275 3011 416 3095 dignum,
448 3032 512 3094 quo
534 3018 701 3096 praesente
724 3013 887 3095 Nyoolaus
910 3014 1014 3077 dictus
1037 3012 1116 3076 Chol
1139 3013 1178 3076 de
1200 3013 1314 3077 Wallro
1339 3013 1390 3077 vel
1412 3013 1553 3078 Jacobus
1575 3015 1679 3079 dictus

206 3118 241 3174 20
276 3114 365 3180 Chae
387 3117 426 3180 de
449 3116 576 3179 Zuchalr
599 3123 656 3180 aut
678 3116 858 3201 Stephanus
881 3118 920 3182 dc
943 3118 1053 3182 eadem
1075 3117 1145 3180 aliis
1168 3116 1360 3200 absentibus,
1391 3118 1486 3181 homo
1509 3125 1617 3183 noster
1639 3119 1680 3183 ad

276 3219 371 3284 iacies
386 3221 619 3303 praedictarum
643 3222 880 3304 possessionum
895 3221 1066 3286 Monustur
1089 3226 1120 3284 et
1136 3220 1386 3285 Zenthbenedulr
1404 3222 1518 3287 vicinis
1541 3228 1573 3287 et
1593 3242 1678 3287 com-

275 3323 428 3387 metaneis
458 3325 632 3388 earundem
655 3325 798 3407 undique
821 3326 960 3409 legitime
991 3325 1174 3389 convocatis
1197 3329 1229 3388 ct
1250 3326 1471 3408 praesentibus
1500 3327 1679 3390 accedendo

274 3427 452 3492 rcambulet
474 3428 599 3492 easdem
622 3448 680 3512 per
702 3448 811 3492 aarum
835 3449 926 3493 veras
950 3435 1048 3493 metas
1071 3435 1103 3493 et
1118 3430 1275 3511 antiquae,
1299 3435 1331 3492 et
1345 3429 1402 3492 ubi
1423 3450 1553 3494 necesse
1574 3431 1680 3514 luerit,

275 3551 376 3595 novas
401 3532 492 3596 iuxta
518 3538 642 3597 veteres
664 3534 815 3616 erigendo
838 3534 1115 3616 reambulatasqne
1138 3540 1170 3597 et
1192 3532 1230 3596 ab
1262 3532 1395 3596 aliorum
1425 3535 1680 3617 possessionariis

207 3639 241 3693 25
277 3636 401 3700 iuribus
423 3642 583 3720 separatas
604 3642 637 3701 et
652 3637 815 3700 distinctas
838 3637 999 3720 relinquat
1016 3644 1048 3702 et
1070 3638 1247 3701 committat
1261 3637 1368 3725 eidem
1379 3636 1497 3700 Lazaro
1521 3637 1625 3701 abbati
1649 3643 1681 3703 et

276 3759 353 3804 suae
383 3740 533 3804 ecclesiae
563 3760 601 3805 eo
630 3742 711 3823 iure,
742 3759 806 3822 quo
837 3742 913 3824 ipsis
940 3742 1172 3823 dignoscuntur
1200 3741 1367 3823 pertinere,
1397 3746 1551 3824 perpetuo
1581 3741 1680 3824 possi-
1733 3759 1748 3782 ⁴

277 3843 405 3925 dcndas,
435 3844 462 3907 si
485 3864 550 3907 non
572 3845 671 3908 fuerit
692 3834 933 3925 contradictum,
963 3845 1211 3908 contradictores
1237 3862 1313 3906 vero
1337 3844 1363 3907 si
1387 3845 1443 3926 qui
1465 3844 1585 3908 fuerint
1606 3846 1682 3909 citet

276 3948 405 4011 eosdem
419 3948 574 4012 adversus
590 3948 727 4012 eundem
752 3949 898 4013 abbatem
912 3956 1054 4013 nostram
1069 3949 1104 4010 in
1117 3947 1330 4030 praesentiam
1353 3948 1393 4010 ad
1408 3948 1581 4011 terminum
1596 3969 1681 4012 com·

275 4057 445 4135 petentem,
475 4053 631 4116 rationem
654 4054 912 4117 contradictionis
934 4054 1077 4137 ipsorum
1104 4052 1292 4116 reddituros.
1325 4051 1368 4115 Et
1389 4058 1461 4135 post
1482 4054 1560 4117 haec
1582 4053 1682 4136 ipsius

207 4158 243 4213 30
276 4156 542 4238 possessionariae
553 4156 813 4221 reambulationis
828 4164 861 4222 et
876 4177 1034 4222 novarum
1049 4162 1206 4220 metarum
1223 4155 1345 4239 seriem,
1361 4176 1435 4219 cum
1454 4156 1601 4221 cursibus
1615 4177 1681 4221 me-

278 4265 383 4323 tarum
412 4260 465 4324 vel
492 4259 675 4324 nominibus
706 4261 975 4324 contradictorum
1004 4267 1036 4325 et
1058 4262 1226 4325 citatorum
1249 4260 1275 4323 ai
1304 4260 1360 4341 qui
1381 4260 1502 4324 luerint
1531 4262 1682 4325 termino-

279 4381 343 4445 que
366 4363 525 4448 aasignato
548 4364 641 4428 nobis
663 4364 697 4427 in
720 4365 835 4429 vestris
851 4364 951 4429 literis
973 4365 1179 4429 amicabiliter
1194 4363 1382 4428 rescribatis.
1409 4362 1530 4428 Datum
1551 4365 1586 4427 in
1607 4364 1684 4428 villa

279 4466 515 4532 Crucilerorum
545 4487 644 4552 prope
666 4468 859 4534 Tordensem
882 4469 1053 4551 civitatem,
1084 4475 1196 4533 octavo
1220 4468 1271 4532 die
1298 4468 1371 4532 festi
1392 4468 1532 4532 Paschae
1555 4468 1683 4553 domini,

279 4590 363 4634 anno
386 4572 529 4636 eiusdem
551 4572 718 4636 millesimo
742 4572 815 4637 00⁰.
837 4573 1043 4656 nonagesimo
1067 4573 1209 4656 septimo.

212 4852 247 4908 a
943 4806 1082 4915 aaa.¹

358 4997 467 5065 1297
477 4993 569 5067 Jaai
581 4998 640 5066 12.
666 4994 745 5067 Dae
762 4994 1064 5069 Groeewcrdeiaer
1076 4994 1221 5088 Kaprai
1238 4994 1431 5089 beplaabipt
1448 4997 1503 5069 die
1521 4994 1685 5069 Urlnmde

281 5114 340 5187 dea
369 5114 565 5189 Woiwoden
590 5115 782 5189 Lodrblom
807 5139 873 5190 oon
898 5120 1006 5188 1297
1032 5116 1100 5189 Nr.
1120 5120 1210 5188 277
1235 5117 1310 5188 wod
1335 5118 1495 5191 miei
1520 5118 1604 5191 abar
1630 5118 1686 5191 dio

285 5233 572 5328 Grcnrbegrebrmp
597 5260 663 5310 oon
679 5238 861 5311 Morroator
876 5238 951 5310 arod
968 5237 1226 5326 Saentbeaedelr,
1253 5237 1485 5329 Basileonqen
1504 5238 1567 5311 der
1583 5237 1686 5312 Alai

282 5354 590 5429 Koloacmorroalor.

210 5500 248 5555 le
438 5507 459 5571 ²)
482 5502 567 5558 Ueber
584 5502 634 5557 der
651 5503 727 5558 Zeila
743 5504 952 5577 mcbpmopen.

436 5590 458 5660 ¹)
481 5588 752 5662 Ueberyeacbrieben:
769 5591 867 5647 Berua
