4064 6288
1006 590 1162 685 *aaa*

1038 779 1125 861 221.

460 943 571 1011 1287
597 938 789 1011 November
817 946 848 1011 1.
902 942 980 1013 Dos
1014 942 1293 1033 Weisseobarper
1328 942 1472 1033 Rapiat
1506 941 1660 1034 11000091,
1701 945 1782 1016 dosa

381 1059 664 1148 Babebochtros
678 1061 742 1131 mit
759 1060 834 1131 dom
846 1061 1029 1134 Stemmata
1037 1064 1212 1155 Magister
1223 1063 1366 1134 Jobona
1378 1063 1462 1134 11101
1479 1064 1545 1135 dea
1558 1064 1781 1137 1111010ηό011

382 1204 427 1252 aa
452 1180 693 1273 Webaeobmp
719 1184 818 1254 moero
843 1181 991 1274 Vertrop
1017 1184 1269 1275 obpeaoblosaeo
1295 1185 1364 1256 bot.

540 1346 616 1415 Orio.
635 1347 715 1416 Pero.
734 1346 942 1416 Kapiatarcaio
959 1346 1126 1418 Kardabarp.
1148 1347 1236 1418 Siapal
1253 1348 1335 1415 rand,
1353 1364 1413 1401 war
1429 1347 1462 1400 a'n
1478 1347 1585 1401 weiaaaa
1609 1347 1709 1402 Wocba
1726 1351 1783 1417 aas
1814 1353 1830 1404 5

485 1431 534 1484 dar
552 1431 695 1486 Rdcbaaitc
713 1432 902 1502 oafyedrbcltt.

537 1554 649 1608 Druck:
670 1554 782 1608 Teutam
800 1572 827 1607 a.
847 1553 1007 1610 Firrdaober
1025 1556 1097 1611 sico.
1120 1557 1201 1612 Urbe.
1220 1558 1246 1623 l,
1265 1561 1324 1612 139.
1343 1556 1485 1611 Jaoroacb
1502 1556 1551 1609 der
1568 1556 1593 1609 11.
1611 1557 1637 1610 b.
1658 1556 1780 1612 Centrob-

486 1640 674 1695 Korama'acioa
691 1641 754 1707 ΠΙ,
774 1646 832 1696 157.
858 1641 967 1696 Wenrel
988 1641 1052 1697 Cod.
1070 1644 1179 1711 Arpod.
1198 1642 1253 1710 IV,
1271 1647 1331 1698 301.

538 1762 651 1832 Repeat:
673 1762 835 1817 Torttnelmi
853 1763 899 1817 tdr
918 1767 994 1831 1889,
1012 1767 1072 1818 572.

536 1937 604 2001 Nos
626 1939 800 2022 capitulum
822 1938 972 2003 ecclesiae
995 1939 1078 2003 beati
1093 1938 1234 2003 Micaehs
1253 1939 1431 2023 archangeli
1445 1939 1689 2004 lhanssiluanae
1711 1960 1777 2005 me·
1815 1947 1849 2001 10

382 2041 500 2104 moriae
523 2042 780 2108 commendantes
804 2049 913 2107 tenere
935 2045 1150 2127 praesentium
1179 2043 1393 2126 significamus
1416 2043 1534 2125 quibus
1556 2045 1687 2128 expedit
1707 2046 1780 2108 nni-

382 2144 492 2225 versis,
524 2146 610 2226 qnod
640 2148 789 2229 magister
810 2147 974 2211 Johannes
996 2146 1144 2230 Lapicida
1173 2147 1259 2210 fih'us
1281 2147 1422 2229 'l'ynonis
1452 2147 1491 2210 de
1522 2148 1650 2211 civitate
1679 2151 1781 2212 sancti

382 2247 538 2311 Adeodati
564 2249 748 2334 inproprie
777 2271 914 2335 persona
936 2270 1041 2313 coram
1071 2250 1164 2313 nobis
1193 2250 1396 2327 constitutus,
1426 2271 1468 2314 ex
1490 2258 1582 2334 pacto
1604 2252 1684 2315 inito
1707 2272 1780 2316 cnm

381 2350 556 2415 venerabili
586 2358 675 2436 patra
697 2356 825 2418 domino
849 2355 944 2419 Petro
975 2355 1122 2437 episcopo
1145 2353 1285 2436 praelato
1312 2361 1421 2417 nostro
1444 2353 1596 2437 obhgavit
1619 2374 1653 2419 00
1676 2355 1780 2419 eleva·

382 2462 491 2519 turum
513 2478 641 2522 murum
664 2459 813 2522 ecclesiae
836 2463 964 2522 nostrae
986 2458 1133 2521 videlicet
1155 2457 1306 2521 ecclesiae
1328 2457 1411 2520 beati
1435 2457 1576 2522 Micaalis
1598 2460 1779 2542 archangeli
1816 2467 1848 2519 15

382 2567 415 2624 01
436 2561 537 2644 ipsius
559 2563 643 2625 muri
665 2562 841 2626 adiacentia
862 2568 988 2645 praeter
1012 2561 1176 2625 columnas
1207 2561 1301 2624 simul
1324 2581 1397 2623 cum
1429 2563 1509 2625 turri
1533 2581 1589 2626 seu
1613 2564 1780 2646 campanili

380 2664 469 2728 intus
492 2673 524 2728 et
547 2667 689 2729 exterius
717 2686 792 2729 cum
821 2666 978 2749 lapidibus
1006 2666 1113 2749 politis
1135 2670 1260 2749 praeter
1282 2665 1466 2728 interiorem
1496 2672 1618 2749 partem
1641 2668 1739 2731 turris
1761 2688 1780 2730 a

382 2772 472 2851 parte
488 2769 687 2833 meridionali
703 2770 858 2853 incipiens
881 2770 1068 2851 abantiquo
1085 2787 1179 2852 opere
1202 2774 1234 2831 et
1255 2769 1449 2832 continuans
1463 2770 1524 2852 ipsi
1543 2770 1675 2852 antiqno
1691 2772 1778 2854 operi

381 2872 474 2935 iuxta
496 2873 622 2954 ostium,
653 2893 709 2956 per
732 2874 818 2954 quod
842 2873 991 2936 dominus
1013 2875 1181 2956 episcopus
1203 2874 1237 2936 in
1260 2872 1423 2936 ecclesiam
1447 2874 1567 2938 intrare
1590 2874 1671 2938 solet
1692 2881 1724 2938 et
1745 2875 1779 2938 in

381 2994 475 3038 snum
498 2977 602 3039 redire
622 2977 774 3060 palatium
797 2978 831 3039 in
854 2996 892 3041 ea
913 2978 1080 3041 altitudine
1102 2978 1135 3039 in
1158 2981 1234 3058 toto,
1257 2978 1289 3038 in
1307 2996 1372 3058 qua
1385 2997 1498 3041 murus
1512 2978 1612 3061 ipsius
1628 2979 1778 3044 ecclesiae
1814 2983 1849 3037 20

381 3099 478 3162 snpra
500 3080 619 3143 dictum
643 3082 759 3144 ostium
781 3100 839 3164 per
861 3081 1029 3162 antiquum
1052 3100 1133 3164 opus
1156 3080 1279 3143 exstitit
1300 3080 1444 3143 elevatus
1466 3100 1523 3164 pro
1547 3082 1780 3164 quinquaginta

381 3184 496 3247 marcis
518 3184 677 3248 terrestris
700 3185 822 3267 argenti
838 3191 870 3248 01
891 3185 1023 3247 minoris
1037 3184 1197 3267 ponderis,
1221 3183 1261 3246 de
1284 3182 1401 3263 quibus
1418 3184 1651 3267 quinquaginta
1664 3187 1779 3249 marcis

380 3286 571 3368 praedict01)
601 3288 751 3370 magistro
774 3288 914 3351 Johanni
942 3289 1065 3352 ratione
1096 3286 1261 3350 cniusdam
1291 3287 1450 3349 homicidii
1459 3287 1481 3363 ²)
1512 3287 1573 3349 alio
1605 3287 1655 3350 die
1677 3287 1779 3353 Albae

380 3391 551 3473 perpetrati
581 3392 666 3455 idem
697 3392 845 3455 dominns
867 3393 1043 3477 episcopus,
1073 3392 1106 3453 in
1129 3391 1295 3455 memorati
1328 3391 1432 3473 operis
1454 3390 1655 3455 inchoatione
1684 3391 1780 3455 solvit

382 3500 453 3557 octo
476 3515 606 3577 mareas
629 3501 662 3558 et
684 3496 717 3557 in
739 3501 806 3559 toto
830 3496 931 3559 eidem
954 3496 1104 3578 magistro
1119 3495 1259 3558 Johanni
1282 3493 1452 3577 complebit
1474 3495 1507 3556 in
1530 3494 1674 3557 terminis
1696 3495 1779 3558 inira
1814 3501 1847 3555 25

382 3597 515 3681 scriptis.
538 3600 568 3661 A
591 3599 665 3662 data
686 3599 834 3662 videlicet
855 3600 1071 3683 praesentium
1098 3617 1202 3679 usque
1225 3604 1353 3661 octavas
1375 3597 1510 3661 Passcae
1533 3598 1667 3680 singidis
1689 3618 1778 3661 men-

380 3699 469 3764 sibus
491 3702 632 3784 singulas
663 3722 785 3766 marcas
813 3703 983 3785 persolvet,
1014 3704 1047 3765 in
1076 3703 1152 3785 ipsis
1180 3702 1265 3765 enim
1296 3701 1416 3764 octavis
1438 3701 1573 3764 Passcae
1604 3700 1691 3765 dabit
1719 3721 1777 3766 sex

380 3824 511 3883 marcas,
533 3805 566 3867 in
590 3806 710 3868 octavis
732 3805 926 3869 ascensionis
949 3805 1069 3867 domini
1084 3805 1193 3868 decem
1216 3824 1346 3886 marcas,
1362 3806 1395 3866 in
1418 3804 1499 3868 festo
1522 3803 1606 3868 beati
1621 3805 1777 3870 Johannis

381 3907 535 3991 baptistae
557 3909 673 3972 iterum
689 3910 797 3972 decem
814 3928 944 3989 marcas,
966 3909 1000 3971 in
1022 3908 1103 3972 festo
1118 3907 1202 3971 beati
1217 3908 1329 3972 Jacobi
1352 3908 1485 3992 apostoli
1510 3908 1654 3972 residuas
1669 3909 1778 3972 decem

381 4031 502 4075 marcas
525 4014 672 4095 proximo
697 4013 848 4091 venturis
878 4014 923 4075 ita
945 4018 1048 4075 tamen
1074 4012 1160 4093 quod
1183 4014 1210 4074 si
1232 4013 1313 4075 forte
1336 4013 1420 4075 idem
1444 4013 1593 4094 magister
1614 4011 1778 4077 Johannes
1813 4018 1848 4073 30

382 4134 463 4198 opus
487 4137 581 4179 snum
605 4123 679 4180 ante
702 4117 771 4198 ipsa
793 4124 935 4199 tempora
956 4114 1108 4199 perficere
1124 4116 1248 4197 poten't
1272 4116 1421 4178 dominus
1443 4116 1611 4199 episcopus
1634 4116 1779 4180 similiter

380 4225 454 4283 ante
476 4220 585 4283 eadem
607 4226 749 4303 tempora
772 4220 981 4301 quantitatem
1005 4223 1195 4282 memoratae
1218 4219 1372 4301 pecuniae
1387 4219 1507 4281 scilicet
1527 4219 1669 4301 ipsarum
1685 4222 1778 4301 quin-

382 4323 534 4405 quaginta
557 4343 734 4387 marcarum
757 4323 817 4386 sihi
839 4321 1000 4386 tenebitur
1019 4322 1186 4403 integrare.
1210 4321 1424 4384 Nihilominus
1439 4322 1478 4384 ab
1501 4323 1571 4406 ipsa
1592 4323 1666 4386 data
1686 4344 1777 4407 prae-

380 4427 518 4490 sentium
548 4432 728 4511 praetactas
751 4428 900 4510 magister
921 4425 1085 4489 Johannes
1110 4445 1183 4488 cum
1207 4444 1271 4487 uno
1302 4425 1387 4487 socio
1411 4425 1471 4488 sibi
1494 4426 1642 4489 adiuncto
1664 4428 1698 4490 in
1720 4446 1777 4511 po-

380 4529 494 4593 liendis
516 4530 674 4614 lapidibus
696 4530 801 4593 statim
825 4529 946 4611 absque
969 4530 1072 4593 medio
1095 4530 1202 4611 aliquo
1226 4528 1320 4591 debet
1341 4528 1448 4611 ipsum
1470 4549 1550 4613 opus
1573 4530 1721 4595 inchoare
1744 4539 1776 4595 01
1811 4538 1845 4591 35

379 4652 437 4716 per
466 4640 564 4697 totam
594 4635 729 4698 hiemem
761 4633 882 4715 absque
912 4633 1042 4714 aliquali
1071 4632 1305 4697 intermissione
1335 4631 1488 4714 laborare,
1519 4632 1639 4717 lapides
1663 4639 1777 4715 tamen,

379 4742 569 4818 cernentum,
599 4757 740 4818 arenam,
771 4755 886 4817 aquarn
920 4744 952 4800 et
984 4736 1164 4819 lignamina,
1198 4736 1225 4800 si
1256 4755 1338 4818 quae
1369 4741 1464 4800 erunt
1495 4756 1553 4820 pro
1583 4738 1652 4821 ipso
1683 4757 1778 4821 opere

380 4842 567 4923 necessaria,
598 4840 746 4904 dominus
776 4838 944 4923 episcopus
967 4840 1083 4904 deferri
1104 4841 1198 4903 iaciat
1220 4846 1253 4904 et
1274 4840 1390 4923 deponi
1417 4840 1509 4904 iuxta
1531 4840 1682 4904 ecclesiae
1704 4841 1777 4905 fun·

380 4944 564 5008 dementum
587 4944 743 5027 ponenda,
774 4943 950 5006 ordinanda
972 4950 1004 5008 01
1025 4944 1159 5007 locanda
1183 4945 1218 5006 in
1241 4962 1336 5026 opere
1358 4949 1455 5027 prout
1477 4943 1595 5007 debent
1615 4943 1777 5010 laboribus

380 5047 522 5129 magistri
532 5047 688 5110 Johannis
700 5047 872 5110 memorati.
896 5047 1041 5111 Perfecto
1054 5049 1139 5111 enim
1151 5067 1246 5131 opere
1258 5048 1407 5111 dominus
1419 5049 1587 5131 episcopus
1599 5048 1775 5112 secundum
1811 5055 1846 5109 40

381 5170 475 5214 suurn
499 5151 651 5214 honorem
674 5150 845 5232 assumpsit
860 5170 894 5213 se
917 5152 1108 5214 restiturum
1131 5152 1317 5234 magistrum
1332 5150 1512 5215 Johannem
1536 5171 1633 5235 supra
1647 5152 1775 5215 (11010111.

379 5254 497 5319 Datum
520 5256 554 5317 in
576 5256 656 5318 10010
680 5255 822 5317 omnium
838 5263 1029 5336 sanctorum,
1052 5274 1136 5317 anno
1153 5255 1272 5317 domini
1294 5233 1396 5319 11110
1419 5255 1610 5338 octogesimo
1634 5256 1776 5339 septimo.

537 5395 557 5458 ¹)
580 5367 712 5460 Vorlope:
728 5390 852 5458 prodicta.

535 5479 557 5545 1)
579 5476 711 5547 verua:
728 5476 857 5531 somiein
