4086 6300
980 532 1135 629 —sss-

511 721 580 785 Nos
601 722 752 805 magister
773 720 968 787 Benedictus
989 723 1229 786 archidiaconus
1245 721 1284 786 de
1299 721 1429 806 lplegd,
1451 721 1643 789 venerabilis
1656 725 1756 809 patris

355 831 387 890 et
402 825 523 889 domini
533 826 682 890 Andreas
701 827 752 889 dei
774 832 807 890 et
821 826 1012 909 apostolicae
1035 827 1119 890 sedis
1134 826 1235 909 gratia
1249 827 1388 911 episcopi
1403 827 1604 891 Transiluani
1618 828 1756 892 vicarius

355 929 522 1013 generalis,
553 935 663 994 tonora
692 931 908 1013 praesentium
939 930 1155 1013 significamus
1187 929 1304 1011 quibus
1327 932 1457 1014 expedit
1477 932 1646 1008 universis,
1669 933 1756 1015 quod

355 1034 430 1097 licet
459 1052 556 1096 causa
585 1034 795 1117 possessionis
825 1033 992 1097 cuiusdam
1015 1040 1146 1116 quartae
1169 1034 1364 1097 decimarum
1386 1033 1426 1099 de
1449 1034 1547 1099 Sarus
1568 1037 1602 1099 in
1625 1036 1756 1101 modum

356 1157 471 1201 causae
487 1136 683 1220 spoliationis
698 1141 852 1201 attentata
874 1144 907 1202 et
928 1138 1082 1202 ventilata
1095 1158 1153 1221 per
1167 1137 1364 1221 Myohaelem
1380 1140 1576 1203 sacerdotem
1592 1140 1631 1204 da
1646 1147 1755 1205 sancto
1791 1142 1807 1197 5

355 1240 493 1304 Martino
517 1261 536 1303 a
557 1240 652 1304 Petro
676 1241 715 1304 de
737 1240 885 1305 Keureus
905 1261 1012 1305 coram
1027 1242 1120 1306 nobis
1135 1244 1314 1307 restitutiva
1332 1242 1463 1306 obtenta
1477 1244 1598 1325 fuisset
1614 1248 1646 1307 et
1660 1263 1756 1328 super

357 1346 416 1408 hoc
446 1345 554 1408 literas
585 1349 710 1408 nostras
738 1344 877 1409 haberet.
899 1345 1018 1409 Tamen
1043 1346 1246 1429 postmodum
1269 1366 1342 1409 oum
1364 1345 1449 1410 idem
1471 1346 1592 1411 Petrus.
1609 1347 1757 1411 sacerdos

357 1448 507 1512 ecclesiae
523 1448 623 1511 sancti
634 1447 757 1511 Nicolai
772 1449 811 1512 de
827 1448 925 1512 Sarus
940 1468 1069 1512 causam
1085 1450 1287 1533 proprietatis
1299 1455 1411 1513 contra
1422 1449 1560 1513 eundem
1571 1450 1756 1516 Michaelem

357 1552 552 1615 sacerdotem
583 1558 615 1615 et
644 1552 780 1635 populos
806 1552 845 1616 de
869 1557 978 1616 sancto
1002 1552 1139 1615 Martino
1163 1554 1316 1616 movisset
1338 1573 1444 1616 coram
1467 1552 1560 1617 nobis
1582 1559 1614 1617 et
1636 1555 1757 1619 diutius

357 1657 470 1720 fuisset
492 1655 652 1736 ventilata,
676 1662 708 1719 et
728 1656 789 1739 ipsi
804 1656 921 1720 Petrus
943 1661 975 1719 et
997 1657 1145 1720 sacerdos
1161 1655 1311 1720 ecclesiae
1331 1657 1432 1719 sancti
1447 1656 1570 1719 Nicolai
1593 1657 1633 1720 da
1648 1654 1754 1741 Serus,
1792 1662 1826 1716 10

357 1762 440 1825 siout
461 1761 530 1843 ipsa
545 1765 629 1823 terra
648 1766 697 1823 est
711 1761 878 1843 parochiae
900 1761 1051 1823 ecclesiae
1070 1761 1171 1822 sancti
1187 1760 1318 1841 Nicolai,
1341 1761 1386 1823 ita
1401 1766 1546 1841 quartam
1562 1760 1756 1824 decimarum

357 1865 397 1928 ad
419 1865 520 1947 ipsam
543 1863 707 1927 ecclesiam
730 1865 831 1927 sancti
853 1863 976 1928 Nicolai
998 1864 1157 1947 pertinere
1181 1870 1425 1946 proposuerunt.
1455 1864 1595 1928 Tandem
1617 1884 1659 1928 ex
1680 1885 1756 1928 con·

358 1969 495 2032 fessione
518 1966 660 2031 eiusdem
683 1965 858 2048 Myohaelis
881 1967 1062 2049 sacerdotis,
1084 1967 1252 2030 Rucbwini
1275 1967 1380 2048 villici,
1402 1966 1561 2053 Redolphi
1576 1972 1608 2032 et
1622 1969 1756 2032 aliorum

358 2073 520 2156 hospitum
543 2071 582 2135 de
605 2075 714 2134 sancto
737 2070 874 2133 Martino
898 2070 1116 2154 procuratorio
1140 2071 1269 2134 nomine
1291 2072 1541 2154 comparentium
1566 2073 1758 2156 invenimus,

360 2177 446 2258 quod
475 2176 546 2259 ipsa
573 2181 666 2255 terra
699 2194 794 2256 quam
817 2173 932 2238 Petrus
960 2174 1141 2257 praedictus
1167 2173 1252 2255 emit,
1283 2180 1367 2238 esset
1392 2179 1477 2238 terra
1500 2174 1597 2239 Saros
1619 2182 1652 2239 et
1673 2180 1757 2240 esset
1793 2182 1827 2234 15

360 2281 528 2364 parochiae
543 2279 694 2343 ecclesiae
710 2278 810 2341 sancti
826 2277 948 2341 Nicolai
964 2278 1003 2340 de
1019 2276 1139 2359 eadem,
1162 2283 1194 2341 et
1209 2283 1350 2361 tompore
1366 2279 1558 2343 desertitatis
1573 2279 1633 2363 ipsi
1648 2278 1759 2363 populi

360 2386 399 2448 dc
415 2389 523 2448 sancto
539 2382 708 2459 Martin01)
724 2382 906 2462 coluissent
929 2381 1014 2445 unde
1031 2381 1070 2445 de
1085 2382 1217 2444 consilio
1233 2382 1331 2445 totius
1351 2382 1480 2465 capituli
1496 2383 1597 2466 ipsam
1613 2388 1758 2464 quartam

359 2490 553 2552 decimarum
583 2485 622 2550 de
645 2490 730 2549 terra
752 2485 849 2549 Sarus
872 2485 968 2549 Petro
999 2484 1147 2548 videficet
1176 2485 1215 2549 de
1237 2485 1385 2550 Kenrens
1415 2487 1673 2570 provenientium
1703 2486 1758 2550 ad·

357 2592 570 2656 iudicavimus
592 2596 625 2653 et
646 2592 896 2673 pronunciamus
919 2590 959 2652 ad
982 2589 1147 2653 ecclesiam
1168 2591 1269 2652 sancti
1284 2589 1314 2653 N
1316 2588 1407 2652 icolai
1422 2590 1589 2673 pertinere.
1611 2589 1651 2653 In
1666 2589 1758 2652 cuius

358 2697 406 2761 rei
428 2695 645 2760 testimonium
664 2699 846 2778 praesentes
860 2694 968 2757 literas
983 2700 1109 2757 nostras
1123 2694 1340 2757 concessimus
1355 2694 1456 2757 nostri
1471 2693 1565 2776 sigilli
1580 2693 1757 2757 munimine
1793 2697 1828 2753 20

361 2800 531 2864 roboratas.
554 2798 675 2862 Datum
688 2797 799 2879 Albae,
822 2798 856 2860 in
872 2797 953 2862 festo
968 2798 1052 2862 beati
1068 2798 1150 2861 Galli
1164 2798 1364 2880 contessoris,
1387 2817 1471 2861 anno
1488 2797 1608 2862 domini
1622 2796 1657 2861 M
1672 2796 1757 2861 000.

359 2905 513 2987 vigesimo
536 2903 685 2967 secundo.

1015 3178 1108 3261 3118.

436 3345 596 3436 Amynan
621 3345 727 3416 1322
760 3342 1044 3417 1122211223.
1090 3343 1199 3434 Popst
1223 3341 1366 3414 Jotaoa
1394 3341 1525 3413 XXII.
1563 3341 1761 3433 benafboyt

360 3467 426 3538 dcta
452 3467 606 3554 Bascbof
623 3488 688 3538 vora
720 3464 865 3552 obnata,
902 3465 957 3536 dic
991 3488 1056 3536 voa
1088 3465 1164 3535 dem
1191 3462 1351 3535 Sobeltcr
1378 3462 1538 3535 Deleant
1560 3486 1669 3555 pcqco
1695 3464 1761 3534 den
1795 3478 1830 3533 25

359 3587 673 3677 aebeatarpacteo
699 3586 852 3673 Biscbos
871 3585 1033 3657 Andreas
1066 3585 1141 3656 aad
1176 3585 1242 3655 dea
1269 3584 1504 3656 Arabidc'olton
1529 3583 1671 3656 Jotaaa
1706 3606 1759 3656 cr·

360 3707 508 3780 bobenca
534 3707 675 3798 Klapca
700 3730 745 3778 22
770 3708 1006 3778 2212222122.

517 3871 627 3925 Druck:
656 3870 746 3925 Codes
763 3870 874 3940 diplom.
897 3876 922 3924 ct
945 3870 1022 3938 epist.
1047 3869 1193 3923 Morantur
1215 3868 1266 3937 Vr,
1292 3872 1344 3923 162
1367 3869 1438 3923 narb
1455 3869 1516 3926 dem
1534 3867 1660 3938 masur
1682 3867 1760 3924 Vati·

465 3958 607 4012 taniscbcs
624 3957 735 4012 Archiv.

516 4134 680 4198 Johannes
703 4135 870 4218 episcopus
893 4151 1006 4197 servus
1029 4151 1196 4196 serrorum
1212 4130 1263 4194 dei
1278 4130 1452 4194 venerabili
1467 4131 1556 4194 fratri
1580 4176 1588 4195 .
1613 4130 1655 4208 .²)
1679 4131 1761 4214 epis·
1796 4136 1831 4189 30

364 4258 443 4321 copo
467 4237 671 4302 Olomucensi
694 4238 829 4302 salutem
852 4242 885 4300 et
906 4236 1109 4320 apostolicam
1133 4235 1394 4299 benedictionem.
1413 4233 1556 4299 Veniens
1577 4234 1618 4298 ad
1636 4238 1762 4318 aposto-

361 4342 453 4403 licam
484 4340 592 4404 sedem
621 4340 755 4404 dilectus
784 4340 870 4403 fflius
893 4340 1050 4422 Georgius
1078 4338 1234 4423 plebanus
1264 4337 1414 4401 ecclesiae
1438 4338 1531 4401 villae
1554 4336 1762 4400 Dominarum

361 4464 418 4527 pro
442 4463 476 4507 se
496 4450 529 4507 et
543 4446 760 4527 procuratorio
776 4445 906 4508 nomine
921 4443 1109 4508 dilectorum
1123 4442 1263 4506 filiorum
1278 4441 1390 4506 decani
1405 4441 1578 4505 decanatus
1593 4441 1632 4504 de
1649 4439 1763 4504 Schellr

362 4568 399 4611 ac
431 4553 591 4611 rectorum
623 4547 828 4612 ecclesiarum
858 4549 893 4610 in
920 4548 989 4630 ipso
1013 4547 1169 4610 decanatu
1192 4545 1434 4609 consistentium
1456 4544 1606 4609 Albensis
1628 4544 1763 4608 diocesis

363 4651 456 4715 nobis
471 4651 698 4733 conquerendo
720 4652 918 4732 monstravit,
942 4650 1030 4733 quod
1051 4648 1242 4714 venerabilis
1264 4648 1362 4712 trater
1384 4652 1493 4712 nostor
1511 4648 1657 4711 Andreas
1679 4648 1762 4730 epis·
1797 4653 1831 4707 35

365 4775 464 4838 copus
486 4759 519 4818 et
532 4754 553 4818 J
555 4754 696 4818 ohannes
719 4755 959 4818 archidiaconus
974 4753 1132 4818 Albenses
1147 4772 1202 4816 eos
1217 4753 1250 4816 in
1266 4753 1412 4836 personis
1427 4758 1460 4815 et
1473 4751 1570 4815 rebus
1586 4771 1622 4815 ac
1637 4751 1763 4814 iuribus

364 4858 569 4922 ecclesiarum
600 4878 731 4922 suarum
762 4858 979 4942 multipliciter
1009 4862 1192 4940 aggravant,
1213 4858 1406 4940 *opprimunt
1427 4860 1460 4919 et
1480 4854 1659 4937 molestant
1682 4874 1763 4917 non·

363 4962 469 5026 nullos
496 4981 607 5026 eorum
630 4962 752 5044 absque
774 4981 871 5025 causa
892 4961 1073 5025 rationabili
1095 4960 1257 5045 capiendo,
1290 4961 1446 5043 quosdam
1468 4956 1608 5042 fugando
1631 4963 1664 5022 et
1685 4957 1764 5020 alios

363 5067 430 5129 suis
461 5066 601 5129 ecclesiis
632 5066 701 5130 sine
731 5066 817 5129 omni
847 5084 962 5129 causae
988 5066 1169 5148 cognitione
1191 5063 1347 5148 privando
1371 5064 1503 5145 suisque
1526 5062 1619 5125 bonis
1642 5066 1706 5125 tam
1729 5062 1763 5123 in

363 5174 466 5233 mortc
488 5189 585 5252 quam
607 5170 641 5231 in
660 5171 728 5234 vita
742 5170 881 5234 totaliter
896 5168 1071 5253 spoliando,
1094 5168 1173 5232 adeo
1190 5169 1277 5249 quod
1292 5166 1440 5231 nonnulli
1455 5185 1566 5230 eornm
1582 5165 1763 5229 mendicare
1797 5170 1833 5224 40

520 5324 541 5391 ¹)
563 5322 697 5392 Vorlayc:
714 5320 830 5377 Nicolao.

518 5410 541 5479 ¹)
561 5407 715 5463 Corradus.
