4088 6292
990 593 1146 689 ffl-

1022 800 1114 884 295.

456 961 698 1054 Weissenborp
732 966 838 1035 1302
873 962 1068 1055 September
1104 968 1139 1036 4.
1194 966 1270 1037 Der
1303 964 1594 1057 sieteatatrpisete
1628 965 1782 1056 Boeotios

370 1085 496 1158 Petne
530 1085 700 1157 tiberttsst
734 1085 811 1157 dem
845 1083 1127 1178 Wetssenturper
1152 1085 1297 1180 Kape‘tet
1331 1086 1397 1158 deu
1423 1085 1575 1161 Zetatea
1610 1110 1675 1160 oon
1700 1088 1771 1161 Ke-

370 1205 521 1279 reetnat
546 1207 620 1277 aad
645 1204 839 1298 Seterpted.

530 1368 606 1510 339.
625 1369 706 1439 Perp.
725 1369 935 1438 Kapitetarclrio
952 1370 1121 1441 Kartaburp.
1148 1371 1236 1442 Siepel
1252 1388 1312 1426 war
1331 1388 1369 1425 an
1386 1368 1570 1425 weles-rother
1587 1370 1772 1440 Hanfsctmwr
1808 1376 1825 1430 5

475 1472 532 1525 any
571 1461 639 1525 'opt

527 1576 639 1631 Druck:
663 1576 794 1633 Seeredat
812 1576 902 1633 Series
919 1584 962 1634 57.
990 1578 1120 1633 Secredci
1138 1580 1249 1633 Notitia
1266 1584 1309 1635 20.
1338 1580 1425 1647 Fejtr
1445 1580 1536 1636 Codex
1558 1581 1646 1650 VIII,
1671 1585 1773 1649 1,102.

476 1662 659 1718 Densusianu
677 1664 844 1719 Documento
862 1669 922 1720 562.

529 1785 641 1855 Repeat:
663 1786 826 1841 Ttrttnelmi
843 1787 889 1841 ter
907 1791 984 1855 1889,
1002 1792 1063 1843 578.

528 1961 595 2025 Nos
625 1961 740 2026 Petrus
774 1962 826 2026 dei
857 1964 959 2046 gratia
991 1964 1159 2048 episeopus
1188 1965 1434 2031 Transsiluanus
1466 1966 1683 2050 praesentium
1715 1984 1773 2051 per
1808 1971 1843 2026 10

373 2071 516 2128 tenorem
539 2064 754 2147 significamus
777 2066 895 2147 quibus
918 2067 1048 2151 expedit
1069 2067 1237 2149 universis,
1270 2070 1356 2151 quod
1379 2090 1453 2135 cum
1475 2071 1589 2134 fratres
1611 2071 1712 2134 nostri
1735 2070 1775 2134 de

373 2169 512 2253 capitulo
535 2168 672 2233 decimas
695 2170 734 2234 de
759 2170 843 2233 villis
866 2172 1040 2234 eorundem
1056 2171 1204 2235 videlicet
1227 2170 1267 2235 de
1281 2170 1474 2236 Kerechnulr
1497 2180 1529 2238 et
1550 2174 1589 2238 de
1605 2173 1774 2258 Chergoud

374 2274 496 2356 integre
533 2274 696 2357 percipere
712 2300 714 2307 >
728 2275 984 2356 permitteremus
1018 2295 1077 2339 nos
1110 2276 1307 2360 petivissent
1340 2275 1453 2339 eodem
1487 2277 1591 2359 modo,
1625 2279 1708 2341 sicut
1739 2278 1773 2340 in

373 2376 524 2440 Enudino
547 2377 635 2440 etin
650 2376 793 2459 Woyasd
816 2397 943 2442 necnon
965 2379 999 2441 in
1022 2379 1218 2444 Barbantina
1241 2380 1318 2443 villa
1340 2400 1376 2443 ac
1399 2380 1469 2443 aliis
1492 2380 1576 2445 villis
1599 2382 1774 2446 eorundem

373 2481 552 2565 percipiunt
581 2486 613 2544 et
641 2488 853 2565 perceperunt
882 2481 1087 2566 abantiquo
1118 2503 1178 2546 nos
1208 2484 1352 2547 volentes
1384 2483 1611 2548 conscientiam
1633 2492 1774 2550 nostram
1810 2492 1843 2545 15

375 2604 511 2669 purgare
545 2586 578 2648 in
609 2584 667 2648 hac
697 2592 787 2669 parte
821 2584 999 2650 iuramento
1030 2588 1172 2670 ipsorum
1203 2587 1427 2669 commisimus,
1460 2594 1498 2651 ut
1528 2590 1555 2651 si
1584 2589 1645 2673 ipsi
1675 2589 1775 2654 dictas

374 2690 512 2754 decimas
541 2690 657 2754 habere
687 2689 840 2753 deberent
870 2695 902 2753 et
931 2690 1093 2774 percipere
1115 2692 1210 2755 modo
1233 2692 1445 2773 supradicto,
1476 2711 1519 2756 ex
1549 2698 1627 2755 tunc
1648 2692 1776 2757 easdem

374 2794 512 2858 decimas
541 2814 638 2878 super
666 2795 845 2858 iuramento
876 2814 988 2859 eorum
1019 2794 1148 2879 pacifice
1178 2800 1210 2859 et
1240 2795 1347 2876 quiete
1374 2795 1494 2859 eisdem
1521 2793 1775 2876 relinqueremus

373 2898 592 2982 percipiendas
625 2903 657 2962 et
685 2898 846 2961 habendas
876 2918 973 2982 super
1001 2899 1061 2962 hoc
1092 2900 1226 2963 termino
1255 2905 1286 2962 et
1316 2898 1367 2962 die
1397 2904 1484 2962 certo
1506 2898 1675 2981 assignato,
1711 2918 1775 2981 quo

375 3003 503 3083 quidem
527 3003 661 3066 termino
696 3002 844 3066 dominus
866 3002 1029 3066 Iohannes
1052 3002 1156 3067 dictus
1179 3002 1306 3067 Siculus
1335 3008 1413 3066 tunc
1436 3002 1576 3066 decanus
1598 3003 1775 3067 eorundem
1810 3008 1845 3064 20

374 3107 407 3170 in
430 3108 552 3171 animas
575 3107 717 3170 omnium
745 3107 778 3169 in
809 3105 900 3170 stallo
932 3126 990 3169 suo
1019 3107 1103 3170 sicut
1125 3112 1173 3170 est
1194 3108 1300 3188 moris,
1330 3107 1422 3170 tactis
1445 3107 1655 3170 sacrosanctis
1677 3126 1775 3171 evan-

374 3211 473 3294 geliis,
507 3231 614 3275 coram
644 3210 805 3294 capellano
837 3216 947 3274 nostro
968 3211 1087 3275 Thonis
1109 3211 1272 3274 sacerdote
1294 3230 1351 3294 per
1374 3230 1433 3274 nos
1455 3211 1495 3274 ad
1517 3210 1577 3273 hoc
1599 3210 1777 3295 specialiter

375 3315 526 3399 deputato
543 3315 699 3399 praestitit
714 3320 956 3377 sacramentum.
979 3314 1074 3378 Unde
1089 3334 1183 3400 saepe
1196 3316 1295 3378 dictas
1307 3315 1445 3378 decimas
1460 3314 1500 3378 de
1511 3314 1596 3378 villis
1607 3314 1777 3379 Kerecuulr

375 3423 408 3481 et
429 3417 597 3500 Chergoud
620 3417 801 3502 praelibatis
824 3417 944 3481 eisdem
967 3418 1120 3483 tratribus
1143 3419 1260 3482 nostris
1287 3417 1416 3502 pacifice
1438 3427 1471 3482 et
1494 3420 1601 3500 quiete
1624 3418 1778 3483 duximus

374 3520 601 3603 relinquendas
631 3521 671 3583 sd
701 3522 940 3605 percipiendum
975 3528 1007 3585 et
1030 3522 1211 3585 habendum
1233 3521 1328 3605 pleno
1358 3522 1544 3586 iuremodo
1567 3522 1776 3606 saepedicto.
1811 3527 1845 3582 25

374 3625 414 3687 ln
437 3625 530 3687 cuius
552 3625 598 3688 rei
621 3625 838 3688 testimonium
861 3625 968 3689 literas
992 3633 1117 3689 nostras
1132 3631 1315 3709 praesentes
1330 3625 1545 3689 concessimus
1568 3625 1662 3709 sigilli
1677 3625 1777 3688 nostri

375 3729 552 3792 munimine
574 3728 747 3792 roboratas.
770 3728 889 3793 Datum
913 3729 1023 3816 Albae,
1047 3729 1126 3792 feria
1148 3730 1242 3793 tertia
1263 3730 1412 3812 proxima
1426 3734 1500 3792 ante
1522 3728 1639 3792 festum
1662 3728 1777 3791 nativi-

375 3833 449 3894 tatis
472 3831 580 3895 beotae
603 3832 721 3896 Mariae
752 3832 893 3916 virginis,
925 3852 1008 3896 anno
1040 3833 1159 3896 domini
1182 3832 1348 3896 millesimo
1381 3833 1601 3896 trecentesimo
1627 3832 1777 3896 secundo.

531 3970 606 4052 Aus
615 3969 670 4033 tter
684 3969 843 4034 theleaeite
857 3991 913 4034 oon
928 3972 1011 4034 einer
1025 3969 1124 4034 Hand
1138 3971 1190 4034 dea
1203 3972 1254 4034 15.
1267 3969 1516 4034 Jahrtundetta:
1538 3969 1641 4054 Super
1656 3970 1778 4034 decima

377 4072 566 4137 Kerechnelr
587 4077 619 4136 et
642 4072 792 4156 Cherged.
1811 4080 1847 4135 30

1035 4367 1127 4452 2116.

455 4552 562 4622 1302
587 4546 783 4642 September
808 4551 873 4619 25.
915 4546 985 4620 Dte
1011 4547 1328 4621 Hermoanstttdter
1357 4547 1692 4638 Gammoanmtmrp
1717 4570 1777 4618 or-

377 4673 506 4745 toadet
530 4671 614 4743 tter
640 4671 696 4742 die
721 4668 965 4757 Psorrerwott
988 4691 1032 4740 ao
1057 4668 1276 4742 Kastentole.

536 4834 613 4905 Θήρ.
630 4835 712 4904 Perp.
730 4832 940 4902 Kapitelorelu'v
953 4833 1183 4888 Hemannstodt.
1202 4832 1298 4904 Siepet,
1317 4833 1400 4901 rond,
1418 4833 1615 4887 Durclmeoeer
1632 4835 1676 4887 6·2
1690 4830 1778 4887 Genti·

480 4928 570 4989 mter,
594 4922 702 4975 wasers
725 4921 834 4987 wacta,
859 4937 898 4975 on
915 4919 1193 4988 Perpamentstreisen
1211 4919 1374 4989 anyettapt.
1405 4918 1538 4973 Dassette
1561 4918 1599 4971 ist
1615 4918 1668 4973 das
1686 4918 1779 4972 attente
1813 4918 1848 4972 85

481 5010 613 5063 bekenele
631 5008 784 5076 Eeennolor
807 5007 855 5060 dea
875 5007 988 5060 alteaten
1007 5005 1258 5060 Hermonmteidter
1276 5006 1543 5075 Provtneialatepele.
1571 5004 1616 5059 Im
1634 5004 1779 5074 Stepelseld

480 5097 538 5150 oter
561 5095 692 5161 Mamer,
715 5092 781 5147 ewa
805 5093 924 5160 stdtend,
947 5093 1014 5146 awai
1037 5092 1161 5160 lnteend,
1185 5092 1279 5146 weletre
1300 5093 1359 5148 eine
1376 5092 1472 5147 Krane
1489 5092 1589 5146 hatten
1631 5090 1780 5156 Uorarttrist

481 5182 589 5251 trepitat
593 5201 602 5234 .·
613 5183 634 5245 †
645 5180 825 5247 stamnum
836 5179 1059 5249 cfflfflffinsps
1071 5180 1264 5235 PROVINCIE
1272 5180 1321 5234 AD
1333 5178 1577 5247 Btffl'lNllNDnll
1589 5176 1778 5246 cortonam]

481 5268 656 5338 Alipebildet:
668 5267 746 5321 Eder
758 5266 802 5320 De
812 5266 905 5322 initiis
920 5266 1058 5321 Titetltatt
1075 5267 1134 5321 und
1150 5267 1281 5322 imnodi
1293 5266 1383 5321 Seobt
1398 5266 1441 5320 Ae
1452 5266 1509 5320 eret.
1521 5264 1634 5320 aetaaolt
1652 5267 1703 5319 104
1720 5263 1780 5317 erud

480 5354 667 5409 Siebmaelrera
690 5352 886 5422 Wappeaoua
903 5353 1056 5423 Lieseruny
1073 5358 1125 5408 230
1146 5353 1225 5421 Tasel
1241 5358 1267 5407 2.
1813 5350 1850 5405 40

533 5475 645 5531 naa:
663 5474 787 5530 suess
805 5474 909 5530 aare
927 5475 954 5544 r,
970 5478 1032 5530 aer.
