<?xml version="1.0" encoding="UTF-8"?>
<!DOCTYPE html PUBLIC "-//W3C//DTD XHTML 1.0 Transitional//EN"
    "http://www.w3.org/TR/xhtml1/DTD/xhtml1-transitional.dtd">
<html xmlns="http://www.w3.org/1999/xhtml" xml:lang="en" lang="en">
 <head>
  <title>
</title>
<meta http-equiv="Content-Type" content="text/html;charset=utf-8" />
  <meta name='ocr-system' content='tesseract 3.04.00' />
  <meta name='ocr-capabilities' content='ocr_page ocr_carea ocr_par ocr_line ocrx_word'/>
</head>
<body>
  <div class='ocr_page' id='page_1' title='image "./urkundenbuchzur00mlgoog_0305.png"; bbox 0 0 4106 6294; ppageno 0'>
   <div class='ocr_carea' id='block_1_1' title="bbox 989 580 1143 674">
    <p class='ocr_par' dir='ltr' id='par_1_1' title="bbox 989 580 1143 674">
     <span class='ocr_line' id='line_1_1' title="bbox 989 580 1143 674; baseline 0 -33"><span class='ocrx_word' id='word_1_1' title='bbox 989 580 1143 674; x_wconf 44' lang='grc' dir='ltr'>ἡ111)-</span> 
     </span>
    </p>
   </div>
   <div class='ocr_carea' id='block_1_2' title="bbox 357 766 1835 5530">
    <p class='ocr_par' dir='ltr' id='par_1_2' title="bbox 357 766 1835 5320">
     <span class='ocr_line' id='line_1_2' title="bbox 365 766 1767 852; baseline 0.002 -24"><span class='ocrx_word' id='word_1_2' title='bbox 365 785 514 830; x_wconf 89' lang='lat' dir='ltr'>securum</span> <span class='ocrx_word' id='word_1_3' title='bbox 537 766 658 829; x_wconf 90' lang='lat' dir='ltr'>aditum</span> <span class='ocrx_word' id='word_1_4' title='bbox 680 772 774 849; x_wconf 89' lang='lat' dir='ltr'>patet.</span> <span class='ocrx_word' id='word_1_5' title='bbox 801 766 876 849; x_wconf 90' lang='lat' dir='ltr'>Ipsa</span> <span class='ocrx_word' id='word_1_6' title='bbox 897 768 982 830; x_wconf 89' lang='lat' dir='ltr'>enirn</span> <span class='ocrx_word' id='word_1_7' title='bbox 1005 768 1197 831; x_wconf 73' lang='lat' dir='ltr'>universitas</span> <span class='ocrx_word' id='word_1_8' title='bbox 1213 767 1408 831; x_wconf 81' lang='lat' dir='ltr'>Saxonensis</span> <span class='ocrx_word' id='word_1_9' title='bbox 1432 768 1480 832; x_wconf 91' lang='lat' dir='ltr'>bis</span> <span class='ocrx_word' id='word_1_10' title='bbox 1496 768 1630 832; x_wconf 89' lang='lat' dir='ltr'>diversis</span> <span class='ocrx_word' id='word_1_11' title='bbox 1645 775 1767 852; x_wconf 85' lang='lat' dir='ltr'>tempo·</span> 
     </span>
     <span class='ocr_line' id='line_1_3' title="bbox 365 870 1766 956; baseline 0.003 -24"><span class='ocrx_word' id='word_1_12' title='bbox 365 870 453 933; x_wconf 88' lang='lat' dir='ltr'>ribus</span> <span class='ocrx_word' id='word_1_13' title='bbox 476 890 586 953; x_wconf 88' lang='lat' dir='ltr'>preces</span> <span class='ocrx_word' id='word_1_14' title='bbox 607 871 798 953; x_wconf 82' lang='lat' dir='ltr'>interposuit</span> <span class='ocrx_word' id='word_1_15' title='bbox 820 891 877 953; x_wconf 91' lang='lat' dir='ltr'>pro</span> <span class='ocrx_word' id='word_1_16' title='bbox 897 872 1067 934; x_wconf 76' lang='lat' dir='ltr'>securitate</span> <span class='ocrx_word' id='word_1_17' title='bbox 1090 872 1251 955; x_wconf 86' lang='lat' dir='ltr'>praedicta</span> <span class='ocrx_word' id='word_1_18' title='bbox 1268 872 1353 956; x_wconf 91' lang='lat' dir='ltr'>apud</span> <span class='ocrx_word' id='word_1_19' title='bbox 1376 872 1480 955; x_wconf 90' lang='lat' dir='ltr'>ipsum</span> <span class='ocrx_word' id='word_1_20' title='bbox 1497 871 1687 955; x_wconf 71' lang='lat' dir='ltr'>ladislaum,</span> <span class='ocrx_word' id='word_1_21' title='bbox 1711 875 1766 955; x_wconf 90' lang='lat' dir='ltr'>qui</span> 
     </span>
     <span class='ocr_line' id='line_1_4' title="bbox 365 974 1767 1059; baseline 0.003 -23"><span class='ocrx_word' id='word_1_22' title='bbox 365 974 466 1057; x_wconf 90' lang='lat' dir='ltr'>prima</span> <span class='ocrx_word' id='word_1_23' title='bbox 481 975 550 1037; x_wconf 82' lang='lat' dir='ltr'>vice</span> <span class='ocrx_word' id='word_1_24' title='bbox 562 975 726 1057; x_wconf 90' lang='lat' dir='ltr'>respondit</span> <span class='ocrx_word' id='word_1_25' title='bbox 737 976 806 1037; x_wconf 89' lang='lat' dir='ltr'>sine</span> <span class='ocrx_word' id='word_1_26' title='bbox 818 974 927 1057; x_wconf 81' lang='lat' dir='ltr'>literis,</span> <span class='ocrx_word' id='word_1_27' title='bbox 943 995 1093 1058; x_wconf 81' lang='lat' dir='ltr'>expresse</span> <span class='ocrx_word' id='word_1_28' title='bbox 1109 977 1304 1058; x_wconf 71' lang='lat' dir='ltr'>denegando,</span> <span class='ocrx_word' id='word_1_29' title='bbox 1322 977 1406 1058; x_wconf 90' lang='lat' dir='ltr'>quod</span> <span class='ocrx_word' id='word_1_30' title='bbox 1421 976 1595 1059; x_wconf 79' lang='lat' dir='ltr'>petebatur.</span> <span class='ocrx_word' id='word_1_31' title='bbox 1620 976 1767 1040; x_wconf 87' lang='lat' dir='ltr'>Secunda</span> 
     </span>
     <span class='ocr_line' id='line_1_5' title="bbox 365 1078 1767 1164; baseline 0.001 -23"><span class='ocrx_word' id='word_1_32' title='bbox 365 1078 434 1141; x_wconf 81' lang='lat' dir='ltr'>vico</span> <span class='ocrx_word' id='word_1_33' title='bbox 464 1080 628 1161; x_wconf 91' lang='lat' dir='ltr'>respondit</span> <span class='ocrx_word' id='word_1_34' title='bbox 657 1099 714 1162; x_wconf 87' lang='lat' dir='ltr'>por</span> <span class='ocrx_word' id='word_1_35' title='bbox 744 1080 851 1143; x_wconf 81' lang='lat' dir='ltr'>literas</span> <span class='ocrx_word' id='word_1_36' title='bbox 872 1081 1137 1159; x_wconf 73' lang='lat' dir='ltr'>comminatorias,</span> <span class='ocrx_word' id='word_1_37' title='bbox 1167 1086 1324 1162; x_wconf 90' lang='lat' dir='ltr'>quantum</span> <span class='ocrx_word' id='word_1_38' title='bbox 1353 1081 1393 1143; x_wconf 87' lang='lat' dir='ltr'>ad</span> <span class='ocrx_word' id='word_1_39' title='bbox 1424 1082 1598 1145; x_wconf 85' lang='lat' dir='ltr'>veritatem.</span> <span class='ocrx_word' id='word_1_40' title='bbox 1632 1080 1767 1164; x_wconf 88' lang='lat' dir='ltr'>Propter</span> 
     </span>
     <span class='ocr_line' id='line_1_6' title="bbox 366 1183 1817 1266; baseline -0.001 -21"><span class='ocrx_word' id='word_1_41' title='bbox 366 1202 448 1264; x_wconf 88' lang='lat' dir='ltr'>quae</span> <span class='ocrx_word' id='word_1_42' title='bbox 470 1202 623 1266; x_wconf 86' lang='lat' dir='ltr'>responsa</span> <span class='ocrx_word' id='word_1_43' title='bbox 645 1184 728 1246; x_wconf 89' lang='lat' dir='ltr'>dicta</span> <span class='ocrx_word' id='word_1_44' title='bbox 752 1184 952 1264; x_wconf 75' lang='lat' dir='ltr'>universitas,</span> <span class='ocrx_word' id='word_1_45' title='bbox 982 1183 1113 1266; x_wconf 90' lang='lat' dir='ltr'>praelati</span> <span class='ocrx_word' id='word_1_46' title='bbox 1136 1190 1168 1247; x_wconf 92' lang='lat' dir='ltr'>et</span> <span class='ocrx_word' id='word_1_47' title='bbox 1190 1186 1321 1247; x_wconf 87' lang='lat' dir='ltr'>comites</span> <span class='ocrx_word' id='word_1_48' title='bbox 1348 1191 1496 1248; x_wconf 90' lang='lat' dir='ltr'>asserunt</span> <span class='ocrx_word' id='word_1_49' title='bbox 1517 1185 1550 1246; x_wconf 89' lang='lat' dir='ltr'>in</span> <span class='ocrx_word' id='word_1_50' title='bbox 1576 1185 1644 1248; x_wconf 90' lang='lat' dir='ltr'>suis</span> <span class='ocrx_word' id='word_1_51' title='bbox 1665 1184 1766 1249; x_wconf 90' lang='lat' dir='ltr'>literis</span> <span class='ocrx_word' id='word_1_52' title='bbox 1800 1193 1817 1244; x_wconf 85' lang='lat'>5</span> 
     </span>
     <span class='ocr_line' id='line_1_7' title="bbox 365 1286 1766 1372; baseline 0.001 -23"><span class='ocrx_word' id='word_1_53' title='bbox 365 1286 485 1350; x_wconf 91' lang='lat' dir='ltr'>dictum</span> <span class='ocrx_word' id='word_1_54' title='bbox 507 1286 686 1350; x_wconf 89' lang='lat' dir='ltr'>Ladislaum</span> <span class='ocrx_word' id='word_1_55' title='bbox 705 1288 877 1369; x_wconf 84' lang='lat' dir='ltr'>denegasse</span> <span class='ocrx_word' id='word_1_56' title='bbox 893 1289 970 1370; x_wconf 87' lang='lat' dir='ltr'>ipsis</span> <span class='ocrx_word' id='word_1_57' title='bbox 993 1288 1135 1370; x_wconf 87' lang='lat' dir='ltr'>plebanis</span> <span class='ocrx_word' id='word_1_58' title='bbox 1155 1306 1304 1351; x_wconf 89' lang='lat' dir='ltr'>securum</span> <span class='ocrx_word' id='word_1_59' title='bbox 1319 1289 1440 1352; x_wconf 86' lang='lat' dir='ltr'>aditum</span> <span class='ocrx_word' id='word_1_60' title='bbox 1456 1289 1494 1352; x_wconf 94' lang='lat' dir='ltr'>ad</span> <span class='ocrx_word' id='word_1_61' title='bbox 1518 1289 1766 1372; x_wconf 87' lang='lat' dir='ltr'>comparendum</span> 
     </span>
     <span class='ocr_line' id='line_1_8' title="bbox 363 1391 1764 1476; baseline 0.001 -23"><span class='ocrx_word' id='word_1_62' title='bbox 363 1410 470 1454; x_wconf 89' lang='lat' dir='ltr'>coram</span> <span class='ocrx_word' id='word_1_63' title='bbox 493 1391 621 1455; x_wconf 89' lang='lat' dir='ltr'>domino</span> <span class='ocrx_word' id='word_1_64' title='bbox 643 1391 746 1473; x_wconf 82' lang='lat' dir='ltr'>legato</span> <span class='ocrx_word' id='word_1_65' title='bbox 769 1393 802 1454; x_wconf 94' lang='lat' dir='ltr'>in</span> <span class='ocrx_word' id='word_1_66' title='bbox 828 1393 962 1455; x_wconf 91' lang='lat' dir='ltr'>termino</span> <span class='ocrx_word' id='word_1_67' title='bbox 985 1394 1031 1455; x_wconf 84' lang='lat' dir='ltr'>eis</span> <span class='ocrx_word' id='word_1_68' title='bbox 1054 1394 1222 1475; x_wconf 83' lang='lat' dir='ltr'>assignato.</span> <span class='ocrx_word' id='word_1_69' title='bbox 1253 1393 1326 1456; x_wconf 86' lang='lat' dir='ltr'>Non</span> <span class='ocrx_word' id='word_1_70' title='bbox 1350 1393 1455 1456; x_wconf 89' lang='lat' dir='ltr'>obstat</span> <span class='ocrx_word' id='word_1_71' title='bbox 1476 1393 1654 1476; x_wconf 74' lang='lat' dir='ltr'>praedictis,</span> <span class='ocrx_word' id='word_1_72' title='bbox 1679 1393 1764 1474; x_wconf 91' lang='lat' dir='ltr'>quod</span> 
     </span>
     <span class='ocr_line' id='line_1_9' title="bbox 365 1494 1766 1578; baseline 0.002 -22"><span class='ocrx_word' id='word_1_73' title='bbox 365 1494 441 1557; x_wconf 91' lang='lat' dir='ltr'>dicit</span> <span class='ocrx_word' id='word_1_74' title='bbox 462 1495 566 1558; x_wconf 90' lang='lat' dir='ltr'>dictus</span> <span class='ocrx_word' id='word_1_75' title='bbox 589 1496 739 1577; x_wconf 83' lang='lat' dir='ltr'>magister</span> <span class='ocrx_word' id='word_1_76' title='bbox 754 1495 921 1578; x_wconf 90' lang='lat' dir='ltr'>Philippus</span> <span class='ocrx_word' id='word_1_77' title='bbox 936 1496 1085 1569; x_wconf 81' lang='lat' dir='ltr'>scilicet¹l</span> <span class='ocrx_word' id='word_1_78' title='bbox 1109 1499 1264 1561; x_wconf 85' lang='lat' dir='ltr'>contineri</span> <span class='ocrx_word' id='word_1_79' title='bbox 1285 1499 1317 1559; x_wconf 95' lang='lat' dir='ltr'>in</span> <span class='ocrx_word' id='word_1_80' title='bbox 1340 1496 1404 1560; x_wconf 89' lang='lat' dir='ltr'>fine</span> <span class='ocrx_word' id='word_1_81' title='bbox 1427 1497 1591 1561; x_wconf 90' lang='lat' dir='ltr'>literarum</span> <span class='ocrx_word' id='word_1_82' title='bbox 1613 1497 1766 1560; x_wconf 90' lang='lat' dir='ltr'>comitum</span> 
     </span>
     <span class='ocr_line' id='line_1_10' title="bbox 365 1598 1766 1684; baseline 0.002 -22"><span class='ocrx_word' id='word_1_83' title='bbox 365 1603 397 1662; x_wconf 91' lang='lat' dir='ltr'>et</span> <span class='ocrx_word' id='word_1_84' title='bbox 419 1598 635 1662; x_wconf 83' lang='lat' dir='ltr'>universitatis</span> <span class='ocrx_word' id='word_1_85' title='bbox 658 1599 742 1663; x_wconf 91' lang='lat' dir='ltr'>sedis</span> <span class='ocrx_word' id='word_1_86' title='bbox 766 1599 965 1679; x_wconf 74' lang='lat' dir='ltr'>GibIniensis,</span> <span class='ocrx_word' id='word_1_87' title='bbox 989 1601 1073 1682; x_wconf 92' lang='lat' dir='ltr'>qnod</span> <span class='ocrx_word' id='word_1_88' title='bbox 1099 1600 1286 1665; x_wconf 89' lang='lat' dir='ltr'>Ladislauus</span> <span class='ocrx_word' id='word_1_89' title='bbox 1309 1601 1432 1663; x_wconf 89' lang='lat' dir='ltr'>nullum</span> <span class='ocrx_word' id='word_1_90' title='bbox 1457 1601 1613 1684; x_wconf 89' lang='lat' dir='ltr'>praestitit</span> <span class='ocrx_word' id='word_1_91' title='bbox 1634 1602 1766 1683; x_wconf 81' lang='lat' dir='ltr'>Impedi-</span> 
     </span>
     <span class='ocr_line' id='line_1_11' title="bbox 366 1702 1835 1786; baseline -0.001 -23"><span class='ocrx_word' id='word_1_92' title='bbox 366 1708 516 1778; x_wconf 80' lang='lat' dir='ltr'>mentum,</span> <span class='ocrx_word' id='word_1_93' title='bbox 540 1702 616 1783; x_wconf 88' lang='lat' dir='ltr'>quia</span> <span class='ocrx_word' id='word_1_94' title='bbox 637 1702 821 1785; x_wconf 90' lang='lat' dir='ltr'>simpliciter</span> <span class='ocrx_word' id='word_1_95' title='bbox 843 1703 913 1766; x_wconf 90' lang='lat' dir='ltr'>dico</span> <span class='ocrx_word' id='word_1_96' title='bbox 936 1704 995 1766; x_wconf 91' lang='lat' dir='ltr'>hoc</span> <span class='ocrx_word' id='word_1_97' title='bbox 1014 1705 1057 1767; x_wconf 90' lang='lat' dir='ltr'>ibi</span> <span class='ocrx_word' id='word_1_98' title='bbox 1080 1725 1145 1769; x_wconf 94' lang='lat' dir='ltr'>non</span> <span class='ocrx_word' id='word_1_99' title='bbox 1161 1707 1325 1769; x_wconf 82' lang='lat' dir='ltr'>contineri.</span> <span class='ocrx_word' id='word_1_100' title='bbox 1355 1705 1437 1768; x_wconf 85' lang='lat' dir='ltr'>Item</span> <span class='ocrx_word' id='word_1_101' title='bbox 1461 1725 1524 1769; x_wconf 93' lang='lat' dir='ltr'>non</span> <span class='ocrx_word' id='word_1_102' title='bbox 1552 1705 1657 1769; x_wconf 85' lang='lat' dir='ltr'>obstat</span> <span class='ocrx_word' id='word_1_103' title='bbox 1680 1705 1765 1786; x_wconf 89' lang='lat' dir='ltr'>quod</span> <span class='ocrx_word' id='word_1_104' title='bbox 1801 1709 1835 1763; x_wconf 91' lang='lat'>10</span> 
     </span>
     <span class='ocr_line' id='line_1_12' title="bbox 365 1804 1767 1890; baseline 0.003 -23"><span class='ocrx_word' id='word_1_105' title='bbox 365 1804 490 1887; x_wconf 80' lang='lat' dir='ltr'>dicitur,</span> <span class='ocrx_word' id='word_1_106' title='bbox 513 1807 590 1886; x_wconf 88' lang='lat' dir='ltr'>quia</span> <span class='ocrx_word' id='word_1_107' title='bbox 611 1808 789 1889; x_wconf 71' lang='lat' dir='ltr'>praedictis,</span> <span class='ocrx_word' id='word_1_108' title='bbox 813 1809 869 1888; x_wconf 88' lang='lat' dir='ltr'>qui</span> <span class='ocrx_word' id='word_1_109' title='bbox 893 1809 1119 1872; x_wconf 86' lang='lat' dir='ltr'>testimoniales</span> <span class='ocrx_word' id='word_1_110' title='bbox 1134 1809 1242 1873; x_wconf 88' lang='lat' dir='ltr'>literas</span> <span class='ocrx_word' id='word_1_111' title='bbox 1264 1810 1481 1890; x_wconf 79' lang='lat' dir='ltr'>confecerunt,</span> <span class='ocrx_word' id='word_1_112' title='bbox 1504 1829 1569 1873; x_wconf 95' lang='lat' dir='ltr'>non</span> <span class='ocrx_word' id='word_1_113' title='bbox 1592 1817 1641 1873; x_wconf 91' lang='lat' dir='ltr'>est</span> <span class='ocrx_word' id='word_1_114' title='bbox 1662 1809 1767 1872; x_wconf 88' lang='lat' dir='ltr'>danda</span> 
     </span>
     <span class='ocr_line' id='line_1_13' title="bbox 362 1908 1766 1996; baseline 0.004 -25"><span class='ocrx_word' id='word_1_115' title='bbox 362 1908 441 1972; x_wconf 88' lang='lat' dir='ltr'>fides</span> <span class='ocrx_word' id='word_1_116' title='bbox 457 1929 504 1990; x_wconf 76' lang='lat' dir='ltr'>eo,</span> <span class='ocrx_word' id='word_1_117' title='bbox 529 1911 614 1991; x_wconf 93' lang='lat' dir='ltr'>quod</span> <span class='ocrx_word' id='word_1_118' title='bbox 638 1912 794 1975; x_wconf 87' lang='lat' dir='ltr'>testificati</span> <span class='ocrx_word' id='word_1_119' title='bbox 810 1918 886 1975; x_wconf 91' lang='lat' dir='ltr'>sunt</span> <span class='ocrx_word' id='word_1_120' title='bbox 908 1915 976 1976; x_wconf 90' lang='lat' dir='ltr'>sine</span> <span class='ocrx_word' id='word_1_121' title='bbox 999 1914 1147 1977; x_wconf 90' lang='lat' dir='ltr'>mandato</span> <span class='ocrx_word' id='word_1_122' title='bbox 1171 1914 1285 1977; x_wconf 89' lang='lat' dir='ltr'>iudicis</span> <span class='ocrx_word' id='word_1_123' title='bbox 1308 1920 1340 1977; x_wconf 91' lang='lat' dir='ltr'>et</span> <span class='ocrx_word' id='word_1_124' title='bbox 1354 1919 1467 1977; x_wconf 87' lang='lat' dir='ltr'>cetera</span> <span class='ocrx_word' id='word_1_125' title='bbox 1503 1913 1585 1989; x_wconf 81' lang='lat' dir='ltr'>Quia</span> <span class='ocrx_word' id='word_1_126' title='bbox 1606 1914 1766 1996; x_wconf 89' lang='lat' dir='ltr'>praedicta</span> 
     </span>
     <span class='ocr_line' id='line_1_14' title="bbox 364 2014 1764 2097; baseline 0.004 -22"><span class='ocrx_word' id='word_1_127' title='bbox 364 2032 429 2075; x_wconf 92' lang='lat' dir='ltr'>non</span> <span class='ocrx_word' id='word_1_128' title='bbox 446 2022 482 2077; x_wconf 91' lang='lat' dir='ltr'>ut</span> <span class='ocrx_word' id='word_1_129' title='bbox 497 2019 593 2077; x_wconf 89' lang='lat' dir='ltr'>testes</span> <span class='ocrx_word' id='word_1_130' title='bbox 609 2014 641 2077; x_wconf 84' lang='lat' dir='ltr'>In</span> <span class='ocrx_word' id='word_1_131' title='bbox 657 2015 774 2078; x_wconf 91' lang='lat' dir='ltr'>iudicio</span> <span class='ocrx_word' id='word_1_132' title='bbox 791 2018 884 2079; x_wconf 91' lang='lat' dir='ltr'>iurati</span> <span class='ocrx_word' id='word_1_133' title='bbox 905 2017 1065 2095; x_wconf 67' lang='lat' dir='ltr'>diuerunt</span> <span class='ocrx_word' id='word_1_134' title='bbox 1089 2018 1144 2079; x_wconf 88' lang='lat' dir='ltr'>sed</span> <span class='ocrx_word' id='word_1_135' title='bbox 1168 2023 1204 2079; x_wconf 92' lang='lat' dir='ltr'>ut</span> <span class='ocrx_word' id='word_1_136' title='bbox 1225 2017 1334 2080; x_wconf 87' lang='lat' dir='ltr'>literas</span> <span class='ocrx_word' id='word_1_137' title='bbox 1348 2018 1555 2097; x_wconf 69' lang='lat' dir='ltr'>authenticas,</span> <span class='ocrx_word' id='word_1_138' title='bbox 1579 2018 1619 2081; x_wconf 87' lang='lat' dir='ltr'>ad</span> <span class='ocrx_word' id='word_1_139' title='bbox 1633 2019 1734 2081; x_wconf 90' lang='lat' dir='ltr'>instar</span> <span class='ocrx_word' id='word_1_140' title='bbox 1742 2018 1764 2094; x_wconf 76' lang='lat'>²)</span> 
     </span>
     <span class='ocr_line' id='line_1_15' title="bbox 364 2117 1765 2202; baseline 0.004 -22"><span class='ocrx_word' id='word_1_141' title='bbox 364 2117 565 2199; x_wconf 90' lang='lat' dir='ltr'>publicorum</span> <span class='ocrx_word' id='word_1_142' title='bbox 589 2120 874 2184; x_wconf 85' lang='lat' dir='ltr'>instrumentorum</span> <span class='ocrx_word' id='word_1_143' title='bbox 891 2119 1103 2193; x_wconf 75' lang='lat' dir='ltr'>conficientes,</span> <span class='ocrx_word' id='word_1_144' title='bbox 1127 2140 1210 2202; x_wconf 88' lang='lat' dir='ltr'>quae</span> <span class='ocrx_word' id='word_1_145' title='bbox 1233 2122 1328 2185; x_wconf 91' lang='lat' dir='ltr'>etiam</span> <span class='ocrx_word' id='word_1_146' title='bbox 1351 2128 1445 2184; x_wconf 89' lang='lat' dir='ltr'>extra</span> <span class='ocrx_word' id='word_1_147' title='bbox 1465 2121 1617 2184; x_wconf 91' lang='lat' dir='ltr'>iudicium</span> <span class='ocrx_word' id='word_1_148' title='bbox 1641 2129 1673 2185; x_wconf 91' lang='lat' dir='ltr'>et</span> <span class='ocrx_word' id='word_1_149' title='bbox 1696 2122 1765 2185; x_wconf 91' lang='lat' dir='ltr'>sine</span> 
     </span>
     <span class='ocr_line' id='line_1_16' title="bbox 362 2221 1833 2308; baseline 0.004 -26"><span class='ocrx_word' id='word_1_150' title='bbox 362 2221 454 2285; x_wconf 88' lang='lat' dir='ltr'>iussu</span> <span class='ocrx_word' id='word_1_151' title='bbox 475 2222 590 2286; x_wconf 87' lang='lat' dir='ltr'>iudicis</span> <span class='ocrx_word' id='word_1_152' title='bbox 611 2223 680 2287; x_wconf 91' lang='lat' dir='ltr'>fieri</span> <span class='ocrx_word' id='word_1_153' title='bbox 704 2224 829 2303; x_wconf 81' lang='lat' dir='ltr'>habent,</span> <span class='ocrx_word' id='word_1_154' title='bbox 853 2225 970 2306; x_wconf 90' lang='lat' dir='ltr'>quibus</span> <span class='ocrx_word' id='word_1_155' title='bbox 985 2225 1080 2308; x_wconf 93' lang='lat' dir='ltr'>plena</span> <span class='ocrx_word' id='word_1_156' title='bbox 1097 2223 1176 2288; x_wconf 91' lang='lat' dir='ltr'>fides</span> <span class='ocrx_word' id='word_1_157' title='bbox 1191 2225 1368 2305; x_wconf 84' lang='lat' dir='ltr'>adhibetur,</span> <span class='ocrx_word' id='word_1_158' title='bbox 1391 2233 1428 2289; x_wconf 90' lang='lat' dir='ltr'>ut</span> <span class='ocrx_word' id='word_1_159' title='bbox 1450 2227 1598 2308; x_wconf 87' lang='lat' dir='ltr'>superius</span> <span class='ocrx_word' id='word_1_160' title='bbox 1620 2232 1669 2289; x_wconf 89' lang='lat' dir='ltr'>est</span> <span class='ocrx_word' id='word_1_161' title='bbox 1691 2245 1763 2308; x_wconf 90' lang='lat' dir='ltr'>pro·</span> <span class='ocrx_word' id='word_1_162' title='bbox 1802 2229 1833 2280; x_wconf 80' lang='lat' dir='ltr'>lt</span> 
     </span>
     <span class='ocr_line' id='line_1_17' title="bbox 364 2325 1765 2410; baseline 0.001 -22"><span class='ocrx_word' id='word_1_163' title='bbox 364 2325 481 2389; x_wconf 90' lang='lat' dir='ltr'>batum.</span> <span class='ocrx_word' id='word_1_164' title='bbox 513 2327 593 2390; x_wconf 91' lang='lat' dir='ltr'>Item</span> <span class='ocrx_word' id='word_1_165' title='bbox 617 2348 681 2391; x_wconf 94' lang='lat' dir='ltr'>non</span> <span class='ocrx_word' id='word_1_166' title='bbox 698 2329 802 2393; x_wconf 91' lang='lat' dir='ltr'>obstat</span> <span class='ocrx_word' id='word_1_167' title='bbox 825 2330 909 2410; x_wconf 91' lang='lat' dir='ltr'>quod</span> <span class='ocrx_word' id='word_1_168' title='bbox 935 2330 1059 2401; x_wconf 80' lang='lat' dir='ltr'>dicitur,</span> <span class='ocrx_word' id='word_1_169' title='bbox 1083 2329 1169 2410; x_wconf 93' lang='lat' dir='ltr'>quod</span> <span class='ocrx_word' id='word_1_170' title='bbox 1192 2329 1293 2392; x_wconf 88' lang='lat' dir='ltr'>dictae</span> <span class='ocrx_word' id='word_1_171' title='bbox 1316 2329 1425 2393; x_wconf 90' lang='lat' dir='ltr'>literae</span> <span class='ocrx_word' id='word_1_172' title='bbox 1448 2329 1664 2392; x_wconf 83' lang='lat' dir='ltr'>universitatis</span> <span class='ocrx_word' id='word_1_173' title='bbox 1681 2328 1765 2392; x_wconf 79' lang='lat' dir='ltr'>(libi-</span> 
     </span>
     <span class='ocr_line' id='line_1_18' title="bbox 364 2430 1765 2515; baseline 0.003 -23"><span class='ocrx_word' id='word_1_174' title='bbox 364 2430 483 2493; x_wconf 89' lang='lat' dir='ltr'>niensis</span> <span class='ocrx_word' id='word_1_175' title='bbox 506 2431 662 2494; x_wconf 90' lang='lat' dir='ltr'>tolluntur</span> <span class='ocrx_word' id='word_1_176' title='bbox 684 2453 741 2515; x_wconf 92' lang='lat' dir='ltr'>per</span> <span class='ocrx_word' id='word_1_177' title='bbox 763 2434 937 2496; x_wconf 86' lang='lat' dir='ltr'>contrarias</span> <span class='ocrx_word' id='word_1_178' title='bbox 959 2434 1067 2496; x_wconf 86' lang='lat' dir='ltr'>literas</span> <span class='ocrx_word' id='word_1_179' title='bbox 1091 2432 1257 2495; x_wconf 88' lang='lat' dir='ltr'>Ladislaui.</span> <span class='ocrx_word' id='word_1_180' title='bbox 1284 2433 1364 2495; x_wconf 89' lang='lat' dir='ltr'>Nam</span> <span class='ocrx_word' id='word_1_181' title='bbox 1387 2434 1474 2515; x_wconf 87' lang='lat' dir='ltr'>ipsae</span> <span class='ocrx_word' id='word_1_182' title='bbox 1497 2432 1607 2496; x_wconf 86' lang='lat' dir='ltr'>literae</span> <span class='ocrx_word' id='word_1_183' title='bbox 1628 2432 1765 2496; x_wconf 80' lang='lat' dir='ltr'>ladislai</span> 
     </span>
     <span class='ocr_line' id='line_1_19' title="bbox 363 2536 1764 2619; baseline 0.002 -22"><span class='ocrx_word' id='word_1_184' title='bbox 363 2540 516 2617; x_wconf 83' lang='lat' dir='ltr'>exparte</span> <span class='ocrx_word' id='word_1_185' title='bbox 546 2536 675 2618; x_wconf 92' lang='lat' dir='ltr'>capituli</span> <span class='ocrx_word' id='word_1_186' title='bbox 697 2537 913 2600; x_wconf 85' lang='lat' dir='ltr'>TranssiIuani</span> <span class='ocrx_word' id='word_1_187' title='bbox 943 2538 1116 2619; x_wconf 90' lang='lat' dir='ltr'>productae</span> <span class='ocrx_word' id='word_1_188' title='bbox 1139 2537 1258 2615; x_wconf 70' lang='lat' dir='ltr'>dicunt,</span> <span class='ocrx_word' id='word_1_189' title='bbox 1288 2556 1351 2599; x_wconf 92' lang='lat' dir='ltr'>non</span> <span class='ocrx_word' id='word_1_190' title='bbox 1375 2537 1474 2600; x_wconf 83' lang='lat' dir='ltr'>tuisse</span> <span class='ocrx_word' id='word_1_191' title='bbox 1496 2537 1683 2600; x_wconf 88' lang='lat' dir='ltr'>intentionis</span> <span class='ocrx_word' id='word_1_192' title='bbox 1705 2537 1764 2600; x_wconf 79' lang='lat' dir='ltr'>Ia-</span> 
     </span>
     <span class='ocr_line' id='line_1_20' title="bbox 364 2637 1765 2723; baseline 0.002 -23"><span class='ocrx_word' id='word_1_193' title='bbox 364 2637 478 2701; x_wconf 90' lang='lat' dir='ltr'>dislaui</span> <span class='ocrx_word' id='word_1_194' title='bbox 501 2639 601 2703; x_wconf 90' lang='lat' dir='ltr'>dictos</span> <span class='ocrx_word' id='word_1_195' title='bbox 624 2640 776 2723; x_wconf 87' lang='lat' dir='ltr'>plebanos</span> <span class='ocrx_word' id='word_1_196' title='bbox 798 2641 959 2723; x_wconf 76' lang='lat' dir='ltr'>Impedire,</span> <span class='ocrx_word' id='word_1_197' title='bbox 992 2642 1046 2704; x_wconf 92' lang='lat' dir='ltr'>sed</span> <span class='ocrx_word' id='word_1_198' title='bbox 1071 2660 1136 2703; x_wconf 92' lang='lat' dir='ltr'>non</span> <span class='ocrx_word' id='word_1_199' title='bbox 1158 2640 1230 2703; x_wconf 91' lang='lat' dir='ltr'>ideo</span> <span class='ocrx_word' id='word_1_200' title='bbox 1254 2641 1409 2722; x_wconf 75' lang='lat' dir='ltr'>sequitur,</span> <span class='ocrx_word' id='word_1_201' title='bbox 1432 2641 1518 2722; x_wconf 92' lang='lat' dir='ltr'>quod</span> <span class='ocrx_word' id='word_1_202' title='bbox 1541 2641 1616 2703; x_wconf 86' lang='lat' dir='ltr'>dicti</span> <span class='ocrx_word' id='word_1_203' title='bbox 1639 2640 1765 2723; x_wconf 88' lang='lat' dir='ltr'>plebani</span> 
     </span>
     <span class='ocr_line' id='line_1_21' title="bbox 364 2742 1834 2828; baseline 0.003 -25"><span class='ocrx_word' id='word_1_204' title='bbox 364 2760 428 2804; x_wconf 93' lang='lat' dir='ltr'>non</span> <span class='ocrx_word' id='word_1_205' title='bbox 458 2742 627 2807; x_wconf 89' lang='lat' dir='ltr'>habuerint</span> <span class='ocrx_word' id='word_1_206' title='bbox 655 2746 770 2808; x_wconf 90' lang='lat' dir='ltr'>iustam</span> <span class='ocrx_word' id='word_1_207' title='bbox 794 2764 921 2808; x_wconf 89' lang='lat' dir='ltr'>causam</span> <span class='ocrx_word' id='word_1_208' title='bbox 952 2746 1082 2825; x_wconf 59' lang='lat' dir='ltr'>timoris,</span> <span class='ocrx_word' id='word_1_209' title='bbox 1112 2765 1186 2808; x_wconf 90' lang='lat' dir='ltr'>cum</span> <span class='ocrx_word' id='word_1_210' title='bbox 1208 2745 1363 2807; x_wconf 78' lang='lat' dir='ltr'>vidissent</span> <span class='ocrx_word' id='word_1_211' title='bbox 1392 2745 1511 2828; x_wconf 87' lang='lat' dir='ltr'>pariter</span> <span class='ocrx_word' id='word_1_212' title='bbox 1539 2750 1572 2807; x_wconf 91' lang='lat' dir='ltr'>et</span> <span class='ocrx_word' id='word_1_213' title='bbox 1600 2744 1765 2808; x_wconf 88' lang='lat' dir='ltr'>audissent</span> <span class='ocrx_word' id='word_1_214' title='bbox 1799 2746 1834 2801; x_wconf 82' lang='lat'>20</span> 
     </span>
     <span class='ocr_line' id='line_1_22' title="bbox 362 2844 1763 2930; baseline 0.003 -24"><span class='ocrx_word' id='word_1_215' title='bbox 362 2844 470 2909; x_wconf 88' lang='lat' dir='ltr'>literas</span> <span class='ocrx_word' id='word_1_216' title='bbox 492 2852 525 2911; x_wconf 90' lang='lat' dir='ltr'>et</span> <span class='ocrx_word' id='word_1_217' title='bbox 546 2849 681 2911; x_wconf 90' lang='lat' dir='ltr'>nuncios</span> <span class='ocrx_word' id='word_1_218' title='bbox 703 2868 777 2910; x_wconf 89' lang='lat' dir='ltr'>cum</span> <span class='ocrx_word' id='word_1_219' title='bbox 792 2848 1048 2912; x_wconf 86' lang='lat' dir='ltr'>oblocutionibus</span> <span class='ocrx_word' id='word_1_220' title='bbox 1064 2853 1096 2911; x_wconf 91' lang='lat' dir='ltr'>et</span> <span class='ocrx_word' id='word_1_221' title='bbox 1111 2849 1205 2911; x_wconf 90' lang='lat' dir='ltr'>minis</span> <span class='ocrx_word' id='word_1_222' title='bbox 1227 2849 1438 2929; x_wconf 75' lang='lat' dir='ltr'>transmissos,</span> <span class='ocrx_word' id='word_1_223' title='bbox 1462 2848 1580 2930; x_wconf 91' lang='lat' dir='ltr'>quibus</span> <span class='ocrx_word' id='word_1_224' title='bbox 1602 2855 1763 2928; x_wconf 89' lang='lat' dir='ltr'>tamquam</span> 
     </span>
     <span class='ocr_line' id='line_1_23' title="bbox 362 2950 1764 3035; baseline 0.001 -23"><span class='ocrx_word' id='word_1_225' title='bbox 362 2967 514 3031; x_wconf 82' lang='lat' dir='ltr'>expresse</span> <span class='ocrx_word' id='word_1_226' title='bbox 541 2951 731 3033; x_wconf 75' lang='lat' dir='ltr'>patentibus,</span> <span class='ocrx_word' id='word_1_227' title='bbox 761 2958 793 3015; x_wconf 90' lang='lat' dir='ltr'>et</span> <span class='ocrx_word' id='word_1_228' title='bbox 815 2972 879 3015; x_wconf 94' lang='lat' dir='ltr'>non</span> <span class='ocrx_word' id='word_1_229' title='bbox 902 2952 1073 3015; x_wconf 89' lang='lat' dir='ltr'>intentioni</span> <span class='ocrx_word' id='word_1_230' title='bbox 1098 2952 1199 3035; x_wconf 87' lang='lat' dir='ltr'>ipsius</span> <span class='ocrx_word' id='word_1_231' title='bbox 1220 2951 1390 3031; x_wconf 84' lang='lat' dir='ltr'>Ladislaul‚</span> <span class='ocrx_word' id='word_1_232' title='bbox 1422 2970 1504 3033; x_wconf 89' lang='lat' dir='ltr'>qnae</span> <span class='ocrx_word' id='word_1_233' title='bbox 1535 2971 1601 3015; x_wconf 92' lang='lat' dir='ltr'>non</span> <span class='ocrx_word' id='word_1_234' title='bbox 1628 2950 1764 3034; x_wconf 65' lang='lat' dir='ltr'>patebat</span> 
     </span>
     <span class='ocr_line' id='line_1_24' title="bbox 361 3054 1764 3139; baseline 0.001 -24"><span class='ocrx_word' id='word_1_235' title='bbox 361 3059 445 3116; x_wconf 89' lang='lat' dir='ltr'>stare</span> <span class='ocrx_word' id='word_1_236' title='bbox 460 3054 625 3118; x_wconf 91' lang='lat' dir='ltr'>debebant.</span> <span class='ocrx_word' id='word_1_237' title='bbox 649 3054 729 3118; x_wconf 86' lang='lat' dir='ltr'>Cum</span> <span class='ocrx_word' id='word_1_238' title='bbox 745 3057 852 3139; x_wconf 91' lang='lat' dir='ltr'>potius</span> <span class='ocrx_word' id='word_1_239' title='bbox 866 3055 973 3118; x_wconf 86' lang='lat' dir='ltr'>verbis</span> <span class='ocrx_word' id='word_1_240' title='bbox 987 3054 1066 3137; x_wconf 81' lang='lat' dir='ltr'>legis</span> <span class='ocrx_word' id='word_1_241' title='bbox 1083 3057 1133 3119; x_wconf 87' lang='lat' dir='ltr'>vel</span> <span class='ocrx_word' id='word_1_242' title='bbox 1149 3056 1294 3138; x_wconf 76' lang='lat' dir='ltr'>hominis,</span> <span class='ocrx_word' id='word_1_243' title='bbox 1313 3076 1409 3137; x_wconf 89' lang='lat' dir='ltr'>quam</span> <span class='ocrx_word' id='word_1_244' title='bbox 1425 3056 1567 3139; x_wconf 89' lang='lat' dir='ltr'>ipsorum</span> <span class='ocrx_word' id='word_1_245' title='bbox 1582 3055 1764 3134; x_wconf 79' lang='lat' dir='ltr'>intentioni,</span> 
     </span>
     <span class='ocr_line' id='line_1_25' title="bbox 363 3159 1764 3242; baseline 0.001 -22"><span class='ocrx_word' id='word_1_246' title='bbox 363 3176 445 3238; x_wconf 89' lang='lat' dir='ltr'>quae</span> <span class='ocrx_word' id='word_1_247' title='bbox 469 3159 598 3240; x_wconf 87' lang='lat' dir='ltr'>quidem</span> <span class='ocrx_word' id='word_1_248' title='bbox 620 3179 686 3221; x_wconf 92' lang='lat' dir='ltr'>non</span> <span class='ocrx_word' id='word_1_249' title='bbox 708 3167 795 3242; x_wconf 88' lang='lat' dir='ltr'>patet</span> <span class='ocrx_word' id='word_1_250' title='bbox 817 3159 974 3237; x_wconf 72' lang='lat' dir='ltr'>standum,</span> <span class='ocrx_word' id='word_1_251' title='bbox 1004 3161 1045 3223; x_wconf 88' lang='lat' dir='ltr'>sit</span> <span class='ocrx_word' id='word_1_252' title='bbox 1068 3160 1106 3223; x_wconf 93' lang='lat' dir='ltr'>de</span> <span class='ocrx_word' id='word_1_253' title='bbox 1129 3162 1207 3223; x_wconf 91' lang='lat' dir='ltr'>iure.</span> <span class='ocrx_word' id='word_1_254' title='bbox 1241 3160 1284 3223; x_wconf 89' lang='lat' dir='ltr'>Et</span> <span class='ocrx_word' id='word_1_255' title='bbox 1305 3164 1469 3242; x_wconf 89' lang='lat' dir='ltr'>praeterea</span> <span class='ocrx_word' id='word_1_256' title='bbox 1495 3166 1532 3223; x_wconf 90' lang='lat' dir='ltr'>ut</span> <span class='ocrx_word' id='word_1_257' title='bbox 1554 3159 1630 3222; x_wconf 82' lang='lat' dir='ltr'>dIcit</span> <span class='ocrx_word' id='word_1_258' title='bbox 1651 3178 1764 3239; x_wconf 79' lang='lat' dir='ltr'>canon,</span> 
     </span>
     <span class='ocr_line' id='line_1_26' title="bbox 363 3260 1832 3345; baseline -0.003 -22"><span class='ocrx_word' id='word_1_259' title='bbox 363 3260 519 3326; x_wconf 87' lang='lat' dir='ltr'>humanae</span> <span class='ocrx_word' id='word_1_260' title='bbox 542 3282 636 3326; x_wconf 89' lang='lat' dir='ltr'>aures</span> <span class='ocrx_word' id='word_1_261' title='bbox 651 3263 726 3327; x_wconf 80' lang='lat' dir='ltr'>talia</span> <span class='ocrx_word' id='word_1_262' title='bbox 748 3263 846 3327; x_wconf 80' lang='lat' dir='ltr'>verba</span> <span class='ocrx_word' id='word_1_263' title='bbox 869 3270 978 3326; x_wconf 92' lang='lat' dir='ltr'>nostra</span> <span class='ocrx_word' id='word_1_264' title='bbox 999 3264 1150 3343; x_wconf 84' lang='lat' dir='ltr'>iudicant,</span> <span class='ocrx_word' id='word_1_265' title='bbox 1174 3264 1281 3345; x_wconf 83' lang='lat' dir='ltr'>qualia</span> <span class='ocrx_word' id='word_1_266' title='bbox 1302 3264 1379 3326; x_wconf 85' lang='lat' dir='ltr'>loris</span> <span class='ocrx_word' id='word_1_267' title='bbox 1397 3268 1520 3326; x_wconf 86' lang='lat' dir='ltr'>sonant</span> <span class='ocrx_word' id='word_1_268' title='bbox 1543 3263 1624 3327; x_wconf 89' lang='lat' dir='ltr'>Item</span> <span class='ocrx_word' id='word_1_269' title='bbox 1647 3269 1679 3326; x_wconf 89' lang='lat' dir='ltr'>et</span> <span class='ocrx_word' id='word_1_270' title='bbox 1702 3263 1764 3325; x_wconf 84' lang='lat' dir='ltr'>alia</span> <span class='ocrx_word' id='word_1_271' title='bbox 1798 3264 1832 3319; x_wconf 82' lang='lat'>25</span> 
     </span>
     <span class='ocr_line' id='line_1_27' title="bbox 363 3364 1764 3450; baseline 0.001 -22"><span class='ocrx_word' id='word_1_272' title='bbox 363 3366 485 3429; x_wconf 90' lang='lat' dir='ltr'>ratione</span> <span class='ocrx_word' id='word_1_273' title='bbox 508 3367 568 3448; x_wconf 91' lang='lat' dir='ltr'>ipsi</span> <span class='ocrx_word' id='word_1_274' title='bbox 589 3367 699 3431; x_wconf 89' lang='lat' dir='ltr'>literae</span> <span class='ocrx_word' id='word_1_275' title='bbox 721 3367 915 3430; x_wconf 89' lang='lat' dir='ltr'>credendum</span> <span class='ocrx_word' id='word_1_276' title='bbox 942 3374 1087 3448; x_wconf 82' lang='lat' dir='ltr'>nonest,</span> <span class='ocrx_word' id='word_1_277' title='bbox 1118 3387 1191 3430; x_wconf 89' lang='lat' dir='ltr'>cum</span> <span class='ocrx_word' id='word_1_278' title='bbox 1215 3367 1323 3450; x_wconf 89' lang='lat' dir='ltr'>plures</span> <span class='ocrx_word' id='word_1_279' title='bbox 1345 3366 1464 3448; x_wconf 78' lang='lat' dir='ltr'>literae,</span> <span class='ocrx_word' id='word_1_280' title='bbox 1495 3373 1558 3430; x_wconf 87' lang='lat' dir='ltr'>tarn</span> <span class='ocrx_word' id='word_1_281' title='bbox 1582 3367 1682 3449; x_wconf 91' lang='lat' dir='ltr'>ipsius</span> <span class='ocrx_word' id='word_1_282' title='bbox 1704 3364 1764 3429; x_wconf 86' lang='lat' dir='ltr'>La·</span> 
     </span>
     <span class='ocr_line' id='line_1_28' title="bbox 362 3469 1763 3553; baseline 0.001 -22"><span class='ocrx_word' id='word_1_283' title='bbox 362 3469 476 3534; x_wconf 90' lang='lat' dir='ltr'>dislaui</span> <span class='ocrx_word' id='word_1_284' title='bbox 500 3489 596 3551; x_wconf 90' lang='lat' dir='ltr'>quam</span> <span class='ocrx_word' id='word_1_285' title='bbox 619 3471 751 3534; x_wconf 89' lang='lat' dir='ltr'>allorum</span> <span class='ocrx_word' id='word_1_286' title='bbox 776 3491 812 3534; x_wconf 88' lang='lat' dir='ltr'>ac</span> <span class='ocrx_word' id='word_1_287' title='bbox 835 3471 929 3533; x_wconf 91' lang='lat' dir='ltr'>etiam</span> <span class='ocrx_word' id='word_1_288' title='bbox 953 3470 1165 3553; x_wconf 89' lang='lat' dir='ltr'>depositiones</span> <span class='ocrx_word' id='word_1_289' title='bbox 1185 3472 1314 3534; x_wconf 90' lang='lat' dir='ltr'>testium</span> <span class='ocrx_word' id='word_1_290' title='bbox 1337 3473 1371 3533; x_wconf 95' lang='lat' dir='ltr'>in</span> <span class='ocrx_word' id='word_1_291' title='bbox 1393 3471 1510 3534; x_wconf 89' lang='lat' dir='ltr'>iudicio</span> <span class='ocrx_word' id='word_1_292' title='bbox 1533 3471 1763 3553; x_wconf 88' lang='lat' dir='ltr'>productorum</span> 
     </span>
     <span class='ocr_line' id='line_1_29' title="bbox 361 3573 1763 3659; baseline 0.001 -23"><span class='ocrx_word' id='word_1_293' title='bbox 361 3574 396 3636; x_wconf 91' lang='lat' dir='ltr'>iu</span> <span class='ocrx_word' id='word_1_294' title='bbox 418 3575 612 3637; x_wconf 90' lang='lat' dir='ltr'>contrarium</span> <span class='ocrx_word' id='word_1_295' title='bbox 635 3581 816 3658; x_wconf 72' lang='lat' dir='ltr'>appareant,</span> <span class='ocrx_word' id='word_1_296' title='bbox 846 3580 883 3638; x_wconf 90' lang='lat' dir='ltr'>ut</span> <span class='ocrx_word' id='word_1_297' title='bbox 905 3576 1054 3659; x_wconf 88' lang='lat' dir='ltr'>superius</span> <span class='ocrx_word' id='word_1_298' title='bbox 1076 3576 1266 3639; x_wconf 89' lang='lat' dir='ltr'>continetur.</span> <span class='ocrx_word' id='word_1_299' title='bbox 1301 3573 1389 3651; x_wconf 83' lang='lat' dir='ltr'>Quae</span> <span class='ocrx_word' id='word_1_300' title='bbox 1417 3575 1544 3656; x_wconf 88' lang='lat' dir='ltr'>quidem</span> <span class='ocrx_word' id='word_1_301' title='bbox 1570 3576 1676 3637; x_wconf 89' lang='lat' dir='ltr'>omnia</span> <span class='ocrx_word' id='word_1_302' title='bbox 1697 3593 1763 3637; x_wconf 91' lang='lat' dir='ltr'>non</span> 
     </span>
     <span class='ocr_line' id='line_1_30' title="bbox 362 3677 1763 3761; baseline 0.001 -22"><span class='ocrx_word' id='word_1_303' title='bbox 362 3684 411 3741; x_wconf 90' lang='lat' dir='ltr'>est</span> <span class='ocrx_word' id='word_1_304' title='bbox 432 3677 565 3740; x_wconf 90' lang='lat' dir='ltr'>dubium</span> <span class='ocrx_word' id='word_1_305' title='bbox 587 3679 840 3761; x_wconf 89' lang='lat' dir='ltr'>praeponderare</span> <span class='ocrx_word' id='word_1_306' title='bbox 861 3679 936 3743; x_wconf 91' lang='lat' dir='ltr'>fidei</span> <span class='ocrx_word' id='word_1_307' title='bbox 963 3680 1060 3743; x_wconf 92' lang='lat' dir='ltr'>unius</span> <span class='ocrx_word' id='word_1_308' title='bbox 1083 3679 1183 3743; x_wconf 90' lang='lat' dir='ltr'>solius</span> <span class='ocrx_word' id='word_1_309' title='bbox 1205 3679 1323 3743; x_wconf 88' lang='lat' dir='ltr'>literae.</span> <span class='ocrx_word' id='word_1_310' title='bbox 1357 3678 1436 3742; x_wconf 88' lang='lat' dir='ltr'>Item</span> <span class='ocrx_word' id='word_1_311' title='bbox 1461 3698 1525 3741; x_wconf 91' lang='lat' dir='ltr'>non</span> <span class='ocrx_word' id='word_1_312' title='bbox 1549 3678 1654 3742; x_wconf 89' lang='lat' dir='ltr'>obstat</span> <span class='ocrx_word' id='word_1_313' title='bbox 1676 3678 1763 3759; x_wconf 89' lang='lat' dir='ltr'>quod</span> 
     </span>
     <span class='ocr_line' id='line_1_31' title="bbox 362 3781 1833 3865; baseline 0.002 -23"><span class='ocrx_word' id='word_1_314' title='bbox 362 3781 485 3853; x_wconf 70' lang='lat' dir='ltr'>dicitur,</span> <span class='ocrx_word' id='word_1_315' title='bbox 509 3783 596 3863; x_wconf 94' lang='lat' dir='ltr'>quod</span> <span class='ocrx_word' id='word_1_316' title='bbox 618 3783 701 3846; x_wconf 88' lang='lat' dir='ltr'>sicut</span> <span class='ocrx_word' id='word_1_317' title='bbox 723 3790 946 3846; x_wconf 87' lang='lat' dir='ltr'>excusatorem</span> <span class='ocrx_word' id='word_1_318' title='bbox 969 3784 1133 3861; x_wconf 75' lang='lat' dir='ltr'>miserunt</span> <span class='ocrx_word' id='word_1_319' title='bbox 1163 3784 1239 3847; x_wconf 92' lang='lat' dir='ltr'>item</span> <span class='ocrx_word' id='word_1_320' title='bbox 1262 3788 1500 3865; x_wconf 90' lang='lat' dir='ltr'>procuratorem</span> <span class='ocrx_word' id='word_1_321' title='bbox 1522 3782 1646 3846; x_wconf 88' lang='lat' dir='ltr'>mittere</span> <span class='ocrx_word' id='word_1_322' title='bbox 1669 3787 1762 3865; x_wconf 90' lang='lat' dir='ltr'>potu·</span> <span class='ocrx_word' id='word_1_323' title='bbox 1798 3786 1833 3838; x_wconf 81' lang='lat'>30</span> 
     </span>
     <span class='ocr_line' id='line_1_32' title="bbox 361 3885 1763 3970; baseline 0.001 -23"><span class='ocrx_word' id='word_1_324' title='bbox 361 3890 465 3967; x_wconf 67' lang='lat' dir='ltr'>erunt</span> <span class='ocrx_word' id='word_1_325' title='bbox 488 3885 547 3947; x_wconf 90' lang='lat' dir='ltr'>hoc</span> <span class='ocrx_word' id='word_1_326' title='bbox 570 3887 655 3949; x_wconf 90' lang='lat' dir='ltr'>eni1n</span> <span class='ocrx_word' id='word_1_327' title='bbox 679 3906 741 3949; x_wconf 91' lang='lat' dir='ltr'>non</span> <span class='ocrx_word' id='word_1_328' title='bbox 766 3887 916 3970; x_wconf 72' lang='lat' dir='ltr'>procedit,</span> <span class='ocrx_word' id='word_1_329' title='bbox 948 3907 1020 3951; x_wconf 90' lang='lat' dir='ltr'>oum</span> <span class='ocrx_word' id='word_1_330' title='bbox 1044 3889 1077 3950; x_wconf 93' lang='lat' dir='ltr'>in</span> <span class='ocrx_word' id='word_1_331' title='bbox 1100 3893 1290 3952; x_wconf 84' lang='lat' dir='ltr'>excusatura</span> <span class='ocrx_word' id='word_1_332' title='bbox 1313 3886 1437 3949; x_wconf 89' lang='lat' dir='ltr'>modica</span> <span class='ocrx_word' id='word_1_333' title='bbox 1459 3885 1604 3968; x_wconf 68' lang='lat' dir='ltr'>sufficiat</span> <span class='ocrx_word' id='word_1_334' title='bbox 1634 3886 1668 3949; x_wconf 93' lang='lat' dir='ltr'>in</span> <span class='ocrx_word' id='word_1_335' title='bbox 1691 3906 1763 3970; x_wconf 91' lang='lat' dir='ltr'>pro·</span> 
     </span>
     <span class='ocr_line' id='line_1_33' title="bbox 362 3990 1764 4074; baseline 0.001 -22"><span class='ocrx_word' id='word_1_336' title='bbox 362 3997 508 4053; x_wconf 89' lang='lat' dir='ltr'>curatore</span> <span class='ocrx_word' id='word_1_337' title='bbox 538 4009 614 4053; x_wconf 86' lang='lat' dir='ltr'>vero</span> <span class='ocrx_word' id='word_1_338' title='bbox 644 3991 747 4054; x_wconf 89' lang='lat' dir='ltr'>multa</span> <span class='ocrx_word' id='word_1_339' title='bbox 775 3991 930 4055; x_wconf 86' lang='lat' dir='ltr'>idoneitas</span> <span class='ocrx_word' id='word_1_340' title='bbox 961 3993 1152 4074; x_wconf 83' lang='lat' dir='ltr'>requiratur,</span> <span class='ocrx_word' id='word_1_341' title='bbox 1186 3997 1348 4072; x_wconf 89' lang='lat' dir='ltr'>tamqnam</span> <span class='ocrx_word' id='word_1_342' title='bbox 1371 4009 1429 4073; x_wconf 89' lang='lat' dir='ltr'>per</span> <span class='ocrx_word' id='word_1_343' title='bbox 1459 3990 1552 4053; x_wconf 88' lang='lat' dir='ltr'>cuius</span> <span class='ocrx_word' id='word_1_344' title='bbox 1581 3990 1702 4053; x_wconf 75' lang='lat' dir='ltr'>taetram</span> <span class='ocrx_word' id='word_1_345' title='bbox 1731 3995 1764 4054; x_wconf 92' lang='lat' dir='ltr'>et</span> 
     </span>
     <span class='ocr_line' id='line_1_34' title="bbox 362 4093 1763 4178; baseline 0 -22"><span class='ocrx_word' id='word_1_346' title='bbox 362 4093 481 4157; x_wconf 89' lang='lat' dir='ltr'>utilitas</span> <span class='ocrx_word' id='word_1_347' title='bbox 504 4102 536 4157; x_wconf 91' lang='lat' dir='ltr'>et</span> <span class='ocrx_word' id='word_1_348' title='bbox 558 4095 785 4177; x_wconf 83' lang='lat' dir='ltr'>praeiudicium</span> <span class='ocrx_word' id='word_1_349' title='bbox 810 4096 937 4159; x_wconf 89' lang='lat' dir='ltr'>domino</span> <span class='ocrx_word' id='word_1_350' title='bbox 957 4102 1137 4178; x_wconf 79' lang='lat' dir='ltr'>generatur,</span> <span class='ocrx_word' id='word_1_351' title='bbox 1161 4095 1248 4177; x_wconf 92' lang='lat' dir='ltr'>quod</span> <span class='ocrx_word' id='word_1_352' title='bbox 1262 4113 1329 4157; x_wconf 91' lang='lat' dir='ltr'>nou</span> <span class='ocrx_word' id='word_1_353' title='bbox 1350 4094 1396 4157; x_wconf 90' lang='lat' dir='ltr'>sic</span> <span class='ocrx_word' id='word_1_354' title='bbox 1418 4094 1452 4156; x_wconf 91' lang='lat' dir='ltr'>ln</span> <span class='ocrx_word' id='word_1_355' title='bbox 1474 4098 1664 4157; x_wconf 82' lang='lat' dir='ltr'>excusatura</span> <span class='ocrx_word' id='word_1_356' title='bbox 1686 4113 1763 4157; x_wconf 92' lang='lat' dir='ltr'>con-</span> 
     </span>
     <span class='ocr_line' id='line_1_35' title="bbox 362 4197 1763 4281; baseline 0.001 -22"><span class='ocrx_word' id='word_1_357' title='bbox 362 4198 464 4280; x_wconf 82' lang='lat' dir='ltr'>tingit.</span> <span class='ocrx_word' id='word_1_358' title='bbox 487 4197 656 4262; x_wconf 84' lang='lat' dir='ltr'>Praeterea</span> <span class='ocrx_word' id='word_1_359' title='bbox 671 4208 900 4278; x_wconf 72' lang='lat' dir='ltr'>excusatorem,</span> <span class='ocrx_word' id='word_1_360' title='bbox 920 4200 976 4263; x_wconf 91' lang='lat' dir='ltr'>sed</span> <span class='ocrx_word' id='word_1_361' title='bbox 992 4218 1057 4262; x_wconf 92' lang='lat' dir='ltr'>non</span> <span class='ocrx_word' id='word_1_362' title='bbox 1074 4204 1321 4281; x_wconf 78' lang='lat' dir='ltr'>procuratorem,</span> <span class='ocrx_word' id='word_1_363' title='bbox 1345 4199 1420 4280; x_wconf 91' lang='lat' dir='ltr'>quia</span> <span class='ocrx_word' id='word_1_364' title='bbox 1435 4218 1454 4261; x_wconf 90' lang='lat' dir='ltr'>a</span> <span class='ocrx_word' id='word_1_365' title='bbox 1468 4199 1538 4261; x_wconf 92' lang='lat' dir='ltr'>iure</span> <span class='ocrx_word' id='word_1_366' title='bbox 1553 4197 1763 4280; x_wconf 70' lang='lat' dir='ltr'>compellitnn</span> 
     </span>
     <span class='ocr_line' id='line_1_36' title="bbox 361 4301 1831 4385; baseline 0 -21"><span class='ocrx_word' id='word_1_367' title='bbox 361 4302 486 4365; x_wconf 89' lang='lat' dir='ltr'>mittere</span> <span class='ocrx_word' id='word_1_368' title='bbox 509 4304 647 4366; x_wconf 82' lang='lat' dir='ltr'>maxIme</span> <span class='ocrx_word' id='word_1_369' title='bbox 676 4304 710 4365; x_wconf 83' lang='lat' dir='ltr'>ln</span> <span class='ocrx_word' id='word_1_370' title='bbox 733 4303 885 4385; x_wconf 82' lang='lat' dir='ltr'>gravibus</span> <span class='ocrx_word' id='word_1_371' title='bbox 908 4303 1013 4366; x_wconf 89' lang='lat' dir='ltr'>causis</span> <span class='ocrx_word' id='word_1_372' title='bbox 1043 4303 1125 4366; x_wconf 91' lang='lat' dir='ltr'>sicut</span> <span class='ocrx_word' id='word_1_373' title='bbox 1147 4303 1208 4365; x_wconf 88' lang='lat' dir='ltr'>ista</span> <span class='ocrx_word' id='word_1_374' title='bbox 1238 4309 1313 4366; x_wconf 91' lang='lat' dir='ltr'>erat.</span> <span class='ocrx_word' id='word_1_375' title='bbox 1347 4302 1561 4366; x_wconf 89' lang='lat' dir='ltr'>Permissione</span> <span class='ocrx_word' id='word_1_376' title='bbox 1584 4321 1659 4383; x_wconf 82' lang='lat' dir='ltr'>ergo</span> <span class='ocrx_word' id='word_1_377' title='bbox 1682 4301 1762 4364; x_wconf 88' lang='lat' dir='ltr'>iuris</span> <span class='ocrx_word' id='word_1_378' title='bbox 1797 4301 1831 4355; x_wconf 78' lang='lat'>35</span> 
     </span>
     <span class='ocr_line' id='line_1_37' title="bbox 360 4404 1763 4490; baseline -0.001 -21"><span class='ocrx_word' id='word_1_379' title='bbox 360 4413 599 4489; x_wconf 85' lang='lat' dir='ltr'>procuratorem</span> <span class='ocrx_word' id='word_1_380' title='bbox 621 4426 686 4470; x_wconf 92' lang='lat' dir='ltr'>non</span> <span class='ocrx_word' id='word_1_381' title='bbox 706 4408 862 4470; x_wconf 87' lang='lat' dir='ltr'>miserunt</span> <span class='ocrx_word' id='word_1_382' title='bbox 880 4413 912 4470; x_wconf 92' lang='lat' dir='ltr'>et</span> <span class='ocrx_word' id='word_1_383' title='bbox 934 4408 979 4470; x_wconf 91' lang='lat' dir='ltr'>sic</span> <span class='ocrx_word' id='word_1_384' title='bbox 1001 4426 1137 4490; x_wconf 89' lang='lat' dir='ltr'>poenam</span> <span class='ocrx_word' id='word_1_385' title='bbox 1159 4426 1225 4469; x_wconf 91' lang='lat' dir='ltr'>non</span> <span class='ocrx_word' id='word_1_386' title='bbox 1244 4411 1441 4469; x_wconf 86' lang='lat' dir='ltr'>mernerunt.</span> <span class='ocrx_word' id='word_1_387' title='bbox 1472 4405 1552 4469; x_wconf 90' lang='lat' dir='ltr'>Item</span> <span class='ocrx_word' id='word_1_388' title='bbox 1575 4425 1642 4468; x_wconf 93' lang='lat' dir='ltr'>non</span> <span class='ocrx_word' id='word_1_389' title='bbox 1657 4404 1763 4468; x_wconf 86' lang='lat' dir='ltr'>obstat</span> 
     </span>
     <span class='ocr_line' id='line_1_38' title="bbox 362 4509 1762 4594; baseline -0.001 -21"><span class='ocrx_word' id='word_1_390' title='bbox 362 4510 447 4591; x_wconf 91' lang='lat' dir='ltr'>quod</span> <span class='ocrx_word' id='word_1_391' title='bbox 464 4511 588 4593; x_wconf 75' lang='lat' dir='ltr'>dicitur,</span> <span class='ocrx_word' id='word_1_392' title='bbox 612 4512 698 4593; x_wconf 90' lang='lat' dir='ltr'>quod</span> <span class='ocrx_word' id='word_1_393' title='bbox 723 4512 844 4594; x_wconf 88' lang='lat' dir='ltr'>primus</span> <span class='ocrx_word' id='word_1_394' title='bbox 860 4511 948 4574; x_wconf 90' lang='lat' dir='ltr'>testis</span> <span class='ocrx_word' id='word_1_395' title='bbox 964 4529 1029 4573; x_wconf 89' lang='lat' dir='ltr'>non</span> <span class='ocrx_word' id='word_1_396' title='bbox 1052 4511 1127 4573; x_wconf 88' lang='lat' dir='ltr'>tacit</span> <span class='ocrx_word' id='word_1_397' title='bbox 1140 4510 1244 4587; x_wconf 70' lang='lat' dir='ltr'>fidem,</span> <span class='ocrx_word' id='word_1_398' title='bbox 1268 4510 1344 4591; x_wconf 89' lang='lat' dir='ltr'>quia</span> <span class='ocrx_word' id='word_1_399' title='bbox 1367 4529 1431 4573; x_wconf 92' lang='lat' dir='ltr'>non</span> <span class='ocrx_word' id='word_1_400' title='bbox 1454 4510 1580 4591; x_wconf 72' lang='lat' dir='ltr'>inravit,</span> <span class='ocrx_word' id='word_1_401' title='bbox 1605 4509 1681 4591; x_wconf 88' lang='lat' dir='ltr'>quia</span> <span class='ocrx_word' id='word_1_402' title='bbox 1702 4509 1762 4572; x_wconf 89' lang='lat' dir='ltr'>etsi</span> 
     </span>
     <span class='ocr_line' id='line_1_39' title="bbox 361 4612 1762 4698; baseline -0.002 -21"><span class='ocrx_word' id='word_1_403' title='bbox 361 4614 401 4677; x_wconf 92' lang='lat' dir='ltr'>ob</span> <span class='ocrx_word' id='word_1_404' title='bbox 421 4614 481 4678; x_wconf 90' lang='lat' dir='ltr'>hoc</span> <span class='ocrx_word' id='word_1_405' title='bbox 502 4614 598 4679; x_wconf 88' lang='lat' dir='ltr'>fidem</span> <span class='ocrx_word' id='word_1_406' title='bbox 620 4636 685 4679; x_wconf 93' lang='lat' dir='ltr'>non</span> <span class='ocrx_word' id='word_1_407' title='bbox 708 4616 810 4696; x_wconf 66' lang='lat' dir='ltr'>faciat</span> <span class='ocrx_word' id='word_1_408' title='bbox 833 4614 1123 4698; x_wconf 88' lang='lat' dir='ltr'>praesumptionem</span> <span class='ocrx_word' id='word_1_409' title='bbox 1147 4617 1252 4676; x_wconf 91' lang='lat' dir='ltr'>tamen</span> <span class='ocrx_word' id='word_1_410' title='bbox 1268 4618 1300 4677; x_wconf 91' lang='lat' dir='ltr'>et</span> <span class='ocrx_word' id='word_1_411' title='bbox 1315 4614 1543 4677; x_wconf 87' lang='lat' dir='ltr'>adminiculum</span> <span class='ocrx_word' id='word_1_412' title='bbox 1565 4612 1762 4696; x_wconf 84' lang='lat' dir='ltr'>probationis</span> 
     </span>
     <span class='ocr_line' id='line_1_40' title="bbox 359 4718 1763 4801; baseline -0.001 -21"><span class='ocrx_word' id='word_1_413' title='bbox 359 4719 491 4782; x_wconf 88' lang='lat' dir='ltr'>inducit.</span> <span class='ocrx_word' id='word_1_414' title='bbox 524 4720 604 4783; x_wconf 90' lang='lat' dir='ltr'>Item</span> <span class='ocrx_word' id='word_1_415' title='bbox 627 4739 693 4783; x_wconf 94' lang='lat' dir='ltr'>non</span> <span class='ocrx_word' id='word_1_416' title='bbox 716 4718 821 4783; x_wconf 89' lang='lat' dir='ltr'>obstat</span> <span class='ocrx_word' id='word_1_417' title='bbox 844 4719 930 4801; x_wconf 91' lang='lat' dir='ltr'>quod</span> <span class='ocrx_word' id='word_1_418' title='bbox 953 4719 1070 4781; x_wconf 90' lang='lat' dir='ltr'>dicitur</span> <span class='ocrx_word' id='word_1_419' title='bbox 1092 4718 1131 4781; x_wconf 91' lang='lat' dir='ltr'>de</span> <span class='ocrx_word' id='word_1_420' title='bbox 1146 4736 1184 4780; x_wconf 87' lang='lat' dir='ltr'>eo</span> <span class='ocrx_word' id='word_1_421' title='bbox 1207 4723 1296 4800; x_wconf 76' lang='lat' dir='ltr'>teste,</span> <span class='ocrx_word' id='word_1_422' title='bbox 1321 4719 1375 4799; x_wconf 89' lang='lat' dir='ltr'>qui</span> <span class='ocrx_word' id='word_1_423' title='bbox 1398 4718 1592 4780; x_wconf 91' lang='lat' dir='ltr'>inanimam</span> <span class='ocrx_word' id='word_1_424' title='bbox 1616 4736 1706 4780; x_wconf 89' lang='lat' dir='ltr'>suam</span> <span class='ocrx_word' id='word_1_425' title='bbox 1730 4721 1763 4779; x_wconf 91' lang='lat' dir='ltr'>et</span> 
     </span>
     <span class='ocr_line' id='line_1_41' title="bbox 359 4820 1831 4907; baseline -0.003 -21"><span class='ocrx_word' id='word_1_426' title='bbox 359 4822 530 4907; x_wconf 89' lang='lat' dir='ltr'>patrissui</span> <span class='ocrx_word' id='word_1_427' title='bbox 554 4823 772 4887; x_wconf 90' lang='lat' dir='ltr'>decumbentis</span> <span class='ocrx_word' id='word_1_428' title='bbox 794 4823 920 4886; x_wconf 91' lang='lat' dir='ltr'>iuravit.</span> <span class='ocrx_word' id='word_1_429' title='bbox 943 4822 1024 4885; x_wconf 87' lang='lat' dir='ltr'>Nam</span> <span class='ocrx_word' id='word_1_430' title='bbox 1047 4822 1105 4885; x_wconf 91' lang='lat' dir='ltr'>etsi</span> <span class='ocrx_word' id='word_1_431' title='bbox 1126 4842 1188 4884; x_wconf 93' lang='lat' dir='ltr'>non</span> <span class='ocrx_word' id='word_1_432' title='bbox 1213 4823 1308 4885; x_wconf 85' lang='lat' dir='ltr'>iaciat</span> <span class='ocrx_word' id='word_1_433' title='bbox 1323 4822 1420 4885; x_wconf 91' lang='lat' dir='ltr'>fidem</span> <span class='ocrx_word' id='word_1_434' title='bbox 1442 4823 1473 4884; x_wconf 92' lang='lat' dir='ltr'>in</span> <span class='ocrx_word' id='word_1_435' title='bbox 1498 4828 1654 4903; x_wconf 89' lang='lat' dir='ltr'>quantum</span> <span class='ocrx_word' id='word_1_436' title='bbox 1676 4820 1762 4883; x_wconf 90' lang='lat' dir='ltr'>iurat</span> <span class='ocrx_word' id='word_1_437' title='bbox 1795 4820 1831 4874; x_wconf 82' lang='lat'>40</span> 
     </span>
     <span class='ocr_line' id='line_1_42' title="bbox 359 4925 1760 5010; baseline -0.004 -20"><span class='ocrx_word' id='word_1_438' title='bbox 359 4928 394 4990; x_wconf 89' lang='lat' dir='ltr'>in</span> <span class='ocrx_word' id='word_1_439' title='bbox 414 4929 554 4990; x_wconf 83' lang='lat' dir='ltr'>antmam</span> <span class='ocrx_word' id='word_1_440' title='bbox 583 4928 691 5010; x_wconf 83' lang='lat' dir='ltr'>patris,</span> <span class='ocrx_word' id='word_1_441' title='bbox 720 4928 796 4989; x_wconf 88' lang='lat' dir='ltr'>tacit</span> <span class='ocrx_word' id='word_1_442' title='bbox 817 4933 923 4990; x_wconf 92' lang='lat' dir='ltr'>tamen</span> <span class='ocrx_word' id='word_1_443' title='bbox 951 4925 1056 5007; x_wconf 70' lang='lat' dir='ltr'>fidem,</span> <span class='ocrx_word' id='word_1_444' title='bbox 1086 4926 1299 5007; x_wconf 89' lang='lat' dir='ltr'>inquantum</span> <span class='ocrx_word' id='word_1_445' title='bbox 1330 4926 1415 4990; x_wconf 87' lang='lat' dir='ltr'>iurat</span> <span class='ocrx_word' id='word_1_446' title='bbox 1443 4926 1477 4988; x_wconf 91' lang='lat' dir='ltr'>in</span> <span class='ocrx_word' id='word_1_447' title='bbox 1500 4925 1639 4987; x_wconf 90' lang='lat' dir='ltr'>animam</span> <span class='ocrx_word' id='word_1_448' title='bbox 1661 4943 1760 4988; x_wconf 87' lang='lat' dir='ltr'>snam.</span> 
     </span>
     <span class='ocr_line' id='line_1_43' title="bbox 357 5026 1759 5113; baseline -0.004 -18"><span class='ocrx_word' id='word_1_449' title='bbox 357 5031 439 5095; x_wconf 88' lang='lat' dir='ltr'>Item</span> <span class='ocrx_word' id='word_1_450' title='bbox 461 5051 526 5095; x_wconf 93' lang='lat' dir='ltr'>non</span> <span class='ocrx_word' id='word_1_451' title='bbox 551 5031 654 5094; x_wconf 89' lang='lat' dir='ltr'>obstat</span> <span class='ocrx_word' id='word_1_452' title='bbox 685 5031 771 5113; x_wconf 92' lang='lat' dir='ltr'>quod</span> <span class='ocrx_word' id='word_1_453' title='bbox 794 5031 918 5112; x_wconf 82' lang='lat' dir='ltr'>dicitur,</span> <span class='ocrx_word' id='word_1_454' title='bbox 947 5029 1034 5111; x_wconf 91' lang='lat' dir='ltr'>quod</span> <span class='ocrx_word' id='word_1_455' title='bbox 1057 5029 1133 5093; x_wconf 89' lang='lat' dir='ltr'>dicti</span> <span class='ocrx_word' id='word_1_456' title='bbox 1166 5036 1263 5094; x_wconf 88' lang='lat' dir='ltr'>testes</span> <span class='ocrx_word' id='word_1_457' title='bbox 1294 5034 1326 5093; x_wconf 93' lang='lat' dir='ltr'>et</span> <span class='ocrx_word' id='word_1_458' title='bbox 1348 5029 1401 5092; x_wconf 88' lang='lat' dir='ltr'>alii</span> <span class='ocrx_word' id='word_1_459' title='bbox 1424 5049 1488 5092; x_wconf 93' lang='lat' dir='ltr'>non</span> <span class='ocrx_word' id='word_1_460' title='bbox 1511 5027 1633 5091; x_wconf 86' lang='lat' dir='ltr'>faciunt</span> <span class='ocrx_word' id='word_1_461' title='bbox 1653 5026 1759 5109; x_wconf 83' lang='lat' dir='ltr'>fidem,</span> 
     </span>
     <span class='ocr_line' id='line_1_44' title="bbox 361 5131 1761 5217; baseline -0.005 -18"><span class='ocrx_word' id='word_1_462' title='bbox 361 5135 522 5217; x_wconf 91' lang='lat' dir='ltr'>quianon</span> <span class='ocrx_word' id='word_1_463' title='bbox 546 5136 657 5198; x_wconf 90' lang='lat' dir='ltr'>dicunt</span> <span class='ocrx_word' id='word_1_464' title='bbox 680 5134 936 5198; x_wconf 87' lang='lat' dir='ltr'>terminationem</span> <span class='ocrx_word' id='word_1_465' title='bbox 958 5132 1123 5198; x_wconf 88' lang='lat' dir='ltr'>literarum</span> <span class='ocrx_word' id='word_1_466' title='bbox 1145 5134 1466 5214; x_wconf 74' lang='lat' dir='ltr'>comminatoriarum</span> <span class='ocrx_word' id='word_1_467' title='bbox 1489 5151 1547 5195; x_wconf 89' lang='lat' dir='ltr'>nec</span> <span class='ocrx_word' id='word_1_468' title='bbox 1571 5131 1683 5194; x_wconf 80' lang='lat' dir='ltr'>dIcunt</span> <span class='ocrx_word' id='word_1_469' title='bbox 1705 5148 1761 5192; x_wconf 91' lang='lat' dir='ltr'>an·</span> 
     </span>
     <span class='ocr_line' id='line_1_45' title="bbox 359 5234 1760 5320; baseline -0.005 -17"><span class='ocrx_word' id='word_1_470' title='bbox 359 5259 447 5320; x_wconf 81' lang='lat' dir='ltr'>num,</span> <span class='ocrx_word' id='word_1_471' title='bbox 476 5258 618 5303; x_wconf 88' lang='lat' dir='ltr'>mensem</span> <span class='ocrx_word' id='word_1_472' title='bbox 640 5245 673 5302; x_wconf 91' lang='lat' dir='ltr'>et</span> <span class='ocrx_word' id='word_1_473' title='bbox 696 5239 788 5303; x_wconf 88' lang='lat' dir='ltr'>diem.</span> <span class='ocrx_word' id='word_1_474' title='bbox 826 5238 908 5301; x_wconf 91' lang='lat' dir='ltr'>Nam</span> <span class='ocrx_word' id='word_1_475' title='bbox 931 5238 1170 5301; x_wconf 88' lang='lat' dir='ltr'>terminationes</span> <span class='ocrx_word' id='word_1_476' title='bbox 1189 5243 1221 5300; x_wconf 88' lang='lat' dir='ltr'>et</span> <span class='ocrx_word' id='word_1_477' title='bbox 1243 5237 1462 5301; x_wconf 86' lang='lat' dir='ltr'>extremitates</span> <span class='ocrx_word' id='word_1_478' title='bbox 1483 5234 1647 5299; x_wconf 86' lang='lat' dir='ltr'>literarum</span> <span class='ocrx_word' id='word_1_479' title='bbox 1669 5252 1760 5317; x_wconf 87' lang='lat' dir='ltr'>prae·</span> 
     </span>
    </p>

    <p class='ocr_par' dir='ltr' id='par_1_3' title="bbox 516 5346 1829 5443">
     <span class='ocr_line' id='line_1_46' title="bbox 516 5346 1829 5443; baseline -0.003 -16"><span class='ocrx_word' id='word_1_480' title='bbox 516 5376 536 5441; x_wconf 86' lang='lat'>¹)</span> <span class='ocrx_word' id='word_1_481' title='bbox 559 5346 677 5443; x_wconf 43' lang='lat' dir='ltr'>{crispe</span> <span class='ocrx_word' id='word_1_482' title='bbox 694 5390 732 5427; x_wconf 74' lang='lat' dir='ltr'>rs.</span> <span class='ocrx_word' id='word_1_483' title='bbox 1794 5368 1829 5423; x_wconf 78' lang='lat'>45</span> 
     </span>
    </p>

    <p class='ocr_par' dir='ltr' id='par_1_4' title="bbox 518 5459 1566 5530">
     <span class='ocr_line' id='line_1_47' title="bbox 518 5459 1566 5530; baseline 0.002 -15"><span class='ocrx_word' id='word_1_484' title='bbox 518 5461 540 5529; x_wconf 78' lang='lat'>⁹)</span> <span class='ocrx_word' id='word_1_485' title='bbox 563 5459 697 5530; x_wconf 76' lang='lat' dir='ltr'>Vorlape:</span> <span class='ocrx_word' id='word_1_486' title='bbox 713 5461 785 5516; x_wconf 73' lang='lat' dir='ltr'>istas.</span> <span class='ocrx_word' id='word_1_487' title='bbox 1563 5498 1566 5507; x_wconf 29' lang='grc' dir='ltr'><strong>Δ</strong></span> 
     </span>
    </p>
   </div>
   <div class='ocr_carea' id='block_1_3' title="bbox 0 0 2058 6294">
    <p class='ocr_par' dir='ltr' id='par_1_5' title="bbox 0 0 2058 6294">
     <span class='ocr_line' id='line_1_48' title="bbox 0 0 2058 6294; baseline 0 0"><span class='ocrx_word' id='word_1_488' title='bbox 0 0 2058 6294; x_wconf 95' lang='lat' dir='ltr'> </span> 
     </span>
    </p>
   </div>
  </div>
 </body>
</html>
