4064 6288
986 590 1140 684 *os—

364 779 518 842 electione
540 779 750 862 plebanorum
773 783 805 842 et
826 798 924 862 snper
945 779 1028 842 lacto
1051 779 1201 842 collectae
1219 776 1385 861 generalia,
1408 776 1447 840 de
1470 776 1579 857 quain
1597 775 1763 859 privilegio

363 883 517 946 carissimi
543 883 642 966 patris
669 883 772 945 nostri
793 883 1004 955 inueniuntur
1026 883 1176 965 exempti,
1206 902 1244 944 ac
1274 881 1343 943 aliis
1365 880 1399 942 in
1421 879 1586 962 privilegio
1610 880 1764 942 carissimi

362 987 462 1069 patris
491 988 593 1050 nostn'
615 1005 712 1069 snper
741 986 885 1049 libertate
914 986 1150 1069 praedictorum
1179 986 1341 1068 hospitum
1371 990 1554 1047 nostrorum
1581 984 1709 1046 statutis
1731 988 1764 1046 et

363 1086 529 1171 ordinaltis
551 1089 675 1153 iuribus
698 1089 741 1174 et]
765 1086 989 1172 eontinenlterl
1013 1090 1137 1152 indulto
1161 1090 1280 1153 eisdem
1302 1088 1468 1172 privilegio
1488 1088 1642 1150 carissimi
1665 1088 1763 1170 patris

362 1195 464 1257 nostri
494 1192 686 1258 ratificantes
716 1200 748 1257 et
773 1192 998 1257 confirmantes
1026 1193 1119 1256 dictis
1144 1193 1322 1276 hospitibus
1345 1192 1462 1256 nostris
1484 1191 1685 1275 privilegium
1709 1212 1760 1254 ea·
1796 1199 1812 1248 3

361 1297 478 1361 rissimi
499 1298 599 1381 patris
621 1298 723 1361 nostri
746 1297 956 1361 concedentes
979 1298 1099 1361 eisdem
1125 1297 1310 1381 specialiter,
1342 1302 1378 1359 ut
1407 1296 1503 1359 iidem
1525 1296 1665 1378 hospites
1688 1315 1762 1359 cum

360 1406 500 1483 quatuor
530 1400 683 1478 militibus
711 1400 852 1464 loricatis
877 1401 959 1465 bene
984 1403 1179 1485 praeparatis
1206 1422 1242 1465 ac
1269 1402 1418 1465 decenter
1445 1401 1573 1477 ornatis,
1604 1419 1677 1462 cum
1701 1405 1762 1463 tot-

360 1504 443 1568 idem
478 1505 570 1586 equis
603 1505 680 1568 satis
713 1506 854 1569 honestis
889 1511 922 1569 et
955 1507 1112 1589 coopertis
1146 1526 1183 1568 ac
1217 1504 1343 1568 duobus
1378 1504 1523 1568 tentoriis
1556 1503 1616 1567 snb
1651 1509 1761 1567 nostro

361 1607 480 1672 vexillo
510 1605 659 1689 mil[itare
688 1614 721 1672 et
750 1607 837 1691 olum
860 1610 977 1672 nostris
999 1610 1154 1673 mihdbus
1185 1629 1250 1672 non
1278 1609 1312 1671 in
1335 1609 1485 1672 societate
1507 1608 1665 1671 baronum
1687 1628 1762 1671 nos·

359 1717 483 1776 trorum
505 1712 696 1776 descendere
712 1718 890 1794 teneantur,
912 1718 1009 1796 prout
1030 1714 1064 1775 in
1086 1713 1240 1796 praedicti
1254 1713 1353 1796 patris
1367 1714 1469 1776 nostn'
1491 1711 1658 1795 privilegio
1674 1711 1758 1776 clare
1796 1718 1829 1770 10

359 1822 392 1879 et
413 1835 565 1900 expresse
587 1816 727 1880 vidimus
749 1817 913 1880 contineri.
945 1817 990 1880 Ut
1011 1817 1110 1899 igitur
1131 1817 1208 1879 haec
1231 1822 1340 1879 nostra
1361 1818 1524 1879 concessio
1547 1824 1578 1879 et
1601 1816 1758 1879 ordinatio

359 1938 417 1984 seu
439 1919 565 1983 collatio
588 1919 688 1983 robur
710 1920 852 1984 obtineat
869 1926 1042 2003 perpetuae
1063 1920 1221 1984 finnitatis
1237 1940 1295 1983 nec
1310 1939 1368 2003 per
1390 1920 1572 2002 quempiam
1593 1920 1628 1982 in
1650 1919 1758 2001 aliquo

358 2044 457 2088 cursu
489 2029 668 2107 temporum
701 2025 802 2107 possit
836 2024 887 2087 vel
921 2024 1034 2089 debeat
1066 2026 1100 2087 in
1134 2025 1261 2088 irritum
1292 2024 1434 2088 revocari
1465 2041 1523 2085 seu
1554 2022 1758 2104 aliquatenus

358 2128 531 2209 retractari,
561 2126 730 2211 praedictis
758 2127 936 2210 hospitibus
963 2130 1082 2191 nostris
1112 2128 1151 2191 de
1173 2128 1300 2191 Karalro
1331 2135 1363 2191 et
1393 2128 1432 2190 de
1454 2126 1554 2209 Ygun
1577 2131 1759 2208 praesentes

357 2232 574 2295 concessimus
602 2232 711 2295 literas
741 2231 876 2314 duplicis
907 2231 1001 2313 sigilli
1031 2232 1131 2294 nostri
1154 2233 1331 2295 munimine
1353 2231 1524 2294 roboratas.
1561 2229 1680 2293 Datum
1702 2249 1759 2313 per
1795 2239 1827 2289 lo

357 2355 472 2399 manus
501 2331 655 2418 mag[istri
679 2334 871 2419 [oldomerii
902 2335 1007 2397 dilecti
1037 2342 1070 2397 et
1099 2334 1201 2398 fidelis
1225 2336 1324 2398 nostri
1348 2333 1439 2397 aulae
1462 2340 1589 2396 nostrae
1612 2334 1758 2397 vicecan-

356 2439 485 2522 cellarii,
507 2458 591 2502 anno
607 2439 728 2502 domini
750 2415 792 2502 lh.
812 2417 963 2502 duLxV.

1013 2734 1103 2817 114.

434 2918 513 2986 126
519 2918 551 2987 6.
581 2912 734 3007 Stephon
761 2916 877 2987 iunior
903 2937 965 2986 rec
982 2914 1097 2988 atati
1124 2914 1167 2987 ad
1185 2914 1392 2988 instantiam
1420 2920 1453 2987 et
1471 2914 1757 3011 supplicationem

355 3034 529 3108 Dominioi
556 3035 714 3131 palatini,
749 3035 884 3108 comitis
910 3034 1119 3108 Bachiensis
1151 3041 1185 3107 et
1211 3034 1452 3128 Scibiniensis,
1479 3037 1598 3109 dassen
1624 3037 1757 3109 Dieaer
1791 3054 1826 3108 20

352 3157 427 3229 aad
451 3157 628 3231 Borscder
653 3156 896 3248 Burphoripcn
920 3156 1041 3229 Jacow
1066 3159 1105 3229 ia
1131 3158 1196 3229 dea
1223 3156 1425 3230 Adetstaad.

432 3278 560 3351 Datum
597 3301 657 3373 per
691 3301 819 3350 manus
856 3277 1018 3374 magistri
1053 3277 1189 3350 Nicolai
1202 3274 1226 3368 ¹)
1265 3277 1430 3350 Albensis
1457 3277 1756 3371 Transsiluaniae,

353 3399 455 3474 aulae
480 3407 619 3473 nostrae
645 3397 845 3472 cancellarii
871 3398 986 3471 dilecti
1013 3405 1046 3470 et
1071 3398 1186 3471 fidelis
1212 3399 1333 3491 nostri,
1364 3422 1457 3472 anno
1484 3399 1613 3471 domini
1641 3398 1754 3470 mille·

354 3521 445 3593 simo
473 3519 705 3594 ducentesimo
732 3519 949 3616 sexagesimo
976 3525 1081 3592 sexto.

509 3683 621 3738 Druck:
651 3682 761 3738 Wmet
787 3682 852 3738 God.
870 3683 979 3752 Arpad.
1002 3683 1091 3751 VIII,
1113 3687 1168 3738 147
1182 3684 1254 3738 narb
1271 3685 1320 3738 der
1338 3683 1690 3754 Beplaabipanyaurkrmde
1707 3683 1754 3737 dea
1789 3685 1823 3740 25

456 3770 581 3824 Etiam
593 3769 723 3837 Kapitels
739 3787 794 3825 voa
811 3774 888 3838 1409,
907 3771 1076 3840 depluubiptc
1087 3771 1231 3838 Adrobrift
1253 3771 1358 3841 Unger.
1376 3770 1584 3824 Londeaarcbio
1601 3769 1753 3838 Budopest.

1008 4071 1095 4153 115.

427 4252 506 4322 126
513 4254 546 4321 7.
593 4248 747 4342 septae
781 4249 899 4323 iunior
932 4274 995 4323 rar
1030 4253 1162 4324 belodm
1201 4250 1372 4344 Mupistcr
1407 4252 1504 4324 Pows
1532 4254 1603 4341 fair
1633 4252 1752 4325 663366

350 4370 504 4459 Dtorsta
532 4393 620 4467 quae
645 4370 745 4443 nobis
772 4370 812 4443 in
838 4377 951 4445 castro
969 4371 1202 4470 Felrethewyg
1227 4372 1457 4445 existentibus
1484 4373 1642 4445 exhibuit
1667 4373 1751 4445 fide·

350 4489 430 4563 liter
454 4496 488 4563 et
513 4490 639 4564 devote.
1786 4514 1821 4567 so

425 4609 554 4683 Datum
588 4634 649 4707 per
683 4636 810 4686 manus
846 4614 1009 4711 magistri
1035 4615 1130 4687 Petri
1156 4614 1270 4687 dilecti
1306 4622 1340 4688 et
1365 4614 1480 4687 fidelis
1510 4613 1621 4686 nostri
1649 4613 1750 4687 aulae

346 4737 485 4804 nostrae
502 4732 787 4829 vicecancellarii,
814 4758 906 4808 anno
923 4736 1054 4809 domini
1076 4736 1262 4809 millesimo
1279 4737 1512 4808 ducentesimo
1532 4735 1750 4831 sexagesimo

348 4852 500 4947 septimo.

500 5017 613 5073 Druck:
641 5019 750 5075 Wcasel
777 5021 841 5076 soa.
865 5024 973 5092 Arpad.
999 5023 1088 5090 VIII,
1113 5027 1164 5078 173
1188 5023 1259 5077 asch
1283 5024 1331 5077 der
1355 5021 1679 5091 Bestdtr’yunpsurkunde
1703 5021 1750 5075 des

449 5103 558 5176 Kdnigs
579 5105 702 5176 Stcpban
724 5108 757 5162 V.
780 5125 834 5163 oon
853 5114 930 5177 1272,
955 5111 1058 5164 Archiv
1081 5111 1129 5165 des
1153 5110 1253 5178 Zipser
1270 5109 1399 5177 Kapitcla
1418 5106 1583 5177 Saepmbely.
1608 5137 1642 5146 -
1662 5107 1749 5173 Fejtr
1784 5112 1818 5165 35

451 5190 542 5246 (toda
559 5192 615 5261 IV,
633 5198 659 5261 3,
678 5198 738 5248 410.
765 5194 951 5250 Demuriaau
970 5197 1137 5250 Documenta
1154 5199 1215 5250 335.

502 5313 615 5383 naas:
637 5316 750 5370 reuoca
767 5334 795 5370 u.
815 5318 977 5373 straena
996 5317 1068 5371 sce.
1091 5317 1173 5372 urit.
1192 5317 1219 5384 r,
1238 5315 1309 5370 saa
1327 5316 1459 5370 xrvrr.

344 5420 379 5425 —
398 5421 602 5429 -.—

498 5470 519 5535 ¹)
537 5468 635 5525 Fetia-
651 5472 800 5542 praepositi.
