<?xml version="1.0" encoding="UTF-8"?>
<!DOCTYPE html PUBLIC "-//W3C//DTD XHTML 1.0 Transitional//EN"
    "http://www.w3.org/TR/xhtml1/DTD/xhtml1-transitional.dtd">
<html xmlns="http://www.w3.org/1999/xhtml" xml:lang="en" lang="en">
 <head>
  <title>
</title>
<meta http-equiv="Content-Type" content="text/html;charset=utf-8" />
  <meta name='ocr-system' content='tesseract 3.04.00' />
  <meta name='ocr-capabilities' content='ocr_page ocr_carea ocr_par ocr_line ocrx_word'/>
</head>
<body>
  <div class='ocr_page' id='page_1' title='image "./urkundenbuchzur00mlgoog_0348.png"; bbox 0 0 4106 6294; ppageno 0'>
   <div class='ocr_carea' id='block_1_1' title="bbox 970 588 1097 699">
    <p class='ocr_par' dir='ltr' id='par_1_1' title="bbox 970 588 1097 699">
     <span class='ocr_line' id='line_1_1' title="bbox 970 588 1097 699; baseline 0.008 -1"><span class='ocrx_word' id='word_1_1' title='bbox 970 588 1097 699; x_wconf 59' lang='lat' dir='ltr'>a</span> 
     </span>
    </p>
   </div>
   <div class='ocr_carea' id='block_1_2' title="bbox 250 790 1720 3455">
    <p class='ocr_par' dir='ltr' id='par_1_2' title="bbox 319 790 1720 1190">
     <span class='ocr_line' id='line_1_2' title="bbox 475 790 1719 880; baseline 0.002 -25"><span class='ocrx_word' id='word_1_2' title='bbox 475 790 622 855; x_wconf 84' lang='lat' dir='ltr'>Clemens</span> <span class='ocrx_word' id='word_1_3' title='bbox 651 810 764 855; x_wconf 84' lang='lat' dir='ltr'>servus</span> <span class='ocrx_word' id='word_1_4' title='bbox 794 811 959 856; x_wconf 82' lang='lat' dir='ltr'>servorum</span> <span class='ocrx_word' id='word_1_5' title='bbox 991 794 1041 855; x_wconf 88' lang='lat' dir='ltr'>dei</span> <span class='ocrx_word' id='word_1_6' title='bbox 1065 792 1238 856; x_wconf 86' lang='lat' dir='ltr'>venerabili</span> <span class='ocrx_word' id='word_1_7' title='bbox 1260 794 1350 857; x_wconf 78' lang='lat' dir='ltr'>fratri</span> <span class='ocrx_word' id='word_1_8' title='bbox 1373 838 1381 857; x_wconf 89' lang='lat'><strong>.</strong></span> <span class='ocrx_word' id='word_1_9' title='bbox 1404 794 1447 873; x_wconf 84' lang='lat'>.¹)</span> <span class='ocrx_word' id='word_1_10' title='bbox 1471 795 1618 880; x_wconf 88' lang='lat' dir='ltr'>episcopo</span> <span class='ocrx_word' id='word_1_11' title='bbox 1642 795 1719 857; x_wconf 89' lang='lat' dir='ltr'>Wa-</span> 
     </span>
     <span class='ocr_line' id='line_1_3' title="bbox 319 894 1719 979; baseline 0.005 -23"><span class='ocrx_word' id='word_1_12' title='bbox 319 894 455 957; x_wconf 86' lang='lat' dir='ltr'>radiensi</span> <span class='ocrx_word' id='word_1_13' title='bbox 487 895 619 959; x_wconf 89' lang='lat' dir='ltr'>salutem</span> <span class='ocrx_word' id='word_1_14' title='bbox 652 904 683 959; x_wconf 87' lang='lat' dir='ltr'>et</span> <span class='ocrx_word' id='word_1_15' title='bbox 713 896 916 979; x_wconf 88' lang='lat' dir='ltr'>apostolicam</span> <span class='ocrx_word' id='word_1_16' title='bbox 948 897 1208 960; x_wconf 78' lang='lat' dir='ltr'>benedictionem.</span> <span class='ocrx_word' id='word_1_17' title='bbox 1253 900 1319 960; x_wconf 77' lang='lat' dir='ltr'>Sua</span> <span class='ocrx_word' id='word_1_18' title='bbox 1349 897 1440 961; x_wconf 92' lang='lat' dir='ltr'>nobis</span> <span class='ocrx_word' id='word_1_19' title='bbox 1463 899 1591 963; x_wconf 87' lang='lat' dir='ltr'>Vlrieus</span> <span class='ocrx_word' id='word_1_20' title='bbox 1615 908 1719 963; x_wconf 87' lang='lat' dir='ltr'>rector</span> 
     </span>
     <span class='ocr_line' id='line_1_4' title="bbox 319 995 1720 1084; baseline 0.006 -25"><span class='ocrx_word' id='word_1_21' title='bbox 319 995 469 1061; x_wconf 85' lang='lat' dir='ltr'>ccclesiae</span> <span class='ocrx_word' id='word_1_22' title='bbox 501 1000 535 1061; x_wconf 91' lang='lat' dir='ltr'>in</span> <span class='ocrx_word' id='word_1_23' title='bbox 558 999 665 1063; x_wconf 83' lang='lat' dir='ltr'>Nadaz</span> <span class='ocrx_word' id='word_1_24' title='bbox 697 1000 848 1082; x_wconf 89' lang='lat' dir='ltr'>petitione</span> <span class='ocrx_word' id='word_1_25' title='bbox 879 1002 1077 1067; x_wconf 82' lang='lat' dir='ltr'>moustravit.</span> <span class='ocrx_word' id='word_1_26' title='bbox 1109 1000 1194 1081; x_wconf 87' lang='lat' dir='ltr'>quod</span> <span class='ocrx_word' id='word_1_27' title='bbox 1226 1001 1299 1064; x_wconf 84' lang='lat' dir='ltr'>lieet</span> <span class='ocrx_word' id='word_1_28' title='bbox 1329 1002 1396 1084; x_wconf 91' lang='lat' dir='ltr'>ipse</span> <span class='ocrx_word' id='word_1_29' title='bbox 1426 1003 1466 1065; x_wconf 91' lang='lat' dir='ltr'>de</span> <span class='ocrx_word' id='word_1_30' title='bbox 1488 1002 1665 1067; x_wconf 79' lang='lat' dir='ltr'>redditibus</span> <span class='ocrx_word' id='word_1_31' title='bbox 1687 1013 1720 1069; x_wconf 88' lang='lat' dir='ltr'>et</span> 
     </span>
     <span class='ocr_line' id='line_1_5' title="bbox 319 1102 1718 1190; baseline 0.006 -28"><span class='ocrx_word' id='word_1_32' title='bbox 319 1102 527 1184; x_wconf 82' lang='lat' dir='ltr'>proventibus</span> <span class='ocrx_word' id='word_1_33' title='bbox 557 1103 658 1185; x_wconf 89' lang='lat' dir='ltr'>ipsius</span> <span class='ocrx_word' id='word_1_34' title='bbox 681 1102 832 1166; x_wconf 87' lang='lat' dir='ltr'>eeclesiae</span> <span class='ocrx_word' id='word_1_35' title='bbox 856 1104 1027 1167; x_wconf 81' lang='lat' dir='ltr'>vonerabili</span> <span class='ocrx_word' id='word_1_36' title='bbox 1059 1105 1148 1167; x_wconf 86' lang='lat' dir='ltr'>fratri</span> <span class='ocrx_word' id='word_1_37' title='bbox 1176 1110 1284 1167; x_wconf 91' lang='lat' dir='ltr'>nostro</span> <span class='ocrx_word' id='word_1_38' title='bbox 1308 1151 1317 1169; x_wconf 84' lang='lat'><strong>.</strong></span> <span class='ocrx_word' id='word_1_39' title='bbox 1341 1106 1383 1179; x_wconf 79' lang='lat'>.²)</span> <span class='ocrx_word' id='word_1_40' title='bbox 1414 1107 1561 1190; x_wconf 87' lang='lat' dir='ltr'>episeopo</span> <span class='ocrx_word' id='word_1_41' title='bbox 1586 1106 1718 1172; x_wconf 78' lang='lat' dir='ltr'><strong>Albensi</strong></span> 
     </span>
    </p>

    <p class='ocr_par' dir='ltr' id='par_1_3' title="bbox 268 1204 1720 2228">
     <span class='ocr_line' id='line_1_6' title="bbox 268 1204 1718 1276; baseline 0.007 -10"><span class='ocrx_word' id='word_1_42' title='bbox 268 1214 279 1224; x_wconf 83' lang='grc'><em>”</em></span> <span class='ocrx_word' id='word_1_43' title='bbox 319 1208 351 1266; x_wconf 88' lang='lat' dir='ltr'>et</span> <span class='ocrx_word' id='word_1_44' title='bbox 373 1204 487 1267; x_wconf 86' lang='lat' dir='ltr'>dilecto</span> <span class='ocrx_word' id='word_1_45' title='bbox 517 1204 583 1269; x_wconf 90' lang='lat' dir='ltr'>filio</span> <span class='ocrx_word' id='word_1_46' title='bbox 612 1207 833 1269; x_wconf 82' lang='lat' dir='ltr'>archidiacono</span> <span class='ocrx_word' id='word_1_47' title='bbox 864 1207 904 1270; x_wconf 90' lang='lat' dir='ltr'>de</span> <span class='ocrx_word' id='word_1_48' title='bbox 927 1206 1054 1272; x_wconf 86' lang='lat' dir='ltr'>Kukelu</span> <span class='ocrx_word' id='word_1_49' title='bbox 1088 1210 1196 1271; x_wconf 90' lang='lat' dir='ltr'>maiori</span> <span class='ocrx_word' id='word_1_50' title='bbox 1227 1210 1259 1270; x_wconf 92' lang='lat' dir='ltr'>in</span> <span class='ocrx_word' id='word_1_51' title='bbox 1284 1211 1417 1273; x_wconf 88' lang='lat' dir='ltr'>ecelesia</span> <span class='ocrx_word' id='word_1_52' title='bbox 1440 1211 1572 1275; x_wconf 84' lang='lat' dir='ltr'><strong>Albensi</strong></span> <span class='ocrx_word' id='word_1_53' title='bbox 1595 1218 1718 1276; x_wconf 91' lang='lat' dir='ltr'>eertum</span> 
     </span>
     <span class='ocr_line' id='line_1_7' title="bbox 318 1313 1718 1398; baseline 0.006 -27"><span class='ocrx_word' id='word_1_54' title='bbox 318 1328 461 1373; x_wconf 87' lang='lat' dir='ltr'>annuum</span> <span class='ocrx_word' id='word_1_55' title='bbox 492 1329 622 1374; x_wconf 88' lang='lat' dir='ltr'>censum</span> <span class='ocrx_word' id='word_1_56' title='bbox 654 1313 869 1374; x_wconf 83' lang='lat' dir='ltr'>communiter</span> <span class='ocrx_word' id='word_1_57' title='bbox 898 1332 971 1375; x_wconf 91' lang='lat' dir='ltr'>cum</span> <span class='ocrx_word' id='word_1_58' title='bbox 995 1314 1089 1376; x_wconf 88' lang='lat' dir='ltr'>sociis</span> <span class='ocrx_word' id='word_1_59' title='bbox 1119 1314 1186 1375; x_wconf 91' lang='lat' dir='ltr'>suis</span> <span class='ocrx_word' id='word_1_60' title='bbox 1208 1314 1333 1378; x_wconf 77' lang='lat' dir='ltr'>solvere</span> <span class='ocrx_word' id='word_1_61' title='bbox 1357 1320 1503 1378; x_wconf 89' lang='lat' dir='ltr'>teneatur</span> <span class='ocrx_word' id='word_1_62' title='bbox 1528 1335 1565 1378; x_wconf 91' lang='lat' dir='ltr'>ac</span> <span class='ocrx_word' id='word_1_63' title='bbox 1587 1316 1718 1398; x_wconf 83' lang='lat' dir='ltr'>praede·</span> 
     </span>
     <span class='ocr_line' id='line_1_8' title="bbox 318 1415 1717 1503; baseline 0.006 -29"><span class='ocrx_word' id='word_1_64' title='bbox 318 1432 460 1476; x_wconf 87' lang='lat' dir='ltr'>cessores</span> <span class='ocrx_word' id='word_1_65' title='bbox 483 1415 532 1477; x_wconf 89' lang='lat' dir='ltr'>sui</span> <span class='ocrx_word' id='word_1_66' title='bbox 556 1415 602 1477; x_wconf 89' lang='lat' dir='ltr'>eis</span> <span class='ocrx_word' id='word_1_67' title='bbox 618 1434 749 1478; x_wconf 81' lang='lat' dir='ltr'>censum</span> <span class='ocrx_word' id='word_1_68' title='bbox 770 1416 874 1499; x_wconf 89' lang='lat' dir='ltr'>ipsum</span> <span class='ocrx_word' id='word_1_69' title='bbox 891 1417 1044 1480; x_wconf 82' lang='lat' dir='ltr'>duxerint</span> <span class='ocrx_word' id='word_1_70' title='bbox 1058 1418 1300 1481; x_wconf 80' lang='lat' dir='ltr'>exsolvendum.</span> <span class='ocrx_word' id='word_1_71' title='bbox 1323 1418 1423 1481; x_wconf 90' lang='lat' dir='ltr'>Iidem</span> <span class='ocrx_word' id='word_1_72' title='bbox 1440 1424 1546 1482; x_wconf 84' lang='lat' dir='ltr'>tamen</span> <span class='ocrx_word' id='word_1_73' title='bbox 1570 1464 1577 1481; x_wconf 91' lang='lat'><strong>.</strong></span> <span class='ocrx_word' id='word_1_74' title='bbox 1603 1464 1611 1481; x_wconf 87' lang='lat'><strong>.</strong></span> <span class='ocrx_word' id='word_1_75' title='bbox 1634 1420 1717 1503; x_wconf 89' lang='lat' dir='ltr'>epis·</span> 
     </span>
     <span class='ocr_line' id='line_1_9' title="bbox 318 1519 1718 1606; baseline 0.006 -27"><span class='ocrx_word' id='word_1_76' title='bbox 318 1536 417 1600; x_wconf 86' lang='lat' dir='ltr'>copus</span> <span class='ocrx_word' id='word_1_77' title='bbox 441 1525 473 1581; x_wconf 92' lang='lat' dir='ltr'>et</span> <span class='ocrx_word' id='word_1_78' title='bbox 494 1519 736 1584; x_wconf 86' lang='lat' dir='ltr'>archidiaconus</span> <span class='ocrx_word' id='word_1_79' title='bbox 760 1521 939 1584; x_wconf 89' lang='lat' dir='ltr'>huiusmodi</span> <span class='ocrx_word' id='word_1_80' title='bbox 964 1542 1062 1583; x_wconf 89' lang='lat' dir='ltr'>censu</span> <span class='ocrx_word' id='word_1_81' title='bbox 1086 1522 1179 1585; x_wconf 87' lang='lat' dir='ltr'>solito</span> <span class='ocrx_word' id='word_1_82' title='bbox 1204 1542 1266 1584; x_wconf 88' lang='lat' dir='ltr'>non</span> <span class='ocrx_word' id='word_1_83' title='bbox 1291 1522 1432 1584; x_wconf 89' lang='lat' dir='ltr'>contenti</span> <span class='ocrx_word' id='word_1_84' title='bbox 1458 1541 1591 1585; x_wconf 87' lang='lat' dir='ltr'>censum</span> <span class='ocrx_word' id='word_1_85' title='bbox 1614 1524 1718 1606; x_wconf 88' lang='lat' dir='ltr'>ipsum</span> 
     </span>
     <span class='ocr_line' id='line_1_10' title="bbox 318 1620 1718 1707; baseline 0.006 -26"><span class='ocrx_word' id='word_1_86' title='bbox 318 1628 429 1683; x_wconf 87' lang='lat' dir='ltr'>contra</span> <span class='ocrx_word' id='word_1_87' title='bbox 444 1620 666 1686; x_wconf 63' lang='lat' dir='ltr'>lateranensis</span> <span class='ocrx_word' id='word_1_88' title='bbox 688 1630 808 1687; x_wconf 87' lang='lat' dir='ltr'>statuta</span> <span class='ocrx_word' id='word_1_89' title='bbox 822 1625 945 1687; x_wconf 74' lang='lat' dir='ltr'>‹arncilii</span> <span class='ocrx_word' id='word_1_90' title='bbox 964 1644 1020 1707; x_wconf 90' lang='lat' dir='ltr'>pro</span> <span class='ocrx_word' id='word_1_91' title='bbox 1038 1645 1147 1688; x_wconf 91' lang='lat' dir='ltr'>eorum</span> <span class='ocrx_word' id='word_1_92' title='bbox 1165 1625 1339 1688; x_wconf 82' lang='lat' dir='ltr'>veluntatis</span> <span class='ocrx_word' id='word_1_93' title='bbox 1355 1624 1444 1687; x_wconf 88' lang='lat' dir='ltr'>libito</span> <span class='ocrx_word' id='word_1_94' title='bbox 1461 1632 1718 1707; x_wconf 78' lang='lat' dir='ltr'>augmentarent,</span> 
     </span>
     <span class='ocr_line' id='line_1_11' title="bbox 321 1727 1720 1809; baseline 0.005 -22"><span class='ocrx_word' id='word_1_95' title='bbox 321 1743 515 1807; x_wconf 84' lang='lat' dir='ltr'>quamquam</span> <span class='ocrx_word' id='word_1_96' title='bbox 539 1727 638 1809; x_wconf 88' lang='lat' dir='ltr'>ipsius</span> <span class='ocrx_word' id='word_1_97' title='bbox 661 1729 812 1792; x_wconf 84' lang='lat' dir='ltr'>ecclesiae</span> <span class='ocrx_word' id='word_1_98' title='bbox 836 1729 866 1789; x_wconf 89' lang='lat' dir='ltr'>iu</span> <span class='ocrx_word' id='word_1_99' title='bbox 886 1728 992 1791; x_wconf 77' lang='lat' dir='ltr'>Naulaz</span> <span class='ocrx_word' id='word_1_100' title='bbox 1016 1736 1047 1791; x_wconf 85' lang='lat' dir='ltr'>et</span> <span class='ocrx_word' id='word_1_101' title='bbox 1070 1729 1203 1792; x_wconf 88' lang='lat' dir='ltr'>aliarum</span> <span class='ocrx_word' id='word_1_102' title='bbox 1228 1730 1405 1791; x_wconf 89' lang='lat' dir='ltr'>intantum</span> <span class='ocrx_word' id='word_1_103' title='bbox 1430 1748 1494 1791; x_wconf 90' lang='lat' dir='ltr'>non</span> <span class='ocrx_word' id='word_1_104' title='bbox 1518 1732 1720 1794; x_wconf 83' lang='lat' dir='ltr'>excreverint</span> 
     </span>
     <span class='ocr_line' id='line_1_12' title="bbox 318 1828 1718 1913; baseline 0.005 -23"><span class='ocrx_word' id='word_1_105' title='bbox 318 1828 491 1897; x_wconf 80' lang='lat' dir='ltr'>facultates.</span> <span class='ocrx_word' id='word_1_106' title='bbox 514 1837 546 1893; x_wconf 89' lang='lat' dir='ltr'>et</span> <span class='ocrx_word' id='word_1_107' title='bbox 563 1831 767 1895; x_wconf 84' lang='lat' dir='ltr'>nihilominus</span> <span class='ocrx_word' id='word_1_108' title='bbox 784 1834 937 1913; x_wconf 87' lang='lat' dir='ltr'>quasdam</span> <span class='ocrx_word' id='word_1_109' title='bbox 954 1834 1091 1896; x_wconf 86' lang='lat' dir='ltr'>decimas</span> <span class='ocrx_word' id='word_1_110' title='bbox 1107 1833 1144 1895; x_wconf 88' lang='lat' dir='ltr'>ad</span> <span class='ocrx_word' id='word_1_111' title='bbox 1162 1834 1277 1896; x_wconf 86' lang='lat' dir='ltr'>dictam</span> <span class='ocrx_word' id='word_1_112' title='bbox 1294 1833 1458 1896; x_wconf 85' lang='lat' dir='ltr'>ecclesiam</span> <span class='ocrx_word' id='word_1_113' title='bbox 1474 1836 1575 1897; x_wconf 81' lang='lat' dir='ltr'>sancti</span> <span class='ocrx_word' id='word_1_114' title='bbox 1591 1834 1718 1899; x_wconf 85' lang='lat' dir='ltr'>Martini</span> 
     </span>
     <span class='ocr_line' id='line_1_13' title="bbox 320 1933 1719 2020; baseline 0.006 -26"><span class='ocrx_word' id='word_1_115' title='bbox 320 1935 350 1994; x_wconf 91' lang='lat' dir='ltr'>in</span> <span class='ocrx_word' id='word_1_116' title='bbox 374 1933 482 1997; x_wconf 79' lang='lat' dir='ltr'>Nadaz</span> <span class='ocrx_word' id='word_1_117' title='bbox 505 1941 537 1998; x_wconf 86' lang='lat' dir='ltr'>et</span> <span class='ocrx_word' id='word_1_118' title='bbox 559 1937 598 1998; x_wconf 93' lang='lat' dir='ltr'>ad</span> <span class='ocrx_word' id='word_1_119' title='bbox 622 1936 699 1999; x_wconf 88' lang='lat' dir='ltr'>alias</span> <span class='ocrx_word' id='word_1_120' title='bbox 722 1937 870 2000; x_wconf 81' lang='lat' dir='ltr'>ecclesias</span> <span class='ocrx_word' id='word_1_121' title='bbox 894 1937 1036 2000; x_wconf 88' lang='lat' dir='ltr'>eiusdem</span> <span class='ocrx_word' id='word_1_122' title='bbox 1067 1938 1239 2001; x_wconf 84' lang='lat' dir='ltr'>decanatus</span> <span class='ocrx_word' id='word_1_123' title='bbox 1269 1938 1464 2020; x_wconf 80' lang='lat' dir='ltr'>pertinentes</span> <span class='ocrx_word' id='word_1_124' title='bbox 1489 1938 1644 2001; x_wconf 83' lang='lat' dir='ltr'>violenter</span> <span class='ocrx_word' id='word_1_125' title='bbox 1667 1958 1719 2002; x_wconf 89' lang='lat' dir='ltr'>oc-</span> 
     </span>
     <span class='ocr_line' id='line_1_14' title="bbox 319 2039 1718 2126; baseline 0.004 -27"><span class='ocrx_word' id='word_1_126' title='bbox 319 2039 445 2102; x_wconf 88' lang='lat' dir='ltr'>casione</span> <span class='ocrx_word' id='word_1_127' title='bbox 476 2039 659 2103; x_wconf 91' lang='lat' dir='ltr'>huiusmodi</span> <span class='ocrx_word' id='word_1_128' title='bbox 689 2050 799 2104; x_wconf 81' lang='lat' dir='ltr'>contra</span> <span class='ocrx_word' id='word_1_129' title='bbox 832 2041 981 2105; x_wconf 88' lang='lat' dir='ltr'>iustitiam</span> <span class='ocrx_word' id='word_1_130' title='bbox 1007 2048 1205 2126; x_wconf 87' lang='lat' dir='ltr'>occuparunt</span> <span class='ocrx_word' id='word_1_131' title='bbox 1227 2050 1267 2109; x_wconf 81' lang='lat' dir='ltr'>et,</span> <span class='ocrx_word' id='word_1_132' title='bbox 1298 2048 1334 2104; x_wconf 90' lang='lat' dir='ltr'>ut</span> <span class='ocrx_word' id='word_1_133' title='bbox 1357 2041 1477 2117; x_wconf 88' lang='lat' dir='ltr'>dictum</span> <span class='ocrx_word' id='word_1_134' title='bbox 1507 2049 1662 2106; x_wconf 89' lang='lat' dir='ltr'>rectorem</span> <span class='ocrx_word' id='word_1_135' title='bbox 1686 2048 1718 2106; x_wconf 86' lang='lat' dir='ltr'>et</span> 
     </span>
     <span class='ocr_line' id='line_1_15' title="bbox 319 2144 1720 2228; baseline 0.004 -25"><span class='ocrx_word' id='word_1_136' title='bbox 319 2161 395 2204; x_wconf 88' lang='lat' dir='ltr'>suos</span> <span class='ocrx_word' id='word_1_137' title='bbox 425 2144 589 2206; x_wconf 87' lang='lat' dir='ltr'>consocios</span> <span class='ocrx_word' id='word_1_138' title='bbox 619 2147 719 2208; x_wconf 87' lang='lat' dir='ltr'>artius</span> <span class='ocrx_word' id='word_1_139' title='bbox 750 2147 873 2228; x_wconf 88' lang='lat' dir='ltr'>possint</span> <span class='ocrx_word' id='word_1_140' title='bbox 903 2145 1105 2228; x_wconf 78' lang='lat' dir='ltr'>compellere,</span> <span class='ocrx_word' id='word_1_141' title='bbox 1140 2152 1251 2208; x_wconf 83' lang='lat' dir='ltr'>contra</span> <span class='ocrx_word' id='word_1_142' title='bbox 1284 2146 1370 2228; x_wconf 90' lang='lat' dir='ltr'>ipsos</span> <span class='ocrx_word' id='word_1_143' title='bbox 1399 2145 1517 2208; x_wconf 86' lang='lat' dir='ltr'>brachii</span> <span class='ocrx_word' id='word_1_144' title='bbox 1549 2145 1720 2210; x_wconf 81' lang='lat' dir='ltr'>succidaris</span> 
     </span>
    </p>

    <p class='ocr_par' dir='ltr' id='par_1_4' title="bbox 270 2248 1720 2748">
     <span class='ocr_line' id='line_1_16' title="bbox 270 2248 1720 2332; baseline 0.003 -23"><span class='ocrx_word' id='word_1_145' title='bbox 270 2256 281 2265; x_wconf 86' lang='lat'>&#39;</span> <span class='ocrx_word' id='word_1_146' title='bbox 321 2248 478 2310; x_wconf 85' lang='lat' dir='ltr'>auxilinm</span> <span class='ocrx_word' id='word_1_147' title='bbox 509 2249 700 2311; x_wconf 82' lang='lat' dir='ltr'>invocarunt</span> <span class='ocrx_word' id='word_1_148' title='bbox 731 2251 761 2311; x_wconf 90' lang='lat' dir='ltr'>iu</span> <span class='ocrx_word' id='word_1_149' title='bbox 793 2250 933 2312; x_wconf 87' lang='lat' dir='ltr'>eiusdem</span> <span class='ocrx_word' id='word_1_150' title='bbox 963 2251 1094 2312; x_wconf 83' lang='lat' dir='ltr'>rectoris</span> <span class='ocrx_word' id='word_1_151' title='bbox 1123 2256 1155 2311; x_wconf 84' lang='lat' dir='ltr'>et</span> <span class='ocrx_word' id='word_1_152' title='bbox 1183 2250 1405 2312; x_wconf 85' lang='lat' dir='ltr'>consociorum</span> <span class='ocrx_word' id='word_1_153' title='bbox 1432 2268 1564 2312; x_wconf 90' lang='lat' dir='ltr'>suerum</span> <span class='ocrx_word' id='word_1_154' title='bbox 1594 2250 1720 2332; x_wconf 87' lang='lat' dir='ltr'>praeiu-</span> 
     </span>
     <span class='ocr_line' id='line_1_17' title="bbox 320 2352 1720 2436; baseline 0.001 -22"><span class='ocrx_word' id='word_1_155' title='bbox 320 2352 437 2415; x_wconf 86' lang='lat' dir='ltr'>dicium</span> <span class='ocrx_word' id='word_1_156' title='bbox 460 2371 524 2415; x_wconf 90' lang='lat' dir='ltr'>non</span> <span class='ocrx_word' id='word_1_157' title='bbox 548 2354 707 2416; x_wconf 83' lang='lat' dir='ltr'>modicum</span> <span class='ocrx_word' id='word_1_158' title='bbox 732 2366 763 2417; x_wconf 86' lang='lat' dir='ltr'>et</span> <span class='ocrx_word' id='word_1_159' title='bbox 782 2372 963 2436; x_wconf 77' lang='lat' dir='ltr'>gravamen,</span> <span class='ocrx_word' id='word_1_160' title='bbox 988 2353 1219 2436; x_wconf 89' lang='lat' dir='ltr'>propterquod</span> <span class='ocrx_word' id='word_1_161' title='bbox 1242 2353 1300 2436; x_wconf 90' lang='lat' dir='ltr'>ipsi</span> <span class='ocrx_word' id='word_1_162' title='bbox 1324 2353 1364 2415; x_wconf 91' lang='lat' dir='ltr'>ad</span> <span class='ocrx_word' id='word_1_163' title='bbox 1387 2353 1493 2415; x_wconf 87' lang='lat' dir='ltr'>sedem</span> <span class='ocrx_word' id='word_1_164' title='bbox 1515 2353 1720 2435; x_wconf 86' lang='lat' dir='ltr'>apostolicam</span> 
     </span>
     <span class='ocr_line' id='line_1_18' title="bbox 319 2455 1718 2540; baseline 0 -21"><span class='ocrx_word' id='word_1_165' title='bbox 319 2455 568 2540; x_wconf 83' lang='lat' dir='ltr'>appellaverunt.</span> <span class='ocrx_word' id='word_1_166' title='bbox 592 2455 672 2519; x_wconf 84' lang='lat' dir='ltr'>Cum</span> <span class='ocrx_word' id='word_1_167' title='bbox 693 2468 798 2520; x_wconf 87' lang='lat' dir='ltr'>autem</span> <span class='ocrx_word' id='word_1_168' title='bbox 815 2457 888 2520; x_wconf 84' lang='lat' dir='ltr'>dicti</span> <span class='ocrx_word' id='word_1_169' title='bbox 916 2465 1053 2521; x_wconf 85' lang='lat' dir='ltr'>rectores</span> <span class='ocrx_word' id='word_1_170' title='bbox 1076 2459 1159 2519; x_wconf 82' lang='lat' dir='ltr'>sicut</span> <span class='ocrx_word' id='word_1_171' title='bbox 1178 2462 1325 2520; x_wconf 90' lang='lat' dir='ltr'>asserunt</span> <span class='ocrx_word' id='word_1_172' title='bbox 1339 2457 1490 2540; x_wconf 88' lang='lat' dir='ltr'>praedicti</span> <span class='ocrx_word' id='word_1_173' title='bbox 1507 2457 1718 2521; x_wconf 86' lang='lat' dir='ltr'>archidiaconi</span> 
     </span>
     <span class='ocr_line' id='line_1_19' title="bbox 320 2561 1719 2644; baseline 0.001 -21"><span class='ocrx_word' id='word_1_174' title='bbox 320 2561 493 2644; x_wconf 86' lang='lat' dir='ltr'>potentiam</span> <span class='ocrx_word' id='word_1_175' title='bbox 516 2563 627 2625; x_wconf 88' lang='lat' dir='ltr'>merito</span> <span class='ocrx_word' id='word_1_176' title='bbox 652 2562 927 2644; x_wconf 85' lang='lat' dir='ltr'>perhorrescentes</span> <span class='ocrx_word' id='word_1_177' title='bbox 950 2582 1022 2625; x_wconf 87' lang='lat' dir='ltr'>cum</span> <span class='ocrx_word' id='word_1_178' title='bbox 1047 2564 1129 2625; x_wconf 81' lang='lat' dir='ltr'>intra</span> <span class='ocrx_word' id='word_1_179' title='bbox 1144 2562 1304 2625; x_wconf 84' lang='lat' dir='ltr'>civitatem</span> <span class='ocrx_word' id='word_1_180' title='bbox 1328 2566 1360 2623; x_wconf 93' lang='lat' dir='ltr'>et</span> <span class='ocrx_word' id='word_1_181' title='bbox 1380 2561 1528 2623; x_wconf 85' lang='lat' dir='ltr'>diocesim</span> <span class='ocrx_word' id='word_1_182' title='bbox 1546 2561 1719 2626; x_wconf 83' lang='lat' dir='ltr'>Albensem</span> 
     </span>
     <span class='ocr_line' id='line_1_20' title="bbox 319 2664 1717 2748; baseline 0.002 -22"><span class='ocrx_word' id='word_1_183' title='bbox 319 2671 480 2746; x_wconf 87' lang='lat' dir='ltr'>nequeant</span> <span class='ocrx_word' id='word_1_184' title='bbox 503 2666 674 2728; x_wconf 85' lang='lat' dir='ltr'>convenire</span> <span class='ocrx_word' id='word_1_185' title='bbox 690 2686 810 2735; x_wconf 75' lang='lat' dir='ltr'>secure.</span> <span class='ocrx_word' id='word_1_186' title='bbox 834 2666 1023 2728; x_wconf 80' lang='lat' dir='ltr'>fraternitati</span> <span class='ocrx_word' id='word_1_187' title='bbox 1039 2672 1112 2727; x_wconf 88' lang='lat' dir='ltr'>tuae</span> <span class='ocrx_word' id='word_1_188' title='bbox 1128 2684 1185 2747; x_wconf 89' lang='lat' dir='ltr'>per</span> <span class='ocrx_word' id='word_1_189' title='bbox 1199 2664 1373 2748; x_wconf 77' lang='lat' dir='ltr'>apostolica</span> <span class='ocrx_word' id='word_1_190' title='bbox 1388 2665 1504 2748; x_wconf 84' lang='lat' dir='ltr'>scripta</span> <span class='ocrx_word' id='word_1_191' title='bbox 1520 2666 1717 2747; x_wconf 85' lang='lat' dir='ltr'>mandamns,</span> 
     </span>
    </p>

    <p class='ocr_par' dir='ltr' id='par_1_5' title="bbox 250 2767 1720 3268">
     <span class='ocr_line' id='line_1_21' title="bbox 250 2767 1719 2853; baseline 0.005 -29"><span class='ocrx_word' id='word_1_192' title='bbox 250 2778 265 2824; x_wconf 67' lang='grc' dir='ltr'>ι</span> <span class='ocrx_word' id='word_1_193' title='bbox 319 2774 479 2849; x_wconf 89' lang='lat' dir='ltr'>quatenus</span> <span class='ocrx_word' id='word_1_194' title='bbox 501 2769 621 2832; x_wconf 82' lang='lat' dir='ltr'>vocatis</span> <span class='ocrx_word' id='word_1_195' title='bbox 644 2771 698 2850; x_wconf 90' lang='lat' dir='ltr'>qui</span> <span class='ocrx_word' id='word_1_196' title='bbox 723 2769 842 2832; x_wconf 84' lang='lat' dir='ltr'>fuerint</span> <span class='ocrx_word' id='word_1_197' title='bbox 865 2768 1019 2831; x_wconf 82' lang='lat' dir='ltr'>evocandi</span> <span class='ocrx_word' id='word_1_198' title='bbox 1042 2775 1074 2831; x_wconf 90' lang='lat' dir='ltr'>et</span> <span class='ocrx_word' id='word_1_199' title='bbox 1097 2768 1213 2831; x_wconf 88' lang='lat' dir='ltr'>auditis</span> <span class='ocrx_word' id='word_1_200' title='bbox 1236 2767 1309 2830; x_wconf 86' lang='lat' dir='ltr'>hinc</span> <span class='ocrx_word' id='word_1_201' title='bbox 1332 2767 1406 2831; x_wconf 89' lang='lat' dir='ltr'>inde</span> <span class='ocrx_word' id='word_1_202' title='bbox 1428 2770 1599 2852; x_wconf 88' lang='lat' dir='ltr'>propositis</span> <span class='ocrx_word' id='word_1_203' title='bbox 1622 2788 1719 2853; x_wconf 91' lang='lat' dir='ltr'>super</span> 
     </span>
     <span class='ocr_line' id='line_1_22' title="bbox 319 2870 1719 2955; baseline 0.002 -21"><span class='ocrx_word' id='word_1_204' title='bbox 319 2872 487 2955; x_wconf 82' lang='lat' dir='ltr'>praedictis</span> <span class='ocrx_word' id='word_1_205' title='bbox 509 2879 541 2935; x_wconf 90' lang='lat' dir='ltr'>et</span> <span class='ocrx_word' id='word_1_206' title='bbox 563 2872 632 2933; x_wconf 90' lang='lat' dir='ltr'>aliis</span> <span class='ocrx_word' id='word_1_207' title='bbox 655 2872 780 2935; x_wconf 88' lang='lat' dir='ltr'>iniuriis</span> <span class='ocrx_word' id='word_1_208' title='bbox 804 2874 890 2954; x_wconf 90' lang='lat' dir='ltr'>quod</span> <span class='ocrx_word' id='word_1_209' title='bbox 922 2873 1043 2936; x_wconf 88' lang='lat' dir='ltr'>iustum</span> <span class='ocrx_word' id='word_1_210' title='bbox 1065 2872 1162 2935; x_wconf 76' lang='lat' dir='ltr'>tarent</span> <span class='ocrx_word' id='word_1_211' title='bbox 1185 2870 1395 2954; x_wconf 87' lang='lat' dir='ltr'>appellatione</span> <span class='ocrx_word' id='word_1_212' title='bbox 1422 2878 1544 2935; x_wconf 85' lang='lat' dir='ltr'>remota</span> <span class='ocrx_word' id='word_1_213' title='bbox 1566 2872 1719 2937; x_wconf 84' lang='lat' dir='ltr'>decernas</span> 
     </span>
     <span class='ocr_line' id='line_1_23' title="bbox 319 2974 1719 3057; baseline 0.001 -19"><span class='ocrx_word' id='word_1_214' title='bbox 319 2976 446 3043; x_wconf 79' lang='lat' dir='ltr'>faciens.</span> <span class='ocrx_word' id='word_1_215' title='bbox 470 2977 555 3057; x_wconf 89' lang='lat' dir='ltr'>quod</span> <span class='ocrx_word' id='word_1_216' title='bbox 580 2976 759 3040; x_wconf 80' lang='lat' dir='ltr'>decreveris</span> <span class='ocrx_word' id='word_1_217' title='bbox 782 2978 969 3040; x_wconf 86' lang='lat' dir='ltr'>anctoritate</span> <span class='ocrx_word' id='word_1_218' title='bbox 994 2982 1102 3039; x_wconf 90' lang='lat' dir='ltr'>nostra</span> <span class='ocrx_word' id='word_1_219' title='bbox 1126 2994 1375 3057; x_wconf 86' lang='lat' dir='ltr'>percensuram</span> <span class='ocrx_word' id='word_1_220' title='bbox 1398 2974 1641 3039; x_wconf 87' lang='lat' dir='ltr'>ecelesiasticam</span> <span class='ocrx_word' id='word_1_221' title='bbox 1665 2975 1719 3039; x_wconf 80' lang='lat' dir='ltr'>fir-</span> 
     </span>
     <span class='ocr_line' id='line_1_24' title="bbox 319 3078 1719 3162; baseline 0.001 -20"><span class='ocrx_word' id='word_1_222' title='bbox 319 3081 412 3142; x_wconf 89' lang='lat' dir='ltr'>miter</span> <span class='ocrx_word' id='word_1_223' title='bbox 435 3080 605 3143; x_wconf 89' lang='lat' dir='ltr'>observari.</span> <span class='ocrx_word' id='word_1_224' title='bbox 642 3079 750 3143; x_wconf 89' lang='lat' dir='ltr'>Testes</span> <span class='ocrx_word' id='word_1_225' title='bbox 773 3089 880 3143; x_wconf 85' lang='lat' dir='ltr'>autem</span> <span class='ocrx_word' id='word_1_226' title='bbox 904 3081 957 3162; x_wconf 91' lang='lat' dir='ltr'>qui</span> <span class='ocrx_word' id='word_1_227' title='bbox 991 3081 1110 3143; x_wconf 81' lang='lat' dir='ltr'>fuerint</span> <span class='ocrx_word' id='word_1_228' title='bbox 1133 3078 1297 3159; x_wconf 74' lang='lat' dir='ltr'>nominati,</span> <span class='ocrx_word' id='word_1_229' title='bbox 1328 3080 1354 3142; x_wconf 90' lang='lat' dir='ltr'>si</span> <span class='ocrx_word' id='word_1_230' title='bbox 1378 3099 1413 3143; x_wconf 90' lang='lat' dir='ltr'>se</span> <span class='ocrx_word' id='word_1_231' title='bbox 1435 3079 1544 3162; x_wconf 69' lang='lat' dir='ltr'>gratia</span> <span class='ocrx_word' id='word_1_232' title='bbox 1572 3079 1644 3143; x_wconf 90' lang='lat' dir='ltr'>edio</span> <span class='ocrx_word' id='word_1_233' title='bbox 1668 3080 1719 3144; x_wconf 87' lang='lat' dir='ltr'>vel</span> 
     </span>
     <span class='ocr_line' id='line_1_25' title="bbox 320 3183 1720 3268; baseline 0.001 -21"><span class='ocrx_word' id='word_1_234' title='bbox 320 3185 432 3247; x_wconf 90' lang='lat' dir='ltr'>timore</span> <span class='ocrx_word' id='word_1_235' title='bbox 455 3183 681 3251; x_wconf 79' lang='lat' dir='ltr'>subtraxerint.</span> <span class='ocrx_word' id='word_1_236' title='bbox 713 3204 958 3267; x_wconf 73' lang='lat' dir='ltr'>personnarum</span> <span class='ocrx_word' id='word_1_237' title='bbox 983 3184 1116 3248; x_wconf 87' lang='lat' dir='ltr'>similem</span> <span class='ocrx_word' id='word_1_238' title='bbox 1140 3183 1350 3267; x_wconf 89' lang='lat' dir='ltr'>appellatione</span> <span class='ocrx_word' id='word_1_239' title='bbox 1373 3190 1517 3247; x_wconf 89' lang='lat' dir='ltr'>cessante</span> <span class='ocrx_word' id='word_1_240' title='bbox 1539 3184 1720 3268; x_wconf 79' lang='lat' dir='ltr'>compellas,</span> 
     </span>
    </p>

    <p class='ocr_par' dir='ltr' id='par_1_6' title="bbox 250 3286 1720 3455">
     <span class='ocr_line' id='line_1_26' title="bbox 250 3286 1720 3372; baseline 0.004 -26"><span class='ocrx_word' id='word_1_241' title='bbox 250 3295 284 3347; x_wconf 80' lang='lat'>25</span> <span class='ocrx_word' id='word_1_242' title='bbox 321 3288 446 3352; x_wconf 85' lang='lat' dir='ltr'>veritati</span> <span class='ocrx_word' id='word_1_243' title='bbox 469 3288 686 3352; x_wconf 85' lang='lat' dir='ltr'>testimonium</span> <span class='ocrx_word' id='word_1_244' title='bbox 709 3289 882 3371; x_wconf 87' lang='lat' dir='ltr'>perhibere.</span> <span class='ocrx_word' id='word_1_245' title='bbox 913 3287 1031 3351; x_wconf 89' lang='lat' dir='ltr'>Datum</span> <span class='ocrx_word' id='word_1_246' title='bbox 1048 3289 1218 3369; x_wconf 80' lang='lat' dir='ltr'>Au&#39;mione,</span> <span class='ocrx_word' id='word_1_247' title='bbox 1240 3286 1292 3351; x_wconf 70' lang='lat' dir='ltr'>Vi⁰</span> <span class='ocrx_word' id='word_1_248' title='bbox 1312 3286 1473 3353; x_wconf 85' lang='lat' dir='ltr'>Kalendas</span> <span class='ocrx_word' id='word_1_249' title='bbox 1488 3288 1617 3372; x_wconf 72' lang='lat' dir='ltr'>Aprilis</span> <span class='ocrx_word' id='word_1_250' title='bbox 1640 3308 1720 3372; x_wconf 91' lang='lat' dir='ltr'>pon·</span> 
     </span>
     <span class='ocr_line' id='line_1_27' title="bbox 320 3370 780 3455; baseline 0 -2"><span class='ocrx_word' id='word_1_251' title='bbox 320 3390 456 3455; x_wconf 89' lang='lat' dir='ltr'>tificatus</span> <span class='ocrx_word' id='word_1_252' title='bbox 478 3392 577 3455; x_wconf 89' lang='lat' dir='ltr'>nostri</span> <span class='ocrx_word' id='word_1_253' title='bbox 601 3411 685 3454; x_wconf 91' lang='lat' dir='ltr'>anno</span> <span class='ocrx_word' id='word_1_254' title='bbox 708 3370 780 3455; x_wconf 76' lang='grc' dir='ltr'>ΠΪΙ.</span> 
     </span>
    </p>
   </div>
   <div class='ocr_carea' id='block_1_3' title="bbox 976 3701 1066 3783">
    <p class='ocr_par' dir='ltr' id='par_1_7' title="bbox 976 3701 1066 3783">
     <span class='ocr_line' id='line_1_28' title="bbox 976 3701 1066 3783; baseline 0.011 -1"><span class='ocrx_word' id='word_1_255' title='bbox 976 3701 1066 3783; x_wconf 79' lang='grc'><strong>316.</strong></span> 
     </span>
    </p>
   </div>
   <div class='ocr_carea' id='block_1_4' title="bbox 249 3881 1727 4583">
    <p class='ocr_par' dir='ltr' id='par_1_8' title="bbox 397 3881 1721 3973">
     <span class='ocr_line' id='line_1_29' title="bbox 397 3881 1721 3973; baseline 0 -20"><span class='ocrx_word' id='word_1_256' title='bbox 397 3886 502 3954; x_wconf 85' lang='grc'><em>1309</em></span> <span class='ocrx_word' id='word_1_257' title='bbox 526 3884 606 3954; x_wconf 75' lang='lat' dir='ltr'>Jaii</span> <span class='ocrx_word' id='word_1_258' title='bbox 637 3887 700 3954; x_wconf 77' lang='lat'>24.</span> <span class='ocrx_word' id='word_1_259' title='bbox 746 3882 823 3954; x_wconf 85' lang='lat' dir='ltr'>Das</span> <span class='ocrx_word' id='word_1_260' title='bbox 858 3881 1139 3973; x_wconf 67' lang='lat' dir='ltr'>Weissenoarqer</span> <span class='ocrx_word' id='word_1_261' title='bbox 1174 3883 1319 3973; x_wconf 76' lang='lat' dir='ltr'>Kopitel</span> <span class='ocrx_word' id='word_1_262' title='bbox 1352 3881 1620 3972; x_wconf 75' lang='lat' dir='ltr'>benockriclitipt</span> <span class='ocrx_word' id='word_1_263' title='bbox 1654 3882 1721 3953; x_wconf 80' lang='lat' dir='ltr'>dea</span> 
     </span>
    </p>

    <p class='ocr_par' dir='ltr' id='par_1_9' title="bbox 320 4000 1720 4095">
     <span class='ocr_line' id='line_1_30' title="bbox 320 4000 1720 4095; baseline 0 -20"><span class='ocrx_word' id='word_1_264' title='bbox 320 4004 631 4095; x_wconf 73' lang='lat' dir='ltr'>Kardiaollepatea</span> <span class='ocrx_word' id='word_1_265' title='bbox 663 4005 819 4090; x_wconf 62' lang='lat' dir='ltr'>(lentitia,</span> <span class='ocrx_word' id='word_1_266' title='bbox 857 4004 999 4075; x_wconf 81' lang='lat' dir='ltr'>dossas</span> <span class='ocrx_word' id='word_1_267' title='bbox 1025 4001 1247 4074; x_wconf 83' lang='lat' dir='ltr'>Benedictum</span> <span class='ocrx_word' id='word_1_268' title='bbox 1280 4002 1411 4075; x_wconf 84' lang='lat' dir='ltr'>ordinis</span> <span class='ocrx_word' id='word_1_269' title='bbox 1438 4001 1585 4074; x_wconf 81' lang='lat' dir='ltr'>fratrum</span> <span class='ocrx_word' id='word_1_270' title='bbox 1612 4000 1720 4075; x_wconf 86' lang='lat' dir='ltr'>Prae·</span> 
     </span>
    </p>

    <p class='ocr_par' dir='ltr' id='par_1_10' title="bbox 249 4121 1727 4220">
     <span class='ocr_line' id='line_1_31' title="bbox 249 4121 1727 4220; baseline -0.001 -23"><span class='ocrx_word' id='word_1_271' title='bbox 249 4144 284 4197; x_wconf 78' lang='lat' dir='ltr'>se</span> <span class='ocrx_word' id='word_1_272' title='bbox 321 4124 509 4196; x_wconf 85' lang='lat' dir='ltr'>dicatorum</span> <span class='ocrx_word' id='word_1_273' title='bbox 546 4125 691 4220; x_wconf 87' lang='lat' dir='ltr'>priorem</span> <span class='ocrx_word' id='word_1_274' title='bbox 725 4125 765 4196; x_wconf 88' lang='lat' dir='ltr'>de</span> <span class='ocrx_word' id='word_1_275' title='bbox 791 4124 912 4195; x_wconf 87' lang='lat' dir='ltr'>insula</span> <span class='ocrx_word' id='word_1_276' title='bbox 938 4122 1094 4194; x_wconf 88' lang='lat' dir='ltr'>Budensi</span> <span class='ocrx_word' id='word_1_277' title='bbox 1128 4147 1207 4194; x_wconf 74' lang='lat' dir='ltr'>rum</span> <span class='ocrx_word' id='word_1_278' title='bbox 1232 4123 1548 4213; x_wconf 73' lang='lat' dir='ltr'>sieheabrirqischen</span> <span class='ocrx_word' id='word_1_279' title='bbox 1573 4121 1727 4210; x_wconf 70' lang='lat' dir='ltr'>Bisaltas</span> 
     </span>
    </p>

    <p class='ocr_par' dir='ltr' id='par_1_11' title="bbox 316 4242 1717 4339">
     <span class='ocr_line' id='line_1_32' title="bbox 316 4242 1717 4339; baseline -0.002 -22"><span class='ocrx_word' id='word_1_280' title='bbox 316 4247 463 4335; x_wconf 68' lang='lat' dir='ltr'>paeana</span> <span class='ocrx_word' id='word_1_281' title='bbox 490 4248 583 4318; x_wconf 77' lang='lat' dir='ltr'>liobe.</span> <span class='ocrx_word' id='word_1_282' title='bbox 622 4245 969 4317; x_wconf 76' lang='lat' dir='ltr'>Mitantersoln&#39;oben</span> <span class='ocrx_word' id='word_1_283' title='bbox 994 4246 1061 4316; x_wconf 80' lang='lat' dir='ltr'>ist:</span> <span class='ocrx_word' id='word_1_284' title='bbox 1089 4243 1161 4339; x_wconf 83' lang='lat' dir='ltr'>Ego</span> <span class='ocrx_word' id='word_1_285' title='bbox 1187 4244 1366 4317; x_wconf 78' lang='lat' dir='ltr'>lohannes</span> <span class='ocrx_word' id='word_1_286' title='bbox 1393 4243 1563 4339; x_wconf 86' lang='lat' dir='ltr'>plebanus</span> <span class='ocrx_word' id='word_1_287' title='bbox 1590 4242 1630 4315; x_wconf 90' lang='lat' dir='ltr'>de</span> <span class='ocrx_word' id='word_1_288' title='bbox 1652 4242 1717 4314; x_wconf 87' lang='lat' dir='ltr'>Al·</span> 
     </span>
    </p>

    <p class='ocr_par' dir='ltr' id='par_1_12' title="bbox 320 4363 1719 4583">
     <span class='ocr_line' id='line_1_33' title="bbox 320 4363 1719 4461; baseline 0 -24"><span class='ocrx_word' id='word_1_289' title='bbox 320 4366 435 4461; x_wconf 90' lang='lat' dir='ltr'>poldia</span> <span class='ocrx_word' id='word_1_290' title='bbox 460 4366 623 4459; x_wconf 73' lang='lat' dir='ltr'>inferiori,</span> <span class='ocrx_word' id='word_1_291' title='bbox 659 4366 847 4439; x_wconf 90' lang='lat' dir='ltr'>canonicus</span> <span class='ocrx_word' id='word_1_292' title='bbox 877 4364 1042 4438; x_wconf 86' lang='lat' dir='ltr'>ecclesiae</span> <span class='ocrx_word' id='word_1_293' title='bbox 1067 4364 1324 4439; x_wconf 69' lang='lat' dir='ltr'>lransilvanaa</span> <span class='ocrx_word' id='word_1_294' title='bbox 1350 4364 1454 4457; x_wconf 77' lang='lat' dir='ltr'>volui,</span> <span class='ocrx_word' id='word_1_295' title='bbox 1490 4363 1651 4436; x_wconf 89' lang='lat' dir='ltr'>consensi</span> <span class='ocrx_word' id='word_1_296' title='bbox 1677 4385 1719 4437; x_wconf 86' lang='lat' dir='ltr'>ac</span> 
     </span>
     <span class='ocr_line' id='line_1_34' title="bbox 320 4485 1385 4583; baseline 0 -25"><span class='ocrx_word' id='word_1_297' title='bbox 320 4487 457 4582; x_wconf 91' lang='lat' dir='ltr'>propria</span> <span class='ocrx_word' id='word_1_298' title='bbox 485 4512 593 4561; x_wconf 91' lang='lat' dir='ltr'>mann</span> <span class='ocrx_word' id='word_1_299' title='bbox 621 4486 815 4583; x_wconf 87' lang='lat' dir='ltr'>subscripsi</span> <span class='ocrx_word' id='word_1_300' title='bbox 842 4493 875 4559; x_wconf 89' lang='lat' dir='ltr'>et</span> <span class='ocrx_word' id='word_1_301' title='bbox 902 4485 1060 4582; x_wconf 83' lang='lat' dir='ltr'>sigillum</span> <span class='ocrx_word' id='word_1_302' title='bbox 1088 4508 1202 4558; x_wconf 88' lang='lat' dir='ltr'>meum</span> <span class='ocrx_word' id='word_1_303' title='bbox 1230 4485 1385 4583; x_wconf 90' lang='lat' dir='ltr'>apposui.</span> 
     </span>
    </p>
   </div>
   <div class='ocr_carea' id='block_1_5' title="bbox 250 4622 1718 4841">
    <p class='ocr_par' dir='ltr' id='par_1_13' title="bbox 250 4622 1718 4841">
     <span class='ocr_line' id='line_1_35' title="bbox 396 4622 1718 4723; baseline -0.002 -26"><span class='ocrx_word' id='word_1_304' title='bbox 396 4625 526 4699; x_wconf 90' lang='lat' dir='ltr'>Datum</span> <span class='ocrx_word' id='word_1_305' title='bbox 562 4628 598 4699; x_wconf 89' lang='lat' dir='ltr'>in</span> <span class='ocrx_word' id='word_1_306' title='bbox 627 4627 751 4723; x_wconf 81' lang='lat' dir='ltr'>vigilia</span> <span class='ocrx_word' id='word_1_307' title='bbox 790 4627 878 4699; x_wconf 86' lang='lat' dir='ltr'>beati</span> <span class='ocrx_word' id='word_1_308' title='bbox 903 4626 925 4698; x_wconf 88' lang='lat' dir='ltr'>J</span> <span class='ocrx_word' id='word_1_309' title='bbox 929 4624 1023 4698; x_wconf 89' lang='lat' dir='ltr'>acobi</span> <span class='ocrx_word' id='word_1_310' title='bbox 1062 4625 1206 4720; x_wconf 89' lang='lat' dir='ltr'>apostoli</span> <span class='ocrx_word' id='word_1_311' title='bbox 1243 4625 1297 4697; x_wconf 90' lang='lat' dir='ltr'>die</span> <span class='ocrx_word' id='word_1_312' title='bbox 1323 4632 1356 4697; x_wconf 86' lang='lat' dir='ltr'>et</span> <span class='ocrx_word' id='word_1_313' title='bbox 1382 4647 1475 4697; x_wconf 89' lang='lat' dir='ltr'>anno</span> <span class='ocrx_word' id='word_1_314' title='bbox 1501 4622 1631 4696; x_wconf 89' lang='lat' dir='ltr'>domini</span> <span class='ocrx_word' id='word_1_315' title='bbox 1659 4646 1718 4696; x_wconf 90' lang='lat' dir='ltr'>sn·</span> 
     </span>
     <span class='ocr_line' id='line_1_36' title="bbox 250 4746 553 4841; baseline 0.007 -22"><span class='ocrx_word' id='word_1_316' title='bbox 250 4768 284 4819; x_wconf 81' lang='lat' dir='ltr'>ss</span> <span class='ocrx_word' id='word_1_317' title='bbox 320 4769 383 4841; x_wconf 89' lang='lat' dir='ltr'>pra</span> <span class='ocrx_word' id='word_1_318' title='bbox 409 4746 553 4836; x_wconf 81' lang='lat' dir='ltr'>dictis.³)</span> 
     </span>
    </p>
   </div>
   <div class='ocr_carea' id='block_1_6' title="bbox 249 4906 1720 5411">
    <p class='ocr_par' dir='ltr' id='par_1_14' title="bbox 249 4906 1720 5411">
     <span class='ocr_line' id='line_1_37' title="bbox 475 4906 1720 4981; baseline -0.005 -15"><span class='ocrx_word' id='word_1_319' title='bbox 475 4913 585 4966; x_wconf 79' lang='lat' dir='ltr'>Druck:</span> <span class='ocrx_word' id='word_1_320' title='bbox 610 4913 687 4965; x_wconf 85' lang='lat' dir='ltr'>Mon.</span> <span class='ocrx_word' id='word_1_321' title='bbox 713 4912 849 4965; x_wconf 79' lang='lat' dir='ltr'>Vaticano</span> <span class='ocrx_word' id='word_1_322' title='bbox 868 4912 963 4981; x_wconf 74' lang='lat' dir='ltr'>Hunp.</span> <span class='ocrx_word' id='word_1_323' title='bbox 984 4912 1073 4965; x_wconf 76' lang='lat' dir='ltr'>Series</span> <span class='ocrx_word' id='word_1_324' title='bbox 1091 4912 1117 4978; x_wconf 87' lang='grc' dir='ltr'>Ι,</span> <span class='ocrx_word' id='word_1_325' title='bbox 1141 4912 1213 4965; x_wconf 80' lang='lat' dir='ltr'>Tem.</span> <span class='ocrx_word' id='word_1_326' title='bbox 1232 4911 1276 4977; x_wconf 87' lang='grc' dir='ltr'>ΙΙ,</span> <span class='ocrx_word' id='word_1_327' title='bbox 1300 4914 1353 4965; x_wconf 82' lang='grc'>157</span> <span class='ocrx_word' id='word_1_328' title='bbox 1367 4909 1438 4963; x_wconf 68' lang='lat' dir='ltr'>nacla</span> <span class='ocrx_word' id='word_1_329' title='bbox 1457 4906 1532 4977; x_wconf 74' lang='lat' dir='ltr'>Papi</span> <span class='ocrx_word' id='word_1_330' title='bbox 1549 4906 1720 4977; x_wconf 67' lang='lat' dir='ltr'>deriptionem</span> 
     </span>
     <span class='ocr_line' id='line_1_38' title="bbox 429 4996 1420 5067; baseline -0.004 -13"><span class='ocrx_word' id='word_1_331' title='bbox 429 5002 487 5054; x_wconf 85' lang='lat' dir='ltr'>Vol.</span> <span class='ocrx_word' id='word_1_332' title='bbox 507 5002 532 5067; x_wconf 91' lang='lat'>1,</span> <span class='ocrx_word' id='word_1_333' title='bbox 555 5000 765 5054; x_wconf 81' lang='lat' dir='ltr'>Vatikuaisclrea</span> <span class='ocrx_word' id='word_1_334' title='bbox 785 4998 894 5053; x_wconf 73' lang='lat' dir='ltr'>Aratio.</span> <span class='ocrx_word' id='word_1_335' title='bbox 912 5026 946 5037; x_wconf 93' lang='lat'>-</span> <span class='ocrx_word' id='word_1_336' title='bbox 968 4998 1085 5052; x_wconf 72' lang='lat' dir='ltr'>Thelser</span> <span class='ocrx_word' id='word_1_337' title='bbox 1103 4997 1181 5051; x_wconf 84' lang='lat' dir='ltr'>Mon.</span> <span class='ocrx_word' id='word_1_338' title='bbox 1201 4996 1296 5067; x_wconf 76' lang='lat' dir='ltr'>Hunq.</span> <span class='ocrx_word' id='word_1_339' title='bbox 1316 4996 1342 5061; x_wconf 87' lang='lat' dir='ltr'>I,</span> <span class='ocrx_word' id='word_1_340' title='bbox 1360 4999 1420 5051; x_wconf 76' lang='lat'>426.</span> 
     </span>
     <span class='ocr_line' id='line_1_39' title="bbox 476 5173 667 5234; baseline -0.01 -7"><span class='ocrx_word' id='word_1_341' title='bbox 476 5179 496 5234; x_wconf 86' lang='lat'>¹)</span> <span class='ocrx_word' id='word_1_342' title='bbox 514 5173 667 5227; x_wconf 72' lang='lat' dir='ltr'>Enaerimta.</span> 
     </span>
     <span class='ocr_line' id='line_1_40' title="bbox 474 5257 1101 5327; baseline -0.005 -14"><span class='ocrx_word' id='word_1_343' title='bbox 474 5264 496 5325; x_wconf 85' lang='lat'>¹)</span> <span class='ocrx_word' id='word_1_344' title='bbox 515 5260 575 5313; x_wconf 78' lang='lat' dir='ltr'>Der</span> <span class='ocrx_word' id='word_1_345' title='bbox 592 5258 760 5325; x_wconf 73' lang='lat' dir='ltr'>Biechoser&#39;ta</span> <span class='ocrx_word' id='word_1_346' title='bbox 778 5275 837 5312; x_wconf 84' lang='lat' dir='ltr'>war</span> <span class='ocrx_word' id='word_1_347' title='bbox 854 5258 963 5312; x_wconf 76' lang='lat' dir='ltr'>dumata</span> <span class='ocrx_word' id='word_1_348' title='bbox 980 5257 1101 5327; x_wconf 76' lang='lat' dir='ltr'>erledipt.</span> 
     </span>
     <span class='ocr_line' id='line_1_41' title="bbox 249 5345 920 5411; baseline -0.004 -11"><span class='ocrx_word' id='word_1_349' title='bbox 249 5348 284 5400; x_wconf 78' lang='lat'>40</span> <span class='ocrx_word' id='word_1_350' title='bbox 475 5350 496 5411; x_wconf 57' lang='grc' dir='ltr'>θ)</span> <span class='ocrx_word' id='word_1_351' title='bbox 516 5351 592 5399; x_wconf 84' lang='lat' dir='ltr'>Anno</span> <span class='ocrx_word' id='word_1_352' title='bbox 610 5345 707 5399; x_wconf 90' lang='lat' dir='ltr'>domini</span> <span class='ocrx_word' id='word_1_353' title='bbox 725 5345 825 5399; x_wconf 77' lang='lat' dir='ltr'>MCCC.</span> <span class='ocrx_word' id='word_1_354' title='bbox 844 5360 920 5399; x_wconf 90' lang='lat' dir='ltr'>nono.</span> 
     </span>
    </p>
   </div>
   <div class='ocr_carea' id='block_1_7' title="bbox 0 0 2058 6292">
    <p class='ocr_par' dir='ltr' id='par_1_15' title="bbox 0 0 2058 6292">
     <span class='ocr_line' id='line_1_42' title="bbox 0 0 2058 6292; baseline 0 0"><span class='ocrx_word' id='word_1_355' title='bbox 0 0 2058 6292; x_wconf 95' lang='lat' dir='ltr'> </span> 
     </span>
    </p>
   </div>
  </div>
 </body>
</html>
