4084 6302
926 608 988 671 491

254 796 459 861 humanitatis
481 796 573 871 fide¹l
603 797 745 879 ipsorum
777 798 978 862 uniformiter
1003 798 1096 862 nobis
1118 798 1298 862 retulerunt
1327 820 1364 862 eo
1396 800 1498 879 modo,
1532 807 1567 863 ut
1588 801 1657 883 ipsa

254 901 411 983 possessio
435 900 598 983 Feirighaz
620 901 744 964 Herrici
769 903 872 984 magni
897 903 1034 966 hominis
1057 902 1201 983 infidelis,
1234 905 1288 985 qui
1313 909 1442 987 propter
1461 904 1655 968 infidelitatis

254 1024 331 1068 suae
347 1011 454 1067 notam
471 1005 509 1067 de
525 1005 595 1068 iuro
610 1007 766 1085 amiserat
783 1008 875 1069 cuius
891 1027 953 1069 non
972 1012 1070 1070 restat
1085 1008 1245 1089 memoria,
1268 1008 1444 1072 exstitisset
1459 1017 1491 1073 et
1506 1009 1656 1072 dominus

255 1108 396 1172 Karulns
410 1108 544 1172 illustris
560 1129 617 1173 rex
628 1109 788 1193 Vngariae
804 1112 1052 1194 praenominatis
1064 1111 1206 1191 Nycolao
1223 1118 1255 1175 et
1266 1112 1426 1195 Stephano
1442 1114 1516 1177 liliis
1533 1114 1657 1195 Wyche

202 1227 218 1275 o
254 1233 312 1296 pro
335 1233 445 1277 eorum
469 1213 608 1276 servitiis
631 1212 822 1278 fidelissimis
851 1222 947 1298 prout
976 1216 1208 1298 possessionem
1239 1236 1316 1280 suae
1339 1217 1503 1281 donationi
1526 1220 1564 1283 de
1587 1220 1657 1283 iuro

255 1318 467 1403 pertinentem
490 1319 709 1384 condonasset.
733 1320 826 1384 Unde
847 1341 905 1383 nos
928 1321 1044 1384 auditis
1060 1320 1224 1384 Saxonum
1248 1324 1412 1386 seniorum
1427 1327 1459 1385 et
1480 1325 1658 1387 communi-

255 1424 328 1486 tatis
350 1425 617 1506 praescriptorum
634 1424 892 1488 attestationibus
907 1432 939 1489 et
954 1425 1112 1508 perceptis
1128 1425 1310 1488 huiusmodi
1326 1427 1430 1490 causis
1446 1427 1529 1490 inter
1552 1434 1658 1510 partes

253 1527 430 1611 praedictas
445 1529 556 1612 sopitis
578 1530 707 1612 penitus
730 1535 761 1591 et
784 1530 901 1593 sedatis
923 1530 1051 1612 saepius
1073 1530 1222 1613 scriptam
1245 1530 1478 1612 possessionem
1494 1530 1656 1613 Feirighaz

255 1632 331 1714 ipsis
353 1632 491 1695 Johanni
523 1639 555 1697 et
578 1633 718 1713 Nycolao
747 1634 820 1696 filiis
842 1632 976 1713 Nycolai
1004 1654 1040 1696 ao
1063 1634 1222 1717 Stephano
1245 1634 1310 1697 filio
1334 1634 1493 1717 Stephani,
1517 1635 1654 1699 filiorum

188 1746 220 1799 10
254 1735 379 1818 Wyche
395 1743 549 1820 perpetuo
564 1738 634 1801 iure
655 1737 842 1800 hereditario
863 1738 1080 1801 commisimus
1098 1739 1330 1821 possidendam,
1355 1738 1523 1802 tenendam
1541 1740 1658 1822 pariter

255 1848 287 1904 et
301 1840 487 1904 habendam.
510 1841 629 1905 Datum
645 1842 678 1905 in
694 1841 933 1924 Kukullevwar,
957 1842 1070 1922 quinta
1088 1842 1168 1906 feria
1181 1843 1328 1926 proxima
1343 1850 1417 1909 anto
1434 1844 1550 1908 testum
1573 1843 1655 1908 beati

254 1944 391 2010 Thomas
414 1945 557 2031 apostoli,
579 1966 664 2011 anno
688 1946 809 2009 domini
831 1923 872 2010 ll.
896 1922 1001 2012 (illd.
1024 1945 1141 2011 XXX⁰
1163 1947 1306 2032 septimo.

909 2314 1001 2396 541.

340 2493 846 2585 Wusqraa1338Januar
875 2498 909 2566 5.
940 2496 1055 2587 Kdnip
1080 2496 1176 2566 Kort
1201 2496 1336 2568 erthcitt
1365 2494 1534 2569 Nikolaas
1564 2495 1656 2583 qu

186 2634 219 2687 15
256 2614 348 2688 Sohn
375 2609 540 2704 Emich’o,
568 2617 666 2689 anan
698 2617 946 2705 Gnadeabm'afi

387 2770 390 2778 ¹
411 2780 523 2835 Druck:
541 2781 638 2835 Huzai
656 2782 799 2836 otlere‘ltdr
816 2786 869 2836 211
887 2782 958 2836 noch
978 2782 1038 2835 dam
1053 2781 1129 2852 Oria.
1148 2783 1229 2852 Porq.
1248 2783 1350 2836 Archiv
1367 2783 1416 2836 der
1436 2782 1545 2849 Grosen
1562 2782 1655 2849 Wcsa,

362 2868 451 2937 Carpe.
482 2867 571 2937 Sieyel
589 2885 648 2921 war
666 2869 724 2935 auf
736 2870 785 2923 der
803 2869 946 2924 Rilctsea'ta
964 2869 1153 2939 aufqedrrtckt
1172 2899 1206 2908 -
1225 2869 1312 2936 chtr
1332 2868 1422 2924 Codex
1445 2869 1533 2936 VIII,
1552 2873 1577 2937 4,
1595 2873 1656 2923 305.

411 2989 570 3056 Absohrist:
588 2990 711 3059 Koroday
727 2990 851 3058 Diplom.
869 2991 1010 3058 appendia
1028 2990 1073 3057 II,
1090 2995 1125 3044 44
1142 2991 1215 3045 nach
1231 2991 1291 3045 dms
1311 2990 1387 3060 θήρ.

410 3164 478 3228 Nos
500 3164 638 3228 Karolus
668 3165 717 3228 dei
740 3167 842 3248 gratia
871 3185 929 3230 rex
951 3165 1136 3249 Hungariae
1166 3174 1276 3231 tenore
1298 3167 1514 3251 praesentium
1539 3165 1657 3247 quibus

186 3276 221 3329 20
256 3268 386 3353 expedit
400 3269 616 3353 significamus
638 3269 799 3332 universis
822 3271 992 3333 memoriae
1014 3272 1282 3351 commendantes,
1306 3270 1392 3352 quod
1416 3271 1492 3352 quia
1506 3270 1657 3334 Nicolaus

255 3372 359 3436 dictus
375 3371 455 3436 Wos
469 3371 555 3436 filius
569 3372 688 3438 Emoch
704 3393 791 3436 nuno
813 3373 916 3437 fidelis
939 3381 1048 3437 noster
1070 3373 1145 3437 licet
1166 3375 1255 3458 prius
1275 3381 1307 3438 et
1321 3375 1451 3438 inantea
1465 3374 1497 3436 in
1514 3374 1658 3456 partibus

253 3476 486 3541 Ttanssiluanis
516 3477 661 3542 habendo
692 3483 830 3542 castrum
855 3477 1016 3559 Chychow
1047 3484 1122 3541 voto
1150 3486 1182 3542 et
1211 3479 1369 3543 voluntati
1400 3478 1535 3542 aliorum
1567 3478 1658 3541 satis·

255 3580 398 3643 faciendo
421 3579 601 3662 aliqualiter
624 3583 741 3665 regiam
760 3582 926 3646 offenderit
948 3583 1153 3659 maiestatem,
1176 3583 1231 3647 sed
1255 3583 1382 3646 demum
1406 3581 1515 3646 fideles
1538 3587 1570 3645 et
1592 3582 1657 3645 sin-

254 3703 345 3748 ceros
359 3685 394 3746 in
410 3685 559 3749 omnibus
574 3688 692 3749 nostris
715 3686 846 3769 agendis
869 3685 1016 3750 exhibuit
1035 3686 1217 3765 famulatus
1240 3687 1336 3749 innno
1353 3687 1447 3749 etiam
1464 3686 1539 3767 quia
1553 3686 1657 3769 ipsum

186 3796 219 3849 25
255 3793 394 3852 castrum
418 3788 579 3871 (lhyohow
610 3809 667 3873 per
689 3791 758 3854 sius
784 3790 1018 3855 restitutionem
1041 3790 1079 3853 ad
1104 3798 1230 3853 nostras
1260 3811 1375 3853 manus
1397 3795 1430 3853 et
1459 3791 1492 3853 in
1516 3796 1656 3853 nostram

254 3898 443 3977 potestatem
460 3893 627 3957 devenisse
645 3896 794 3975 noscitur,
810 3895 955 3958 volentes
972 3915 1031 3958 nos
1046 3896 1150 3978 ipsum
1164 3894 1331 3959 Nicolaum
1348 3895 1430 3957 inter
1445 3894 1523 3957 alios
1540 3894 1658 3957 favoris

255 4004 287 4061 et
308 3997 428 4080 gratiae
451 4003 579 4062 nostrae
594 3999 745 4063 articulos
768 3999 896 4083 speciali
919 4000 1069 4082 prosequi
1092 3999 1194 4081 gratia
1216 4006 1247 4063 et
1267 3999 1385 4071 lavore,
1408 3999 1577 4062 universos
1600 4017 1656 4061 ex-

254 4120 363 4165 cessus
379 4106 411 4164 et
425 4121 593 4184 processus
609 4123 685 4166 suos
701 4102 958 4184 quibuscumque
981 4110 1013 4166 et
1029 4109 1140 4166 contra
1163 4123 1384 4185 quoscumque
1401 4102 1537 4184 qualivis
1560 4102 1654 4164 modo

256 4211 288 4269 et
310 4210 451 4289 tempore
475 4211 509 4270 et
531 4227 634 4288 usque
665 4207 740 4271 dum
764 4209 831 4290 ipse
858 4213 997 4270 castrum
1020 4206 1181 4288 Chychow
1211 4207 1339 4271 tenebat
1360 4212 1393 4270 et
1422 4206 1564 4285 habebat,
1588 4225 1658 4290 per-

187 4316 221 4369 30
256 4314 396 4393 patratos
426 4315 458 4372 et
486 4309 591 4374 illatos
620 4331 661 4374 ex
692 4312 798 4393 regiae
824 4311 989 4394 potestatis
1020 4310 1217 4394 plenitudine
1248 4296 1307 4375 sibi
1338 4310 1491 4374 duximus
1522 4310 1658 4393 gratiose

256 4414 485 4497 ignoscendum
508 4422 540 4478 et
561 4414 679 4498 pariter
708 4414 949 4498 indulgendum,
980 4415 1150 4479 reddentes
1180 4416 1317 4479 eundem
1342 4434 1438 4498 super
1460 4415 1579 4479 eisdem
1603 4433 1659 4477 ex-

255 4518 398 4582 cessibus
428 4519 614 4602 expeditum
644 4526 676 4582 et
697 4539 755 4603 per
784 4520 891 4582 omnia
916 4519 1108 4582 absolutum.
1143 4518 1343 4603 Quapropter
1373 4519 1465 4582 robis
1495 4518 1658 4595 vairodae

257 4622 491 4702 ricovaivodae,
514 4622 683 4686 comitibus
698 4629 730 4687 et
745 4623 904 4686 iudicibus
924 4622 1078 4686 nobilium
1096 4623 1311 4705 quommlibet
1326 4623 1535 4686 comitatuum
1558 4622 1659 4705 ipsius

255 4732 357 4791 terrae
381 4725 625 4790 Transsiluanae
648 4734 680 4791 et
703 4727 871 4809 quibusvis
893 4727 983 4810 regni
1007 4728 1107 4789 nostri
1130 4727 1315 4801 iustitiariis,
1339 4727 1457 4809 quibus
1472 4733 1657 4810 praesentes

187 4838 221 4889 35
257 4831 511 4909 ostenderentur,
540 4829 640 4893 firmis
670 4831 783 4895 damus
813 4832 844 4894 in
876 4832 1060 4915 praeceptis
1091 4836 1251 4912 quatenus
1280 4831 1457 4915 praefatum
1489 4829 1657 4894 Nicolaum

256 4934 376 4998 dictum
390 4933 471 4997 Wos
487 4935 609 4998 rationo
625 4954 816 4999 excessuum
833 4943 865 5000 ot
887 4955 1095 5019 processuum
1112 4935 1370 5017 quibuscumque
1386 4941 1417 4999 et
1432 4941 1544 4999 contra
1561 4954 1658 5017 quos-

256 5057 395 5121 cumque
417 5038 573 5102 iaotorum
597 5046 629 5103 et
652 5059 755 5121 usque
778 5042 855 5103 dum
876 5040 945 5123 ipse
967 5041 1000 5102 in
1025 5040 1109 5103 dicto
1133 5044 1236 5103 castro
1260 5039 1421 5122 Ohychow
1445 5038 1568 5103 exstitit
1589 5038 1658 5101 illa·

256 5148 362 5207 torum
388 5142 422 5205 in
453 5144 558 5207 causis
588 5144 846 5226 quibuscumque
854 5147 876 5221 ²)
907 5145 1001 5207 motis
1031 5144 1083 5208 vel
1112 5145 1146 5207 in
1177 5144 1320 5208 futurum
1353 5143 1518 5208 movendis
1549 5146 1660 5205 contra

254 5247 361 5333 ipsum
384 5267 459 5312 oum
481 5248 608 5312 nemine
630 5249 759 5332 penitus
788 5248 929 5312 iudicare
960 5249 1011 5313 vel
1038 5254 1146 5313 vestro
1169 5255 1272 5314 astare
1293 5249 1448 5314 iudicatui
1470 5248 1658 5332 compellere

185 5403 221 5457 40
413 5404 433 5471 ¹)
456 5403 590 5472 Vorlape:
608 5404 636 5456 et
652 5401 823 5457 humanitatis
841 5401 909 5455 fidei.

412 5492 434 5557 2)
452 5488 489 5544 So
506 5488 794 5561 KomtnyfijVorlape:
811 5487 966 5559 quibusque.
