4086 6300
946 565 1101 661 jos—

481 749 621 816 Karolus
636 751 687 815 dei
709 752 810 836 gratia
824 752 1018 837 Huugariae,
1039 753 1230 833 Dalmaciae,
1254 755 1410 839 Crouciae,
1433 756 1561 839 Ramae,
1584 757 1725 839 Seruiae,

326 853 721 938 Galbciae,1odomeriae,
745 857 918 922 Oumauiae
941 858 1175 942 Bulgariaeque
1197 879 1256 924 rex
1278 862 1426 944 princeps
1441 859 1671 926 Sallernitanus
1695 869 1728 927 et

324 959 456 1024 honoris
484 978 522 1023 ac
550 960 668 1024 montis
698 962 800 1025 sancti
828 962 945 1045 Augeli
974 962 1123 1026 domnus
1157 962 1305 1026 omnibus
1334 963 1450 1028 Christi
1479 965 1628 1031 fidelibus
1662 973 1725 1030 tam

324 1063 546 1147 praesentibus
569 1082 665 1146 quam
687 1064 806 1127 futuris
821 1084 971 1148 praesens
994 1065 1146 1150 scriptum
1163 1067 1353 1149 inspecturis
1376 1068 1511 1133 salutem
1526 1069 1560 1134 ln
1575 1069 1726 1153 largitore

324 1167 444 1233 salutis
481 1167 534 1232 Ad
563 1168 789 1232 universorum
821 1168 966 1232 notitiam
995 1169 1109 1234 harum
1138 1171 1219 1235 serie
1249 1170 1400 1236 volumus
1430 1173 1607 1256 pervenire,
1638 1173 1725 1255 quod
1760 1184 1777 1235 5

325 1271 403 1353 quia
424 1270 583 1355 possessio
599 1270 727 1355 Georgii
749 1269 805 1334 filii
828 1271 950 1336 Nicolai
965 1271 1057 1355 Dera,
1079 1272 1137 1336 filii
1158 1272 1295 1338 Thomas
1310 1274 1458 1357 Wyrlow
1480 1275 1538 1341 filii
1553 1276 1725 1357 Michaelis,

326 1376 404 1440 item
417 1375 575 1440 Johannis
597 1380 630 1439 et
644 1374 766 1439 Nicolai
788 1375 927 1440 filiorum
943 1376 1043 1458 Elyae
1066 1396 1102 1441 ac
1116 1376 1233 1459 Wyzlo
1250 1383 1282 1442 et
1296 1378 1388 1442 Altus
1409 1378 1549 1444 liliorum
1564 1380 1726 1445 Michaelis

324 1479 480 1545 nobilium
502 1479 542 1543 de
557 1478 747 1563 Hydegvryz
767 1479 911 1545 fidelium
926 1486 1107 1544 nostrorum
1124 1481 1372 1565 Thamaspataha
1387 1490 1501 1548 vocata
1515 1485 1599 1549 sicut
1614 1486 1727 1550 dicunt

322 1602 436 1648 eorum
456 1583 647 1648 hereditaria
675 1584 709 1647 iu
738 1585 920 1668 propinqua
930 1583 951 1661 ¹)
982 1584 1144 1649 vicinitate
1177 1592 1208 1650 et
1239 1586 1344 1649 vicina
1369 1588 1608 1672 propinquitate
1630 1590 1726 1653 castri

323 1689 426 1753 nostri
447 1687 548 1753 Deva
568 1689 746 1772 nuncupati
761 1688 871 1752 existit
892 1689 1059 1771 eidemque
1082 1689 1170 1753 utilis
1185 1695 1217 1753 et
1240 1691 1417 1754 necessaria
1439 1692 1507 1756 tore
1528 1693 1725 1777 dignoscitur
1761 1701 1795 1754 10

324 1792 459 1857 eandem
481 1791 731 1874 admittentibus,
755 1791 936 1856 volentibus
959 1799 991 1855 ct
1012 1793 1285 1858 consentientibus
1308 1795 1458 1878 praetatis
1481 1795 1641 1859 nobilibus
1664 1796 1724 1880 ipsi

325 1901 429 1961 caeno
451 1901 561 1960 nostro
583 1894 684 1960 Devva
711 1914 785 1959 curu
807 1895 956 1961 omnibus
978 1897 1168 1961 utilitatibus
1191 1898 1258 1960 suis
1280 1902 1312 1961 et
1335 1898 1535 1982 pertinentiis
1564 1900 1726 1964 universis

326 2000 480 2065 duximus
502 1999 733 2084 applicandum.
763 1999 802 2062 In
825 2000 918 2062 cuius
942 2000 1071 2082 quidem
1092 2002 1303 2085 possessionis
1324 2002 1573 2086 Thamaspataka
1594 2011 1726 2067 ιοοοιιιο

327 2104 549 2169 concambium
571 2110 604 2169 et
625 2104 889 2188 permutationem
914 2104 1073 2185 quandam
1095 2106 1327 2188 possessiouem
1344 2104 1520 2170 infidelium
1542 2113 1726 2171 nostrorum

329 2208 422 2274 Pauli
445 2208 595 2274 videlicet
614 2207 672 2272 filii
686 2207 823 2273 Ladislai
845 2213 878 2272 ct
898 2227 956 2291 per
982 2227 1182 2290 consequeus
1204 2209 1342 2273 filiorum
1365 2210 1516 2293 eiusdem,
1540 2210 1596 2293 qui
1618 2231 1638 2274 a
1659 2216 1725 2274 toto
1763 2222 1795 2273 15

328 2333 367 2378 eo
399 2318 543 2397 tempore
573 2332 638 2395 quo
667 2313 701 2376 iu
730 2331 866 2396 regnum
894 2317 1040 2376 nostrum
1062 2312 1247 2397 Hungariae
1275 2314 1345 2380 iure
1368 2322 1401 2378 et
1427 2315 1538 2378 ordine
1560 2316 1727 2398 geniturae

325 2416 419 2481 nobis
441 2416 584 2481 debitum
604 2417 796 2480 intravimus
818 2417 1062 2500 gubemaudum
1084 2416 1186 2480 inflati
1209 2418 1321 2501 spiritu
1345 2418 1512 2502 superbiae
1536 2438 1600 2481 uon
1623 2425 1726 2482 atten-

324 2520 446 2603 dentes,
468 2521 557 2604 qucd
579 2521 635 2604 qui
657 2520 796 2585 naturali
815 2520 944 2584 domino
961 2521 1107 2584 resistere
1123 2521 1309 2603 moliuntur,
1332 2522 1449 2585 divinis
1464 2521 1725 2607 dispositionibus

325 2625 492 2690 manifeste
525 2624 678 2689 videntur
709 2625 866 2689 contraire
900 2626 1068 2689 temeraria
1105 2626 1362 2709 praesumptione
1396 2626 1552 2690 adversus
1584 2632 1726 2706 nostram

323 2735 549 2814 processerunt
559 2729 753 2794 maiestatem
765 2730 971 2811 incessanter,
982 2730 1199 2813 possessiones
1207 2729 1348 2794 fidelium
1358 2737 1540 2794 nostrorum
1553 2722 1724 2793 desolando
1751 2732 1795 2793 '20

324 2833 474 2916 bonaque
496 2832 670 2898 eorundem
701 2832 863 2917 rapiendo,
893 2840 1065 2897 consuetae
1095 2832 1291 2897 infidelitatis
1314 2841 1347 2898 ct
1368 2834 1506 2898 malitiae
1528 2853 1640 2898 eorum
1662 2838 1727 2896 tra·

324 2939 434 3003 mitem
456 2938 602 3002 descrere
624 2957 689 3001 non
713 2941 871 3019 curantes,
894 2936 1142 3001 Lodomatelnlre
1158 2944 1304 3002 vocatam
1324 2939 1359 3002 in
1375 2940 1521 3002 districtu
1538 2937 1725 3002 Zebeuieusi

324 3042 516 3106 existentem
547 3041 692 3106 similiter
721 3061 796 3105 cum
818 3039 1010 3104 utilitatibus
1031 3046 1063 3104 ct
1085 3042 1286 3124 pertinentiis
1309 3043 1377 3106 suis
1400 3042 1560 3106 universis
1582 3040 1642 3104 sub
1665 3040 1726 3105 eis·

324 3145 462 3229 demque
492 3146 586 3210 metis
615 3151 647 3210 et
677 3145 820 3209 terminis
850 3145 918 3208 suis
948 3145 1032 3209 veris
1061 3151 1094 3209 et
1122 3146 1273 3228 antiquis,
1309 3145 1368 3210 sub
1400 3146 1518 3228 quibus
1550 3164 1607 3229 per
1639 3145 1726 3229 ipsos

323 3249 523 3315 Paulumet
551 3248 635 3314 filios
663 3268 740 3313 suos
770 3247 877 3311 habita
897 3247 1067 3312 exstitite
1049 3254 1256 3333 etpossessa
1285 3249 1325 3313 ab
1355 3249 1474 3313 eisdem
1501 3254 1663 3330 tamquam
1685 3246 1724 3310 ab
1760 3258 1795 3312 25

325 3348 508 3419 infidelibus
538 3358 571 3417 et
599 3352 682 3417 male
712 3352 842 3434 meritis,
872 3356 909 3415 ut
931 3351 970 3416 de
993 3371 1105 3416 eorum
1134 3355 1336 3418 coutumacia
1365 3353 1567 3417 commodum
1589 3371 1655 3416 non
1678 3352 1725 3414 vi·

325 3456 461 3522 deantur
491 3461 663 3541 reportare,
697 3455 753 3520 sed
782 3463 937 3540 perpetua
964 3455 1111 3521 laborent
1098 3463 1279 3542 tegestate
1308 3465 1340 3522 et
1369 3476 1410 3521 ne
1439 3476 1496 3542 per
1528 3455 1726 3540 impunitatis

324 3562 488 3626 audaciam
510 3559 590 3625 fiant
612 3559 668 3643 qui
695 3579 834 3643 nequam
857 3560 994 3643 hreraut,
1024 3563 1204 3645 nequiores,
1234 3563 1274 3627 de
1297 3561 1429 3626 consilio
1459 3560 1673 3645 praelatorum
1694 3563 1727 3622 et

326 3665 483 3729 baronum
497 3666 588 3748 regni
603 3664 715 3746 nostri,
737 3663 919 3729 auferentes
933 3667 1135 3750 praescriptis
1151 3665 1312 3729 nobilibus
1327 3667 1366 3729 de
1381 3664 1563 3748 Hydeguyz
1577 3662 1725 3728 fidelibus

325 3769 442 3833 nostris
475 3787 511 3831 ac
541 3787 652 3832 eorum
682 3766 853 3831 heredibus
886 3768 1105 3851 heredumque
1138 3789 1270 3833 suorum
1300 3769 1539 3834 successoribus
1568 3767 1723 3849 dedimus,
1759 3778 1794 3832 50

324 3873 515 3937 donavimus
545 3877 578 3936 et
607 3872 801 3936 contulimus
828 3881 983 3957 perpetuo
1006 3873 1239 3958 possidendam,
1270 3873 1439 3938 tenendam
1468 3875 1588 3957 pariter
1616 3878 1649 3936 et
1670 3873 1725 3936 ha·

324 3977 470 4042 bendam.
507 3977 545 4041 In
576 3978 669 4042 cuius
698 3976 875 4041 concambii
904 3977 973 4041 sire
1002 3978 1245 4062 permutationis
1274 3979 1459 4041 memoriam
1479 3972 1725 4058 firmitatemque

323 4086 510 4166 perpetuam
531 4087 715 4195 praesentes
744 4082 961 4145 concessimus
981 4080 1090 4145 literas
1116 4079 1252 4165 duplicis
1274 4081 1368 4165 sigilli
1390 4083 1493 4146 nostri
1515 4082 1591 4146 novi
1614 4088 1646 4145 et
1668 4101 1725 4146 au·

324 4186 456 4251 theutici
470 4179 648 4251 munimine
663 4184 834 4249 roboratas
857 4183 976 4248 Datum
990 4204 1048 4270 per
1070 4204 1185 4249 manus
1200 4185 1327 4250 discreti
1347 4186 1408 4249 ιιιι
1422 4186 1565 4270 magistri
1579 4185 1725 4249 Eudreae

324 4290 495 4375 praepositi
516 4289 669 4355 ecclesiae
689 4288 850 4369 Albensis,
880 4287 972 4352 aulae
1003 4294 1130 4353 nostrae
1152 4289 1402 4353 vicecancellarii
1435 4289 1541 4354 dilecti
1570 4295 1601 4353 et
1588 4287 1794 4352 fitdelissa

323 4394 434 4478 nostri,
465 4414 550 4458 armo
573 4392 694 4457 domini
716 4392 882 4457 millesimo
906 4370 982 4456 OOC
1005 4392 1087 4456 ΧΧ0
1109 4399 1211 4476 sexto,
1241 4393 1363 4458 decimo
1385 4391 1546 4458 Kalendas
1569 4392 1724 4472 Octobris,

323 4499 413 4582 regui
442 4503 550 4563 autem
580 4497 683 4561 nostri
715 4516 800 4561 anno
830 4496 975 4561 similiter
1002 4495 1087 4560 ΧΧο
1119 4503 1219 4561 sexto.
1256 4496 1543 4562 Venerabilibus'
1535 4516 1568 4560 ru
1599 4496 1724 4561 Christo

323 4601 468 4685 patribus
495 4601 644 4667 Bolezlao
674 4600 883 4684 strigoniensi
916 4606 949 4664 et
936 4601 1078 4665 tiratre
1107 4600 1254 4665 ladislao
1285 4601 1451 4666 colocensi
1473 4600 1725 4685 archiepiscopis,

324 4704 472 4771 Johanne
493 4704 656 4783 Nitriensi,
678 4704 853 4770 Benedicto
876 4703 1096 4786 chanadieusi,
1118 4706 1249 4770 Ivranlra
1263 4705 1473 4787 Waradiensi,
1496 4704 1631 4787 Georgia
1649 4704 1726 4786 Syr·

323 4809 446 4892 miensi,
469 4810 600 4875 Nicolao
622 4808 793 4890 lauriensi,
815 4807 960 4872 Ladislao
985 4808 1329 4891 Quinqueecclesiensi,
1355 4809 1531 4874 laurencio
1553 4808 1724 4890 Wacicusi,
1759 4817 1795 4871 40

322 4913 420 4977 tratre
441 4908 538 4977 Petro
560 4912 730 4995 Bczuensi,
752 4911 886 4977 Herrico
901 4912 1154 4996 Wesprimisnsi,
1178 4913 1362 4978 Ohanadino
1377 4913 1526 4998 Agriensi
1549 4917 1582 4976 et
1568 4912 1763 5023 tAudQ

322 5016 548 5081 nmssiluanc
572 5017 728 5101 episcopis
750 5016 900 5081 ecclesias
922 5015 972 5080 dei
996 5016 1130 5082 feliciter
1151 5015 1413 5099 gubernantibus
1447 5014 1624 5100 Magnificis
1647 4986 1763 5079 viris*

322 5119 480 5204 Phillippc
511 5119 651 5204 palatino
684 5120 790 5185 iudice
812 5119 1040 5204 Cumanorum,
1073 5121 1188 5185 comite
1222 5120 1415 5204 Zepesyensi
1448 5125 1481 5184 et
1513 5120 1553 5185 de
1582 5120 1725 5202 Wyvvar,

321 5222 484 5289 Demetrio
512 5224 664 5309 magistro
696 5224 933 5288 tavemicorum
956 5229 1149 5307 nostrorum,
1180 5224 1295 5289 comite
1317 5224 1497 5305 Bacbyensi
1519 5230 1552 5287 et
1572 5223 1726 5305 Triuchy-

323 5328 436 5412 uiousi,
459 5329 575 5393 comite
589 5327 776 5393 Alexandro
798 5327 904 5392 iudice
926 5329 1034 5393 curiae
1056 5334 1193 5412 nostrae,
1215 5328 1334 5393 Thema
1348 5328 1485 5392 vaivoda
1498 5326 1724 5392 Transsiluano
1759 5335 1794 5390 45

480 5465 501 5536 ¹)
524 5463 657 5535 Vorlage:
675 5464 808 5534 propinca
