4086 6300
931 573 1085 667 ‚aso—

308 780 446 843 cumqne
476 761 509 823 in
539 765 702 845 posterum
734 760 1009 844 qualitercumque
1038 762 1206 846 impetrata
1235 762 1287 825 vel
1317 762 1448 825 obtenta
1478 762 1599 826 fuerint
1624 762 1711 846 regia

308 870 417 928 nostra
439 864 609 928 donatione
631 870 664 928 et
686 864 829 929 libertate
853 866 936 928 dieto
960 867 1150 930 monasterio
1174 885 1271 950 super
1293 885 1330 929 eo
1360 865 1538 949 specialiter
1561 885 1711 929 concessa

307 968 510 1052 supradicta
539 969 725 1032 auctoritate
757 974 865 1033 nostra
895 974 926 1032 et
957 970 1084 1033 decreto
1116 970 1230 1032 frivola
1251 975 1283 1033 et
1306 970 1412 1031 inania
1434 969 1502 1033 iore
1524 988 1582 1052 per
1604 970 1712 1032 omnia

308 1074 528 1137 decomantur.
551 1072 634 1136 Nam
650 1074 726 1155 quia
740 1094 815 1137 curn
830 1074 1078 1157 provincialibus
1091 1095 1188 1158 supra
1203 1074 1295 1138 dictis
1310 1074 1455 1137 homines
1472 1074 1710 1157 possessionum

256 1185 272 1235 5
308 1177 491 1240 monasterii
513 1176 647 1260 praefati
669 1176 708 1239 ad
738 1176 809 1240 illas
832 1179 1023 1259 quingentas
1047 1198 1176 1259 marcas,
1210 1197 1290 1258 quas
1311 1178 1381 1261 ipsa
1402 1177 1615 1240 communitas
1636 1197 1709 1259 pro-

308 1281 493 1344 vincialium
515 1281 749 1365 praedictorum
776 1286 903 1344 nostrae
925 1281 1030 1364 regiae
1053 1282 1209 1345 maiestati
1235 1282 1399 1344 annuatim
1422 1281 1548 1345 solvere
1570 1285 1708 1361 tenetur,

308 1385 362 1448 tali
374 1385 475 1467 gratia
490 1391 522 1449 et
537 1384 718 1448 conditione
733 1385 951 1466 contribuunt
969 1391 1005 1448 ut
1017 1387 1112 1449 etiam
1127 1385 1301 1448 eorundem
1315 1384 1559 1468 provincialium
1575 1389 1708 1447 utantur

308 1489 490 1552 omnimoda
511 1489 665 1570 libertate,
687 1489 776 1571 regia
796 1488 895 1570 igitur
910 1495 1020 1552 nostra
1034 1488 1204 1552 donatione
1227 1495 1260 1553 et
1273 1489 1375 1572 gratia
1391 1490 1511 1552 eisdem
1525 1488 1708 1552 hominibus

310 1592 454 1656 similiter
476 1593 680 1656 concedimus
702 1593 869 1673 modisque
893 1592 1042 1655 omuibus
1058 1593 1206 1656 volumus
1229 1599 1261 1656 et
1275 1593 1497 1676 praecipimus,
1520 1597 1557 1655 ut
1579 1612 1597 1655 a
1619 1593 1709 1656 nulla

241 1702 273 1753 10
308 1696 448 1778 generali
459 1697 700 1780 participatione
712 1696 886 1759 utilitatum
898 1697 995 1759 totius
1010 1697 1194 1779 provinciae
1207 1696 1409 1777 Cybiniensis
1425 1695 1708 1778 qualiumcumque

306 1799 372 1862 ullo
395 1801 489 1864 modo
512 1800 735 1881 excludantur,
759 1800 814 1864 sed
837 1800 871 1862 in
894 1799 1043 1863 omnibus
1063 1799 1196 1863 desertis
1218 1799 1474 1883 possessionibus
1496 1806 1593 1882 atque
1614 1801 1708 1865 metis

307 1907 339 1966 et
367 1904 400 1965 in
431 1903 501 1967 aliis
524 1904 714 1968 utilitatibus
745 1905 1002 1985 quibuscumque
1033 1903 1230 1967 consimilem
1263 1903 1536 1988 participationem
1571 1903 1708 1969 habeant

306 2027 365 2071 neo
388 2007 504 2090 aliquis
526 2029 545 2072 a
567 2008 659 2072 dictis
689 2008 879 2072 utilitatibus
909 2008 1068 2092 praefatos
1102 2007 1248 2071 homines
1271 2007 1475 2088 aliquatenus
1497 2009 1613 2073 audeat
1634 2028 1707 2091 pro·

306 2111 421 2175 hibere.
464 2112 615 2176 Similiter
637 2113 732 2175 etiarn
754 2114 906 2197 praedicti
929 2113 1112 2176 monasterii
1135 2111 1281 2175 homines
1303 2112 1463 2194 praelatae
1486 2112 1707 2175 communitati

238 2221 270 2272 15
306 2215 489 2296 provinciae
519 2216 554 2278 in
588 2216 736 2279 omnibus
769 2216 970 2299 generalibus
1003 2214 1248 2278 adversitatibus
1283 2215 1426 2278 eiusdem
1460 2220 1492 2279 et
1523 2216 1706 2298 provinciae

306 2319 431 2383 docenti
453 2319 574 2383 auxilio
591 2326 761 2384 occurrant
782 2322 817 2383 in
832 2321 900 2403 hiis,
924 2321 956 2382 in
974 2319 1091 2402 quibus
1107 2323 1253 2382 nostrum
1268 2319 1407 2402 regalem
1421 2319 1565 2381 favorem
1587 2318 1706 2382 habue-

305 2423 370 2486 rint
391 2427 424 2486 et
444 2442 646 2505 eonsensum,
677 2429 811 2508 excepto
843 2425 929 2506 quod
951 2422 1097 2507 partibus
1127 2426 1239 2485 contra
1268 2428 1375 2507 partes
1396 2423 1431 2485 in
1452 2422 1522 2506 ipsa
1542 2423 1708 2506 provincia

305 2525 517 2590 existentibus
539 2533 642 2591 astare
665 2527 758 2591 alicui
782 2528 911 2592 minime
935 2532 1113 2608 teneantur,
1136 2526 1197 2589 nisi
1218 2527 1320 2609 primo
1343 2527 1383 2590 ad
1406 2545 1608 2591 communem
1630 2547 1707 2590 oon-

304 2629 444 2693 eordiam
466 2630 587 2693 luerint
608 2631 756 2694 revocati.
794 2630 943 2695 Ceterum
972 2632 1067 2695 etiam
1090 2629 1241 2693 volumus
1263 2636 1295 2694 et
1317 2630 1377 2694 sub
1399 2629 1581 2694 firmissima
1601 2650 1706 2714 poena

235 2738 270 2791 20
305 2733 589 2798 animadversionis
613 2734 841 2797 districtissime
863 2734 1075 2817 praecipimus
1098 2740 1129 2797 et
1151 2734 1348 2817 mandamus
1376 2754 1416 2798 ne
1438 2753 1591 2817 personas
1613 2754 1704 2817 prae·

305 2838 379 2901 dicti
410 2838 592 2902 monasterii
624 2843 656 2901 et
687 2839 807 2901 ordinis
836 2838 869 2899 in
893 2837 1003 2900 habitu
1027 2843 1058 2901 et
1080 2838 1147 2900 vita
1168 2838 1331 2920 religionis
1360 2837 1568 2921 procedentes
1591 2837 1706 2919 aliquis

304 2942 542 3005 contumeliosis
563 2941 677 3018 verbis
700 2942 794 3005 minis
817 2961 874 3005 seu
897 2942 1049 3005 conviciis
1065 2942 1323 3024 quibuscumque
1339 2941 1499 3005 ullatenus
1521 2946 1704 3025 praesumat

303 3045 480 3109 molestare.
505 3044 595 3121 Quod
613 3046 639 3109 si
656 3047 728 3128 quis
744 3046 855 3109 iecerit
869 3046 939 3129 ipsa
954 3045 1037 3126 villa,
1059 3044 1225 3129 praedium
1241 3044 1292 3108 vel
1308 3045 1429 3123 civitas,
1451 3045 1485 3106 in
1504 3045 1596 3127 cuius
1613 3044 1705 3108 terri·

305 3150 387 3212 torio
410 3150 478 3212 sive
500 3150 593 3212 metis
615 3149 674 3212 hoc
697 3154 807 3212 contra
822 3154 967 3211 nostrum
990 3150 1114 3231 regium
1137 3150 1276 3212 edictum
1291 3154 1509 3232 perpetratum
1526 3149 1632 3231 luerit,
1654 3150 1703 3213 in-

234 3256 267 3310 25
303 3253 390 3316 colae
406 3254 548 3317 eiusdem
564 3272 622 3317 seu
641 3254 852 3317 communitas
869 3252 1031 3315 advocatis
1053 3253 1187 3316 testibus
1203 3257 1314 3316 contra
1328 3253 1434 3337 ipsum
1450 3251 1621 3316 malifieum
1636 3255 1705 3318 sire

303 3362 570 3440 transgressorem
593 3376 700 3419 coram
722 3358 836 3420 comite
853 3356 1039 3439 provinciali
1054 3357 1214 3440 praedicto
1231 3356 1283 3419 vel
1306 3357 1449 3419 eiusdem
1471 3363 1602 3439 gerente
1617 3358 1704 3422 vices

304 3480 340 3523 ac
363 3461 457 3524 etiam
480 3461 708 3524 communitate
731 3461 915 3544 provinciae
939 3464 1130 3522 memoratae
1155 3457 1259 3522 taliter
1273 3460 1445 3542 procedere
1468 3466 1646 3543 teneantur,
1668 3468 1706 3526 ut

302 3565 371 3647 ipsa
393 3584 496 3646 poena
518 3564 756 3645 delinquentiae
780 3564 928 3627 omnibus
951 3563 1133 3626 videntibus
1156 3568 1188 3626 et
1203 3563 1407 3627 audientibus
1429 3569 1570 3628 transeat
1591 3566 1626 3629 in
1641 3570 1704 3629 ter-

302 3688 415 3732 rorem.
460 3667 492 3731 Si
523 3668 595 3749 quis
625 3688 702 3731 vero
732 3668 767 3730 iu
790 3667 965 3751 praedictas
995 3686 1147 3749 personas
1170 3687 1243 3730 curn
1265 3667 1383 3731 iniuria
1410 3687 1525 3732 manus
1547 3669 1704 3734 uiolentas

232 3776 268 3830 30
303 3772 388 3853 quod
412 3771 494 3834 absit
516 3772 668 3853 iniecerit,
702 3793 722 3834 a
742 3772 902 3855 praedicto
926 3772 1040 3835 comite
1063 3772 1221 3835 adiutorio
1245 3772 1483 3835 communitatis
1506 3772 1608 3837 dictae
1630 3794 1703 3857 pro-

302 3876 427 3939 vinciae
450 3876 475 3938 si
501 3894 629 3939 necesse
648 3876 744 3939 luerit
767 3875 920 3937 advocato
937 3875 1008 3939 talis
1031 3875 1186 3939 malificus
1203 3876 1289 3958 regio
1312 3882 1422 3938 nostro
1437 3876 1555 3940 iudicio
1580 3877 1703 3942 distric-

304 3979 424 4041 tissimo
448 3999 520 4042 curn
544 3997 647 4061 poena
662 3979 874 4041 damnationis
890 3980 958 4042 siue
974 3980 1190 4044 misericordia
1205 3986 1434 4063 prosternatur.
1458 3980 1557 4063 Regia
1571 3982 1704 4066 insuper

303 4084 490 4147 auctoritate
505 4089 614 4145 nostra
630 4083 779 4146 volumus
795 4088 826 4146 et
841 4084 1060 4167 praecipimus,
1085 4085 1170 4165 quod
1194 4085 1221 4148 si
1243 4084 1425 4166 praedictus
1447 4104 1554 4148 comes
1569 4086 1700 4169 provin-

301 4187 388 4249 cialis
411 4193 442 4249 et
457 4188 598 4250 eiusdem
621 4187 729 4249 vicarii
749 4187 799 4250 rel
816 4188 909 4250 etiam
926 4186 1136 4268 provinciales
1158 4188 1347 4269 supradicti
1371 4189 1405 4250 in
1421 4189 1569 4252 omnibus
1592 4208 1701 4253 neces·

232 4294 266 4345 35
303 4290 449 4353 sitatibus
472 4297 503 4353 et
526 4290 631 4354 causis
653 4291 835 4354 monasterii
867 4290 1000 4373 praefati
1023 4290 1062 4352 ad
1085 4290 1328 4371 requisitionem
1349 4292 1504 4373 praedicti
1526 4292 1648 4357 abbatis
1671 4300 1703 4358 et

300 4400 479 4457 conventus
502 4401 752 4478 praememorato
768 4400 877 4458 nostro
901 4394 998 4475 regali
1022 4394 1170 4456 mandato
1186 4393 1406 4457 inobedientes
1415 4393 1436 4471 ¹)
1459 4400 1492 4459 et
1506 4397 1703 4481 negligentes

300 4498 488 4579 exstiterint
517 4498 585 4582 ipse
608 4497 705 4562 abbas
735 4504 766 4562 et
795 4505 975 4562 conventus
1003 4497 1062 4561 hoc
1091 4503 1220 4561 nostrae
1242 4499 1347 4580 regiae
1378 4499 1533 4563 maiestati
1555 4501 1701 4565 intimare

303 4602 404 4665 modis
426 4603 576 4665 omnibus
605 4608 774 4666 teneantur
798 4602 849 4683 ita,
881 4608 916 4664 ut
938 4600 1054 4664 exinde
1078 4600 1228 4664 talionem
1251 4601 1391 4665 debitam
1413 4604 1576 4686 recipiant,
1606 4623 1702 4685 quarn

301 4705 383 4769 iuste
406 4710 579 4781 merentur,
603 4706 659 4787 qui
681 4705 842 4788 praedicto
866 4705 1014 4767 mandato
1040 4710 1148 4767 nostro
1171 4710 1203 4768 ot
1219 4705 1324 4787 regiae
1347 4706 1503 4770 maiestati
1518 4726 1702 4791 praesump-

230 4814 266 4867 40
300 4809 400 4872 serint
422 4809 559 4872 obviare.
604 4808 638 4871 Si
667 4808 739 4890 quis
770 4816 878 4872 autern
900 4828 975 4871 reus
998 4827 1054 4890 per
1076 4806 1323 4871 inobedientiam
1347 4813 1379 4872 et
1404 4809 1629 4893 negligentiam
1652 4811 1701 4873 in-

300 4920 416 4978 ventus
446 4915 551 4994 inerit,
583 4915 661 4978 sciat
682 4934 716 4978 se
747 4916 921 4979 certissime
951 4920 1093 4977 nostram
1121 4913 1240 4995 regiam
1270 4915 1466 4978 maiestatem
1493 4914 1538 4978 sic
1560 4914 1701 4997 graviter

300 5017 467 5083 offendisse
498 5038 534 5081 ao
564 5038 622 5102 pro
651 5024 759 5081 nostro
784 5036 859 5081 vero
882 5017 992 5081 rebelli
1015 5017 1155 5100 reputari
1178 5036 1238 5081 neo
1268 5018 1362 5081 etiarn
1385 5018 1454 5082 sine
1476 5017 1588 5101 grandi
1611 5018 1700 5083 satis

299 5120 436 5185 factione
458 5142 515 5204 pro
539 5122 623 5185 dicta
644 5120 914 5204 praevaricatione
937 5120 1037 5183 nostri
1058 5121 1199 5184 mandati
1214 5122 1381 5203 pristinam
1403 5123 1536 5204 gratiam
1559 5128 1701 5185 nostram

299 5225 437 5307 regalem
450 5225 652 5307 aliquatenus
667 5226 866 5309 adepturum.
882 5223 924 5287 nt
940 5244 979 5287 ne
995 5225 1119 5288 amodo
1135 5225 1254 5288 clamor
1267 5226 1485 5307 querimoniae
1500 5225 1699 5309 iniuriarum,

230 5336 264 5386 45
302 5328 534 5410 violentiarum,
557 5329 822 5392 contumeliarum
846 5329 988 5392 omnium
1012 5329 1257 5412 praemissarum
1279 5330 1421 5413 praelato
1444 5330 1550 5394 abbati
1572 5336 1604 5395 et
1625 5350 1700 5394 con-

454 5465 475 5532 ¹)
497 5464 632 5535 Vorlaqe:
650 5464 805 5519 inobientes.
