4064 6288
946 570 1102 665 --152-4

323 755 552 839 compescendo
582 776 646 820 non
675 755 829 820 obstante.
871 754 903 819 Si
926 759 1028 823 eidem
1052 758 1198 822 Ladinlao
1228 758 1295 843 regi
1322 779 1341 821 a
1368 757 1443 821 sede
1465 759 1638 841 apostolica
1667 760 1727 823 sub

325 879 528 942 quacumque
558 861 660 924 forma
682 861 853 925 verborum
884 863 926 925 sit
947 863 1116 945 indultum,
1148 864 1234 944 quod
1258 863 1529 927 excommunicari
1551 870 1608 927 aut
1639 866 1726 947 quod

323 969 425 1027 terrae
448 963 548 1047 ipsius
563 963 708 1027 interdici
732 984 797 1027 non
819 967 944 1048 possint
958 986 1015 1049 per
1036 967 1144 1030 literas
1166 967 1250 1030 sedis
1272 967 1471 1050 apostolicae,
1495 986 1577 1049 quae
1600 968 1725 1051 plenam
1852 1012 1855 1017 -

323 1072 356 1130 et
377 1085 561 1150 expressam
584 1067 623 1131 de
645 1068 771 1131 indulto
788 1069 970 1132 huiusmodi
992 1089 1058 1133 non
1081 1070 1214 1133 fecerint
1232 1071 1427 1133 mentionem
1449 1076 1506 1135 aut
1529 1073 1642 1153 quavis
1665 1072 1727 1135 alia

322 1170 522 1252 indulgentia
548 1171 691 1236 eiusdem
721 1172 814 1255 sedis,
844 1192 901 1256 per
924 1193 1020 1255 quam
1042 1173 1173 1237 effectus
1200 1174 1417 1257 praesentium
1448 1175 1593 1258 impedin'
1623 1174 1728 1238 valeat
1762 1183 1778 1235 5

323 1273 375 1337 vel
398 1273 524 1338 differri.
554 1273 674 1338 Datum
695 1274 815 1339 Romae
837 1277 922 1360 apud
944 1282 1084 1342 sanctam
1106 1276 1276 1361 Sabynam,
1300 1254 1355 1349 [iii
1376 1278 1455 1343 Idus
1476 1277 1597 1362 Marcii,
1622 1279 1728 1364 ponti-

322 1377 436 1445 ficatus
459 1379 560 1445 nostri
583 1398 667 1444 anno
692 1380 841 1446 secunde.

987 1675 1076 1760 att.

404 1842 516 1913 1287
533 1840 642 1911 Mdra
667 1842 727 1911 16.
763 1838 841 1911 Dus
867 1839 1147 1932 Weissenborn
1167 1842 1313 1933 Kapitai
1339 1842 1530 1933 teploubipt
1546 1844 1638 1914 sane
1664 1840 1731 1913 Ur

325 1963 437 2036 made
464 1962 648 2052 tetreflbad
668 1961 808 2034 Garrod
832 1985 897 2033 von
918 1964 1028 2032 1268
1054 1960 1122 2033 Nr.
1141 1963 1220 2032 125
1245 1963 1309 2033 mit
1333 1964 1460 2034 acinam
1478 1985 1587 2035 nmen
1605 1962 1728 2054 Siepel.
1766 1979 1800 2032 10

484 2126 560 2196 Θήρ.
578 2126 659 2195 Perp.
683 2125 787 2195 Uesper.
806 2124 1014 2179 Landcsarcbiv
1032 2126 1184 2193 Budapest.
1203 2124 1292 2194 Siepel
1309 2126 1452 2194 spitaoval,
1471 2126 1667 2180 Durrbmasaer
1686 2130 1730 2180 54

430 2214 488 2267 aad
504 2217 548 2268 3¹4
569 2211 737 2280 centimeter,
755 2213 787 2265 in
804 2211 911 2266 weissen
930 2211 1028 2265 Wacba
1045 2212 1183 2281 proriam
1201 2212 1233 2264 in
1251 2211 1478 2279 Wacbsscbr'tssel,
1498 2230 1537 2266 an
1555 2213 1731 2281 roth-prim

430 2299 631 2354 Seidenacbnur
655 2300 825 2369 anpebdnpt3
850 2298 983 2352 zwisalten
1006 2298 1159 2352 Perllinien
1182 2298 1227 2351 dia
1255 2298 1413 2365 Umscbmtt,
1438 2297 1566 2365 Kapitol,
1589 2297 1612 2350 lt
1636 2297 1731 2351 uncini

430 2386 456 2440 N
479 2386 615 2440 vmtabrt:
639 2386 659 2447 †
676 2385 890 2439 SzchITVLI
903 2404 908 2438 :
922 2384 1086 2439 noctram
1099 2402 1106 2436 t
1118 2384 1393 2438 TRANSSILVANE.
1425 2384 1469 2436 Im
1494 2383 1639 2453 Siequfeld
1662 2384 1730 2437 stcbt

431 2472 567 2541 Erzenpel
578 2471 699 2526 Midian
711 2473 767 2539 aas
775 2471 861 2525 cirum
873 2470 1012 2537 Dracbrn,
1030 2471 1062 2523 in
1074 2471 1127 2524 den
1139 2470 1252 2525 Raclnn
1264 2471 1401 2524 desselben
1419 2471 1478 2525 eino
1491 2471 1585 2524 Lame
1597 2470 1729 2524 descend.
1766 2472 1799 2524 15

430 2559 490 2612 Der
508 2558 592 2627 Kopf
609 2558 656 2612 des
674 2558 806 2612 Dracben
830 2557 945 2624 berindet
968 2558 1026 2611 sict
1050 2557 1130 2610 linita.
1166 2556 1231 2611 aaa
1249 2556 1409 2625 Abbildnnq
1434 2556 1557 2625 Mapyar
1581 2554 1731 2609 idnindmi

431 2645 476 2700 teir
493 2645 539 2713 II,
557 2644 679 2714 Anbanp
696 2644 751 2698 Nr.
768 2647 811 2698 28.

484 2766 596 2821 Druck:
617 2765 707 2821 Oodas
720 2764 835 2835 patrias
858 2765 927 2832 VII,
945 2769 1005 2820 201.

485 2941 668 3025 Capitulum
697 2941 847 3006 ecclesiae
874 2939 957 3003 beati
979 2939 1154 3021 Mychaelis
1183 2939 1362 3022 archangeli
1383 2940 1627 3003 Transsilusnaa
1658 2940 1730 3002 uni·

329 3046 431 3110 versis
454 3045 570 3110 Christi
599 3044 746 3108 fidelibus
775 3062 926 3128 praesens
958 3045 1112 3126 scriptum
1138 3044 1327 3126 inspecturis
1358 3042 1494 3106 salutern
1523 3043 1556 3104 in
1587 3043 1731 3105 omnium
1765 3048 1799 3103 20

330 3149 495 3214 salvatore.
530 3148 763 3213 Universorum
793 3147 923 3209 notitiae
954 3154 1017 3209 tam
1040 3148 1255 3230 praesentium
1287 3166 1383 3228 quam
1405 3147 1587 3210 futurorum
1618 3146 1732 3209 barum

329 3253 410 3317 serie
433 3252 639 3334 declaramus,
670 3251 766 3333 quod,
791 3269 866 3313 cum
887 3256 960 3332 post
981 3249 1234 3313 combustionem
1260 3249 1410 3314 ecclesiae
1432 3256 1560 3313 nostrae
1583 3255 1616 3313 et
1637 3250 1731 3313 amis-

331 3357 454 3420 sionem
484 3356 578 3439 sigilli
608 3356 708 3419 nostri
737 3374 794 3438 per
825 3359 922 3417 totam
953 3358 1070 3417 terram
1098 3353 1355 3417 lbanssiluanam
1387 3354 1514 3437 publice
1543 3353 1731 3437 proclamari

330 3460 524 3541 fecissemus,
555 3465 591 3522 ut
614 3459 809 3540 quicumque
831 3457 939 3520 literas
961 3457 1012 3520 vel
1034 3457 1200 3540 privilegia
1225 3477 1299 3520 cum
1326 3457 1396 3539 ipso
1419 3457 1522 3539 sigillo
1544 3458 1667 3541 perdito
1690 3457 1731 3520 si·

331 3564 454 3647 gilletus
482 3562 644 3644 haberent
674 3581 712 3626 ea
741 3561 833 3624 nobis
860 3561 901 3623 ad
921 3561 1143 3624 renovandum
1169 3581 1242 3625 cum
1272 3581 1356 3624 novo
1391 3562 1493 3644 sigillo
1524 3567 1731 3644 reportarent,
1767 3568 1800 3621 25

331 3686 438 3731 comes
460 3666 576 3729 Petrus
606 3671 638 3729 et
667 3666 817 3748 magister
839 3663 955 3728 Saulus
986 3666 1220 3728 concanonicus
1250 3670 1358 3728 noster
1387 3664 1443 3726 filii
1470 3664 1632 3728 Samsonis
1662 3685 1732 3728 cor-

331 3769 482 3855 poraliter
504 3788 609 3832 coram
632 3767 725 3832 nobis
747 3769 912 3832 constituti
927 3768 1143 3832 exhibuerunt
1164 3769 1367 3852 privilegium
1389 3788 1484 3832 suum
1506 3769 1575 3851 ipso
1598 3768 1730 3850 antiquo

333 3872 435 3955 sigillo
465 3876 575 3935 nostro
606 3877 680 3935 ante
702 3871 954 3935 combustionem
981 3872 1132 3936 ecclesiae
1160 3878 1287 3936 nostrae
1311 3892 1369 3937 seu
1396 3872 1607 3956 perditionem
1638 3871 1733 3954 sigilli

332 3975 434 4040 nostri
450 3975 621 4057 sigillatum
635 3976 670 4037 in
685 3976 762 4039 baec
777 3975 883 4038 verba
909 3973 1013 4058 (Folpt
1028 3974 1077 4038 dic
1100 3973 1246 4039 urana
1263 3975 1314 4039 dea
1337 3974 1577 4058 Weissentarper
1591 3973 1733 4058 Kapitela

332 4100 390 4142 von
410 4078 498 4141 1268
519 4076 577 4141 Nr.
600 4078 691 4159 125.)
721 4078 788 4142 Nos
809 4079 908 4161 igitur
929 4079 969 4142 ad
987 4079 1171 4142 instantiam
1193 4085 1225 4143 et
1245 4080 1431 4162 petitionem
1454 4079 1629 4143 eorundem
1643 4079 1730 4143 Petri
1766 4085 1801 4139 30

333 4188 366 4248 et
386 4182 528 4266 magistri
549 4182 637 4247 Sauli
659 4189 870 4246 memoratum
891 4182 1093 4265 privilegium
1115 4182 1155 4246 de
1177 4182 1275 4246 verbo
1298 4184 1339 4246 ad
1353 4181 1489 4247 verbum
1511 4183 1733 4266 praesentibus

333 4287 498 4369 insertum,
528 4293 566 4350 ut
594 4291 790 4370 praetactum
820 4292 876 4365 est
906 4285 1082 4349 munimine
1110 4287 1286 4369 praesentis
1312 4305 1370 4351 seu
1401 4287 1477 4349 novi
1506 4286 1600 4369 sigilli
1631 4285 1732 4350 nostri

334 4392 467 4455 lecimus
489 4389 640 4453 roborari.
672 4388 792 4454 Datum
813 4389 847 4451 in
874 4389 1032 4451 dominica
1053 4387 1193 4471 Laetme,
1222 4409 1307 4453 anno
1340 4390 1459 4453 domini
1489 4367 1530 4454 il.
1555 4367 1621 4454 dd
1647 4396 1733 4456 octa·

334 4495 454 4579 gesimo
477 4493 619 4578 septimo.

991 4767 1076 4850 217.
1767 4793 1801 4846 35

413 4935 525 5004 1287
541 4930 648 5024 April
668 4935 726 5002 19.
771 4931 977 5020 Theodorus,
1004 4931 1131 5022 Propst
1156 4954 1221 5003 oon
1243 4931 1532 5019 Harmonnstudt,
1560 4932 1613 5003 als
1635 4931 1731 5004 Viae-

337 5054 477 5127 aare
509 5054 549 5124 in
583 5053 645 5124 der
680 5051 843 5124 Urbana
879 5053 937 5124 das
963 5053 1097 5143 Kdniys
1123 5050 1313 5125 Ladisluas
1339 5051 1367 5121 I
1371 5050 1409 5122 V.
1439 5053 1510 5140 fiir
1540 5052 1596 5123 die
1622 5051 1733 5123 Sotae

337 5175 545 5366 meealum
571 5314 632 5388 por
656 5314 784 5366 manus
810 5292 950 5365 discreti
974 5292 1045 5365 viri
1071 5293 1233 5390 magistri
1250 5292 1412 5366 Theodori
1440 5291 1627 5388 praepositi
1646 5290 1732 5384 Sey·

338 5413 521 5508 hiriensis,
555 5413 656 5487 aulae
682 5420 821 5488 nostrae
846 5414 1123 5489 moeeancellarii
1150 5414 1264 5487 dilecti
1291 5419 1324 5486 et
1349 5412 1463 5485 fidelis
1490 5410 1610 5505 nostri,
1641 5433 1732 5485 anno
1767 5429 1802 5484 40
