4106 6294
986 623 1142 721 jau

239 818 292 909 Iffro
516 809 576 876 Die
606 810 713 876 Sabati
744 791 837 878 ΧΧῘ.
859 814 960 898 iunii,
990 816 1168 900 praedictae
1190 816 1382 899 indictionis
1413 824 1661 901 comparuerunt
1690 817 1765 881 dicti

205 900 333 966 mmm·
361 923 585 1000 procuratores
600 917 885 1002 utriusquepartis
908 920 942 982 in
965 919 1083 983 iudicio
1106 940 1212 984 coram
1236 920 1319 984 dicto
1344 920 1471 984 domino
1488 921 1633 985 auditore
1648 927 1766 1006 etpost

362 1021 464 1085 multa
479 1021 563 1085 dicta
578 1027 610 1085 et
625 1021 760 1105 allegata
781 1023 855 1086 hino
876 1023 952 1087 inde
973 1043 1031 1107 per
1045 1024 1217 1088 advocatos
1240 1026 1409 1107 utriusque
1424 1025 1523 1108 partis
1539 1045 1636 1108 super
1650 1026 1765 1107 libello,

362 1125 551 1208 exceptione
573 1129 606 1187 et
628 1125 832 1208 replicatione
854 1127 1034 1209 praedicte,
1061 1128 1165 1191 dictus
1188 1129 1337 1192 dominus
1359 1130 1486 1192 auditor
1507 1128 1682 1211 assignavit
1703 1134 1766 1192 ter-

362 1228 485 1291 minum
499 1229 670 1312 praedictis
691 1230 953 1312 procuratoribus
976 1230 1157 1295 substitutis
1180 1233 1349 1313 utriusque
1371 1233 1471 1315 partis
1494 1233 1534 1295 ad
1556 1233 1638 1295 diem
1656 1232 1765 1296 Martis
1801 1241 1817 1291 5

361 1332 507 1416 proxime
522 1332 668 1396 futurum
691 1332 732 1396 ad
748 1334 996 1417 comparendum
1016 1354 1122 1397 coram
1139 1355 1186 1416 eo,
1210 1336 1350 1399 audituri
1365 1336 1646 1417 interlocutoriam,
1670 1356 1766 1418 quam

362 1455 459 1520 super
488 1436 656 1519 praedictis
686 1437 829 1520 proferre
851 1437 997 1518 intendit,
1030 1438 1207 1501 secundum
1239 1439 1326 1520 quod
1348 1441 1469 1503 iustitia
1496 1439 1651 1522 suadebit,
1682 1440 1765 1504 dicto

361 1540 512 1623 magistro
527 1539 674 1624 Philippo
690 1560 724 1604 se
748 1540 899 1606 offerente
913 1547 1069 1625 paratum,
1092 1542 1167 1606 dare
1192 1548 1224 1607 et
1242 1550 1401 1626 praestare
1424 1545 1604 1607 cautionem
1620 1544 1766 1608 idoneam

362 1644 389 1707 si
418 1663 550 1708 necesse
572 1644 677 1726 fuerit,
709 1665 783 1708 cum
805 1645 957 1709 clausulis
985 1647 1181 1729 opportunis,
1213 1647 1299 1728 qnod
1323 1647 1480 1729 quidquid
1502 1656 1618 1729 actum,
1648 1648 1767 1712 factum

362 1753 396 1812 et
422 1755 628 1832 procuratum
658 1748 754 1812 hierit
775 1768 833 1832 per
855 1768 928 1812 eum
955 1750 989 1812 in
1015 1749 1099 1812 dicta
1128 1769 1225 1813 causa
1254 1756 1286 1814 ot
1316 1751 1401 1833 quod
1433 1752 1553 1814 factum
1583 1757 1632 1815 est
1661 1752 1765 1834 etam,
1802 1757 1836 1810 10

363 1852 494 1916 tuturus
525 1853 692 1936 episcopus
721 1858 827 1915 ratum
856 1852 984 1916 habebit
1013 1859 1045 1916 ot
1070 1853 1207 1935 firmum,
1237 1863 1269 1917 et
1299 1854 1377 1917 illud
1408 1854 1576 1918 ratificabit
1606 1875 1642 1918 ac
1673 1856 1767 1918 etiam

363 1956 558 2041 approbabit

518 2059 578 2124 Die
590 2059 741 2124 Mercurii
756 2039 863 2124 xxi.
878 2061 954 2125 dicti
969 2061 1087 2126 mensis
1099 2061 1198 2145 Junii,
1215 2063 1393 2146 praedictae
1409 2064 1561 2146 septimae
1575 2063 1767 2145 indictionis,

364 2164 621 2249 comparentibus
651 2163 744 2227 dictis
772 2165 1034 2248 procuratoribus
1060 2166 1242 2229 substitutis
1265 2167 1434 2248 utriusque
1457 2169 1556 2252 partis
1585 2169 1620 2231 in
1649 2168 1766 2232 iudicio

364 2290 470 2333 coram
494 2268 577 2333 dicto
600 2268 729 2331 domino
752 2269 898 2332 auditore
913 2269 954 2333 ad
972 2269 1168 2332 audendum
1190 2270 1463 2333 interlocutoriam
1486 2272 1649 2335 ferendam
1671 2292 1768 2355 super
1803 2279 1836 2330 15

365 2373 542 2458 praedictis,
566 2373 719 2454 adquam
741 2372 932 2436 audiendam
954 2372 1137 2436 habueruut
1159 2374 1331 2437 terminum
1354 2375 1421 2438 heri
1439 2374 1490 2439 die
1505 2376 1617 2439 feriata
1638 2382 1768 2460 propter

364 2477 570 2541 festivitatem
582 2476 683 2540 sancti
696 2475 718 2539 J
718 2476 853 2539 ohannis
865 2482 897 2540 et
907 2476 1099 2559 petentibus,
1114 2478 1386 2541 interlocutoriam
1399 2478 1499 2561 ipsam
1511 2498 1568 2562 per
1580 2480 1700 2543 dictum
1712 2480 1768 2543 do·

365 2582 489 2644 minum
511 2581 687 2645 auditorem
718 2581 794 2643 ferri
817 2587 850 2643 et
870 2581 1085 2663 pronunciari,
1116 2580 1199 2644 idem
1223 2581 1371 2644 dominus
1394 2582 1520 2644 auditor
1543 2583 1620 2646 visis
1642 2588 1675 2647 et
1696 2584 1766 2646 dili·

365 2690 477 2768 genter
490 2685 642 2768 inspectis
653 2683 777 2747 iuribus
792 2684 1073 2768 utriusquepartis
1088 2703 1184 2767 super
1199 2683 1305 2747 libello
1322 2691 1353 2748 et
1366 2687 1554 2768 exceptione
1566 2687 1735 2769 praedictis
1744 2687 1765 2765 ¹)

366 2808 403 2853 ao
425 2808 522 2873 super
543 2789 621 2872 ipsis
642 2788 750 2852 habita
771 2788 856 2851 intra
871 2807 905 2851 se
921 2787 1147 2852 deliberatione
1163 2788 1308 2869 sollenni,
1331 2788 1447 2853 Christi
1462 2789 1591 2853 nomine
1608 2791 1765 2872 invocato,
1803 2796 1837 2850 20

366 2893 611 2975 interloquendo
633 2892 868 2976 pronunciavit,
899 2912 997 2975 super
1026 2892 1111 2956 dicto
1133 2892 1240 2955 libello
1272 2893 1360 2957 litem
1383 2894 1622 2957 contestandum
1645 2913 1714 2959 esse
1737 2902 1769 2958 et

366 2997 587 3082 exceptionem
616 2996 808 3079 praedictam
839 3014 902 3059 non
926 2995 1079 3080 impedire
1102 2996 1166 3059 litis
1188 2997 1449 3061 contestationem
1481 2997 1662 3061 huiusmodi
1693 2998 1769 3061 iaci-

367 3102 481 3166 endam
503 3120 600 3185 super
621 3100 728 3165 libello
750 3099 920 3183 praedicto.

522 3207 552 3267 A
568 3224 633 3287 qua
647 3204 886 3268 interlocutoria
901 3205 1006 3268 dictus
1022 3203 1187 3288 Vagnolus
1209 3208 1429 3289 procuratorio
1447 3208 1575 3270 nomine
1591 3226 1656 3289 quo
1673 3226 1771 3291 supra

367 3310 451 3375 illico
468 3310 543 3374 viva
556 3328 636 3374 voce
658 3308 837 3392 appellavit,
860 3314 1049 3392 protestans,
1073 3309 1160 3390 quod
1174 3308 1312 3374 intendit
1327 3308 1571 3393 appellationem
1584 3310 1769 3374 huiusmodi
1803 3315 1837 3369 25

292 3498 297 3503 ¹
368 3415 443 3479 dare
465 3415 500 3477 in
523 3414 656 3498 scriptis.

523 3517 584 3582 Cui
605 3518 808 3602 appellationi
831 3517 934 3582 dictus
957 3517 1105 3581 dominus
1124 3517 1251 3581 eruditor
1275 3537 1338 3581 non
1362 3517 1485 3589 detulit,
1508 3518 1663 3582 mandans
1685 3519 1769 3583 dicto

368 3622 514 3707 Vagnolo
529 3621 689 3706 praesenti
705 3621 745 3685 ad
763 3622 949 3704 petitionem
964 3621 1040 3685 dicti
1059 3622 1198 3704 magistri
1215 3621 1360 3705 Philippi,
1384 3622 1470 3703 quod
1490 3643 1559 3686 cras
1579 3623 1613 3685 in
1628 3624 1770 3706 vesperis
1863 3606 1868 3616 ’

369 3727 581 3812 peremptorie
603 3731 784 3809 compareat
806 3745 911 3789 coram
934 3744 972 3789 eo
995 3725 1034 3788 ad
1057 3725 1299 3788 contestandum
1323 3726 1412 3789 litem
1434 3745 1531 3810 super
1553 3725 1659 3789 libello
1678 3746 1769 3810 prae·

369 3833 462 3895 dicto.
484 3830 649 3895 Mandavit
660 3830 755 3893 etiam
770 3829 854 3891 dicto
870 3829 1020 3911 magistro
1036 3828 1191 3911 Philippo,
1208 3830 1294 3909 quod
1311 3836 1491 3912 compareat
1506 3830 1650 3893 similiter
1661 3850 1768 3894 coram
1804 3836 1839 3889 30

369 3955 407 4000 eo
423 3935 463 3999 ad
477 3935 704 4019 praestandum
719 3933 898 4027 cautionem
914 3933 1070 4013 idoneam,
1091 3933 1178 4013 quod
1193 3933 1323 3997 futurus
1338 3934 1507 4017 episcopus
1523 3938 1627 3996 ratum
1642 3933 1771 3997 habebit

370 4045 402 4104 et
415 4038 553 4122 firmum,
597 4038 731 4121 uidquid
755 4043 870 4119 actum,
892 4042 1098 4121 procuratum
1122 4042 1154 4100 et
1176 4037 1295 4101 iactum
1317 4037 1415 4101 hierit
1434 4037 1468 4100 in
1489 4057 1587 4101 causa
1600 4036 1769 4121 praedicta

527 4350 671 4435 Comm’)
693 4349 785 4419 vobis
807 4351 982 4421 reverendo
999 4350 1068 4420 viro
1092 4351 1220 4420 dominu
1236 4350 1382 4439 Philippo
1405 4360 1438 4420 et
1452 4359 1558 4419 cetera
1580 4352 1769 4438 excipiendo

371 4479 514 4545 propono
546 4480 603 4543 ego
627 4459 793 4542 Vagnolus
823 4466 1010 4543 procurator
1040 4459 1233 4523 substitutus
1266 4459 1435 4522 adomino
1458 4457 1633 4524 Berthuldo
1655 4477 1769 4541 procu-

372 4569 477 4628 ratore
500 4562 563 4626 VH
584 4562 806 4647 capitulorum,
829 4562 950 4626 scilicet
976 4562 1014 4626 de
1037 4560 1148 4639 Sabus,
1171 4562 1210 4626 de
1233 4562 1364 4646 Spreng,
1388 4564 1427 4627 de
1449 4562 1540 4642 Kizd,
1563 4560 1603 4624 de
1625 4559 1715 4623 Kozd
1738 4565 1771 4622 et
1805 4566 1839 4619 35

373 4668 412 4733 de
442 4667 521 4749 Criu,
556 4668 595 4731 do
625 4668 736 4731 maiori
766 4666 896 4731 Kulrulo
928 4672 961 4730 et
989 4666 1029 4730 de
1058 4667 1174 4728 minori
1202 4666 1333 4730 Kukulo
1360 4666 1603 4730 Transsiluanae
1637 4665 1771 4729 diocesis

372 4779 483 4835 contra
512 4771 698 4855 magistrum
727 4770 911 4855 Philippum
940 4777 1179 4854 procuratorem
1210 4770 1418 4834 substitutum
1449 4790 1468 4833 a
1500 4769 1629 4832 domino
1654 4767 1770 4831 Sancto

372 4880 577 4959 procuratore
608 4875 737 4957 capituli
760 4875 985 4953 lhunssiluuni,
1015 4882 1047 4938 et
1076 4880 1187 4938 contra
1208 4874 1350 4939 libellum
1380 4894 1438 4957 per
1467 4892 1541 4937 eum
1563 4874 1770 4956 propositum,

372 4978 406 5040 in
430 4998 494 5060 quo
517 4977 623 5041 libello
644 4978 730 5042 idem
745 4978 911 5062 Philippus
926 4987 1114 5062 procurator
1135 4980 1223 5062 petit,
1246 4979 1365 5041 dictum
1382 4978 1546 5040 dominum
1561 4974 1770 5040 Bertholdum

372 5086 611 5165 procuratorem
642 5085 679 5144 ut
701 5100 798 5164 supra
820 5081 1023 5145 condemnari
1055 5082 1089 5143 in
1112 5080 1198 5144 mille
1220 5080 1334 5143 marcis
1356 5079 1414 5142 fini
1436 5079 1560 5163 argenti
1582 5079 1621 5142 ad
1644 5078 1771 5161 pondus
1805 5082 1841 5136 40

530 5252 550 5320 ¹)
567 5250 655 5307 libello
674 5251 716 5307 bis
734 5252 873 5321 praedictis
891 5253 948 5319 aas
961 5253 1021 5307 dem
1039 5251 1125 5306 Rana
1142 5250 1350 5320 παώρείναρεπ.

529 5341 550 5407 ¹)
573 5339 635 5395 Von
652 5340 747 5394 Coram
770 5338 813 5394 bis
836 5338 1046 5394 dmdliessiich
1066 5340 1126 5407 post
1142 5339 1242 5391 testum
1260 5337 1344 5391 sancti
1361 5336 1496 5391 Michaelis
1515 5335 1633 5404 proxime
1651 5336 1771 5389 futurum

373 5424 445 5480 sau
456 5429 509 5480 291
527 5425 602 5480 Zeita
613 5430 648 5481 29
666 5426 837 5481 Brucluttct
855 5442 908 5480 aaa
925 5426 984 5480 dam
996 5425 1122 5491 Proteos,
1139 5424 1247 5478 welches
1264 5423 1397 5477 aaudiat
1413 5423 1474 5477 dem
1491 5427 1533 5477 41.
1553 5422 1612 5477 aad
1628 5426 1671 5476 43.
1684 5422 1771 5489 Bion,

374 5511 431 5582 aus
443 5512 503 5571 dem
520 5516 572 5582 42,
590 5513 656 5567 aber
674 5512 748 5568 nield
766 5512 959 5567 nummrr'rten
979 5511 1058 5565 aaa
1074 5511 1123 5565 der
1141 5509 1330 5577 Haadscbrift
1347 5508 1522 5581 dagatrapea
1539 5508 1584 5564 ist.
