4064 6288
985 566 1138 659 aa„

364 751 541 835 effugasset,
571 752 748 815 exercitum
769 752 990 835 Hungaricum
1019 761 1052 819 et
1074 754 1289 835 Comanicum,
1321 774 1417 837 quem
1438 756 1522 818 idem
1545 774 1626 819 arus
1655 760 1765 819 noster

364 855 403 918 ad
435 856 611 937 fugandum
643 861 765 939 patrem
799 863 945 920 nostrum
975 860 1112 939 irriserat,
1147 860 1229 923 idem
1259 859 1382 940 Myhud
1415 860 1519 923 banus
1553 864 1585 922 et
1615 860 1765 942 magister

364 957 529 1021 Emericus
544 957 641 1021 irater
656 960 798 1023 eiusdem
821 980 857 1023 ac
880 962 977 1024 ceteri
991 962 1127 1026 barones
1149 965 1247 1047 patris
1266 964 1366 1026 nostri
1382 964 1578 1027 devicerunt
1602 964 1664 1028 Ubi
1680 965 1764 1027 idem

364 1061 487 1143 Myhud
507 1061 609 1125 banus
632 1082 704 1125 cum
728 1065 887 1146 praedicto
910 1066 1060 1147 magistro
1076 1066 1221 1130 Emerico
1244 1068 1341 1131 tratre
1364 1087 1422 1130 suo
1445 1067 1617 1130 laudabilia
1635 1070 1765 1132 servitia

364 1166 488 1229 cunctis
509 1166 710 1229 intuentibus
738 1168 883 1232 exhibuit
904 1176 936 1233 et
959 1171 1120 1253 impendit
1154 1171 1289 1235 Etcum
1320 1173 1403 1234 idem
1426 1191 1483 1235 rex
1507 1172 1585 1235 Bela
1612 1173 1763 1236 maiorem
1799 1180 1815 1230 5

364 1269 540 1332 exercitum
571 1270 729 1353 praeduce
751 1271 926 1335 Laurencio
952 1272 1017 1335 filio
1040 1272 1179 1355 Kemyni
1202 1281 1313 1338 contra
1338 1276 1444 1358 ipsum
1465 1282 1588 1359 patrem
1618 1282 1764 1340 nostrum

364 1374 562 1455 destinasset,
593 1380 625 1438 et
655 1375 738 1438 idern
761 1383 851 1459 pater
872 1382 982 1440 noster
1002 1397 1076 1441 cum
1103 1378 1272 1462 praedictis
1295 1378 1418 1460 Myhud
1440 1379 1522 1442 bano
1553 1385 1585 1443 et
1616 1380 1763 1463 magistro

363 1477 509 1542 Emerico
540 1498 576 1542 ac
606 1478 676 1542 aliis
704 1480 878 1544 baronibus
907 1482 975 1545 suis
996 1482 1029 1544 in
1060 1488 1200 1545 castrum
1222 1483 1446 1547 Felreteuholm
1473 1490 1622 1546 vocatum
1652 1502 1686 1547 se
1715 1485 1765 1546 in-

364 1583 519 1663 clusisset
550 1583 625 1647 dicti
647 1583 770 1666 Mylrud
799 1585 903 1649 banus
926 1592 958 1650 et
983 1586 1133 1668 magister
1155 1586 1320 1650 Emericus
1349 1607 1386 1649 ac
1416 1587 1468 1649 alii
1498 1586 1634 1650 barones
1664 1588 1765 1671 ipsius

364 1688 463 1770 patris
492 1688 602 1769 nostri,
631 1688 670 1752 de
699 1690 858 1772 praedicto
890 1697 992 1755 castro
1023 1696 1188 1771 exeuntes,
1217 1710 1291 1752 cum
1318 1691 1463 1753 exercitu
1492 1691 1543 1752 avi
1574 1691 1674 1753 nostri
1703 1691 1763 1754 sub
1800 1695 1834 1749 10

365 1791 476 1854 eodem
506 1798 609 1855 castro
640 1791 773 1854 viriliter
799 1801 1025 1875 pugnaverunt
1046 1801 1078 1857 et
1101 1794 1213 1856 eodem
1239 1795 1381 1857 exercitu
1412 1794 1537 1858 devicto
1568 1794 1764 1878 triumphum

364 1893 556 1958 laudabilem
579 1901 790 1979 reportarunt,
813 1895 1024 1960 laurencium
1049 1896 1151 1960 filium
1174 1896 1313 1978 Kemyni
1336 1904 1368 1960 et
1391 1898 1469 1960 alios
1491 1898 1670 1981 complures
1692 1917 1764 1982 cap-

364 1998 494 2062 tivando
525 2003 557 2062 et
587 1999 632 2062 sic
662 2000 766 2082 ipsum
788 2005 911 2083 patrem
933 2008 1079 2065 nostrum
1110 2002 1149 2065 de
1171 2001 1331 2085 praedicto
1361 2008 1464 2064 castro
1494 2003 1561 2065 suis
1591 2002 1765 2068 virtutibus

363 2102 548 2167 liberarunt
581 2103 659 2167 Post
681 2122 843 2187 egressum
866 2110 972 2168 autem
1003 2106 1145 2170 eiusdem
1168 2107 1266 2189 patris
1291 2106 1392 2169 nostri
1415 2106 1454 2170 de
1476 2108 1637 2191 praedicto
1659 2113 1763 2172 castro

364 2207 492 2269 tertium
516 2208 693 2272 exercitum
716 2208 922 2272 Comanicnm
951 2210 1092 2273 eiusdem
1115 2211 1166 2272 ari
1195 2210 1305 2290 nostri,
1335 2215 1446 2272 contra
1468 2215 1590 2292 patrem
1616 2217 1762 2274 nostrum
1800 2215 1833 2267 15

364 2311 594 2393 transmissum,
617 2312 709 2375 cuius
732 2313 800 2375 dux
823 2312 919 2376 Menlr
942 2312 1102 2376 Cumanus
1124 2313 1237 2395 iuerat,
1258 2314 1354 2377 iidem
1373 2312 1495 2394 Myhud
1518 2313 1621 2377 banus
1644 2319 1676 2376 et
1698 2332 1764 2375 ma·

365 2417 463 2498 gister
475 2415 641 2479 Emericus
652 2436 689 2479 ac
701 2416 753 2479 alii
765 2416 900 2479 barones
911 2415 1062 2499 praedicti
1074 2417 1172 2499 patris
1188 2417 1288 2479 nostri
1300 2418 1495 2480 devicerunt.
1517 2417 1598 2481 Item
1614 2421 1763 2499 quartum

365 2520 540 2582 exercitum
564 2520 716 2602 praedicti
739 2522 790 2583 avi
813 2521 923 2603 nostri,
946 2521 1038 2584 cuius
1061 2521 1129 2584 dux
1150 2520 1259 2602 Erney
1282 2521 1385 2584 banus
1407 2522 1519 2603 iuerat,
1543 2521 1687 2585 similiter
1709 2522 1764 2585 de·

362 2625 518 2687 vicerunt
541 2623 749 2687 Postmodum
764 2629 872 2688 autem
888 2625 1064 2688 exercitum
1083 2625 1158 2687 dicti
1181 2625 1233 2687 avi
1255 2626 1365 2707 nostri,
1388 2627 1480 2689 cuius
1503 2626 1570 2689 dur
1585 2625 1664 2689 Bela
1677 2624 1763 2688 filius

364 2725 510 2790 dominae
526 2726 639 2790 Annae
655 2726 723 2790 dux
738 2728 777 2791 de
793 2728 929 2791 Machou
951 2729 1064 2809 fuerat,
1089 2747 1184 2809 quem
1206 2736 1318 2792 contra
1336 2736 1458 2813 patrem
1473 2734 1620 2792 nostrum
1634 2728 1764 2791 miserat
1799 2731 1833 2786 20

362 2829 485 2910 iterato,
518 2829 553 2892 in
582 2830 652 2893 loco
682 2831 828 2916 Ilsuazeg
858 2837 970 2895 vocato
1004 2832 1236 2916 praenominati
1265 2832 1388 2915 Myhnd
1421 2833 1523 2896 banus
1554 2837 1586 2895 et
1614 2832 1765 2914 magister

363 2931 528 2996 Emericus
558 2953 595 2996 ac
624 2934 676 2996 alii
699 2935 835 3000 barones
864 2938 964 3020 patris
986 2937 1087 3000 nostri
1117 2937 1305 3000 devicerunt
1327 2942 1360 3000 et
1380 2935 1572 2999 laudabilem
1599 2936 1763 2998 victoriam

364 3035 581 3117 obtinuerunt,
603 3037 773 3101 Herricum
796 3039 915 3103 benum
938 3046 1015 3104 tunc
1037 3040 1213 3124 palatinum
1236 3046 1268 3103 et
1289 3039 1368 3103 alios
1395 3038 1621 3123 quamplures
1644 3059 1685 3104 ex
1708 3040 1764 3103 ho-

364 3140 503 3204 minibus
531 3141 674 3206 eiusdem
702 3143 756 3205 avi
784 3144 885 3207 nostri
907 3145 1106 3228 captivando,
1129 3143 1288 3209 Preuchul
1310 3143 1505 3207 Theutonico
1533 3149 1611 3207 tunc
1641 3150 1764 3208 rectore

364 3246 459 3310 castri
481 3245 642 3311 Budensis
664 3252 696 3311 et
718 3247 788 3311 aliis
811 3267 907 3330 quam
929 3247 1076 3332 pluribus
1098 3248 1265 3332 captivatis
1287 3253 1319 3312 et
1342 3248 1436 3311 etiam
1458 3248 1665 3331 interemptis.
1698 3246 1762 3311 Ubi
1799 3250 1832 3305 25

363 3348 438 3413 licet
467 3350 527 3433 ipsi
550 3350 674 3432 Mylrud
695 3350 798 3415 banus
821 3358 853 3415 et
875 3352 1024 3435 magister
1046 3352 1212 3416 Emericus
1241 3351 1343 3415 multa
1363 3350 1524 3416 fidelitatis
1547 3352 1676 3415 servitia
1705 3352 1764 3414 im-

363 3454 556 3537 pendissent,
586 3460 691 3519 tamen
722 3455 805 3520 idem
829 3455 952 3537 Myhnd
982 3456 1085 3520 banus
1114 3455 1192 3519 inibi
1215 3455 1322 3518 letalia
1350 3457 1485 3520 vulnera
1506 3461 1555 3520 est
1585 3475 1764 3540 perpessus

365 3557 448 3621 sicut
462 3558 539 3621 haec
555 3559 661 3621 omnia
682 3561 715 3622 in
739 3560 890 3643 praedicti
904 3561 1003 3643 patris
1026 3561 1126 3623 nostri
1145 3559 1311 3643 privilegio
1334 3560 1426 3622 nohis
1440 3559 1567 3643 plenius
1581 3566 1763 3644 patuerunt.

365 3660 515 3725 Constitit
537 3663 631 3725 etiam
654 3663 746 3727 nobis
775 3664 973 3747 praedictum
995 3663 1117 3744 Mykud
1140 3662 1259 3726 banum
1282 3663 1384 3726 eidem
1411 3664 1492 3746 patri
1515 3671 1624 3728 nostro
1648 3664 1764 3728 multas

364 3765 440 3829 alias
462 3764 630 3831 fidelitates
652 3775 685 3831 et
706 3768 836 3831 servitia
858 3788 954 3849 quam
976 3766 1114 3851 plurima
1133 3766 1334 3849 impendisse.
1361 3767 1429 3830 Nos
1451 3768 1559 3850 itaque
1580 3789 1638 3852 pro
1662 3773 1709 3831 tot
1731 3772 1764 3831 et
1798 3772 1834 3825 30

365 3871 462 3934 tantis
491 3871 630 3934 servitiis
663 3870 738 3933 dicfi
768 3870 891 3952 Myhud
920 3871 1011 3952 bani,
1042 3872 1180 3934 maxime
1213 3890 1287 3934 cum
1316 3889 1373 3954 per
1402 3870 1588 3935 relationem
1621 3871 1763 3934 omnium

363 3972 521 4038 baronum
543 3980 576 4038 et
597 3974 752 4038 nobilium
774 3975 863 4058 regni
880 3975 980 4038 nostri
1000 3975 1092 4038 nohis
1113 3981 1199 4039 certo
1222 3976 1340 4039 certius
1362 3975 1564 4057 constitisset,
1586 3975 1764 4059 praelatum

364 4076 488 4159 Mylrud
516 4077 636 4142 banum
666 4078 856 4143 turbationis
885 4081 975 4162 regni
998 4081 1098 4144 nostri
1121 4086 1272 4163 tempore,
1296 4080 1424 4160 quando
1455 4077 1598 4142 infideles
1628 4078 1764 4142 barones

365 4183 465 4245 nostri
481 4188 513 4246 et
536 4202 646 4245 eorum
669 4183 838 4266 complices
860 4204 994 4267 reguum
1010 4192 1157 4247 nostrum
1179 4183 1272 4246 nobis
1294 4182 1397 4246 adhuc
1419 4183 1454 4244 iu
1476 4183 1648 4245 tenerrima
1661 4188 1764 4246 aetate

363 4285 552 4368 constitutis
582 4287 734 4350 intestino
754 4288 873 4370 proeho
896 4287 1134 4370 perturbabant,
1164 4289 1197 4351 in
1220 4306 1319 4371 regno
1342 4291 1451 4349 nostro
1474 4284 1596 4348 nullam
1619 4285 1761 4348 destruc-
1797 4289 1831 4343 35

364 4389 482 4452 tionem
497 4390 688 4472 nullumque
703 4398 929 4455 nocumentum
947 4392 1150 4472 commisisse,
1166 4391 1339 4474 praefatam
1354 4388 1462 4452 villam
1477 4388 1765 4453 Dobolrawarfolua

363 4498 508 4555 vocatam
530 4513 605 4556 cum
627 4495 737 4558 eadem
760 4501 844 4558 terra
865 4494 972 4559 Lusad
993 4515 1096 4559 vacua
1118 4503 1150 4558 et
1175 4495 1244 4557 aliis
1266 4493 1376 4556 vacuis
1399 4494 1492 4556 terris
1514 4513 1551 4556 ac
1573 4493 1764 4557 utilitatibus

362 4595 597 4679 pertinentibus
608 4597 648 4660 ad
664 4597 805 4677 eandem,
820 4600 897 4661 item
909 4600 1163 4681 praenominatas
1179 4604 1278 4662 terras
1291 4596 1498 4679 Igruchteluh
1513 4603 1545 4660 et
1555 4596 1764 4681 Kerelryghaz

364 4706 565 4783 nuncupatas
587 4721 661 4764 cum
684 4702 832 4766 omnibus
853 4702 1044 4767 utilitatibus
1066 4711 1099 4767 et
1123 4702 1323 4786 pertinentiis
1345 4700 1516 4764 earundem
1540 4700 1600 4763 sub
1623 4702 1764 4782 antiquis

363 4805 456 4867 metis
479 4811 510 4868 et
540 4806 693 4887 terminis,
724 4807 992 4887 quemadmodum
1022 4806 1148 4869 easdem
1177 4805 1359 4889 praedictus
1384 4824 1443 4867 rex
1466 4803 1645 4888 Stephanus
1674 4810 1764 4887 pater
1798 4808 1834 4862 40

336 4912 472 4971 'noster
494 4909 555 4991 ipsi
576 4908 699 4990 Myhud
718 4909 801 4972 bauo
824 4911 1021 4994 dignoscitur
1047 4910 1229 4989 contulisse,
1251 4915 1347 4992 prout
1374 4909 1406 4971 in
1429 4909 1572 4972 eiusdem
1597 4907 1763 4991 privilegio

363 5012 490 5094 plenius
513 5013 651 5077 vidimus
674 5015 839 5097 contineri,
870 5015 1048 5079 dimisimm
1070 5020 1102 5077 et
1123 5014 1321 5096 reliquimus,
1343 5033 1380 5076 ac
1402 5013 1496 5076 etiam
1519 5014 1558 5076 de
1581 5030 1665 5075 novo
1688 5031 1764 5075 con-

363 5115 496 5180 tulimus
526 5123 623 5200 atque
648 5119 836 5182 tradidimus
864 5124 1050 5202 praenotato
1076 5117 1199 5199 Mylrud
1231 5117 1313 5182 bano
1342 5123 1375 5181 et
1395 5135 1452 5200 per
1473 5135 1548 5181 eum
1577 5115 1645 5179 suis
1674 5113 1764 5178 here-

364 5219 458 5283 dibus
491 5221 710 5305 heredumque
739 5242 871 5286 suorum
905 5221 1143 5287 successoribus
1171 5222 1242 5284 iure
1270 5226 1424 5305 perpetuo
1454 5226 1486 5282 et
1514 5218 1765 5284 irrevocabiliter

363 5324 586 5408 possidendas,
620 5325 819 5390 collationem
849 5345 907 5410 per
939 5327 1045 5408 ipsum
1078 5332 1200 5409 patrem
1234 5331 1380 5388 nostrum
1414 5325 1497 5388 dicto
1528 5322 1651 5406 Mylrud
1680 5322 1763 5386 bano
1798 5327 1833 5381 45

365 5428 404 5492 de
426 5429 587 5512 praedicta
609 5429 685 5493 villa
706 5435 738 5494 et
760 5431 852 5494 terris
874 5449 972 5513 supra
990 5430 1082 5493 dictis
1100 5429 1163 5492 iam
1185 5428 1307 5492 dudum
1326 5429 1442 5492 iactam
1464 5428 1652 5492 auctoritate
1673 5445 1765 5510 prae·
