4086 6300
1008 628 1163 724 —a-sa—

538 814 677 879 Karolus
699 815 751 880 dei
771 814 1080 899 gratiaHungariae,
1101 814 1292 898 Dalmaciae,
1315 814 1473 898 Oroaoiae,
1494 815 1622 900 Ramae,
1644 815 1784 901 Seruios,

381 919 546 1001 Galliciae,
568 919 784 1002 Lodomeriae,
808 918 978 984 (lomaniae
992 919 1227 1004 Bulgaiiaeque
1248 938 1316 1001 rex,
1338 919 1487 1003 princeps
1501 918 1732 1005 Sallcrnitanus
1753 925 1785 985 et

384 1024 513 1087 honoris
528 1043 565 1087 ac
580 1023 698 1087 montis
714 1023 815 1086 sancti
823 1022 939 1106 Angeli
953 1022 1103 1088 dominus
1114 1022 1263 1087 omnibns
1274 1021 1392 1087 Christi
1403 1021 1550 1086 fidelibus
1562 1021 1783 1105 praesentibus

382 1134 414 1191 et
436 1127 554 1191 tuturis
576 1127 722 1191 notitiam
742 1126 959 1210 praesentium
980 1126 1136 1191 habituris
1158 1114 1300 1191 salutem*
1315 1128 1349 1189 in
1372 1128 1514 1191 omnium
1534 1126 1701 1191 salvatore.
1731 1126 1784 1190 Ad

384 1231 608 1294 universorum
631 1230 777 1294 notitiam
798 1234 910 1295 tenore
928 1232 1145 1314 praesentium
1160 1229 1310 1295 volumus
1323 1232 1501 1315 pervenire,
1525 1231 1613 1314 quod
1633 1230 1709 1296 licet
1722 1250 1782 1295 nos
1817 1236 1835 1290 5

382 1353 420 1398 eo
443 1334 640 1399 necessitatis
668 1338 797 1398 nostrae
824 1338 975 1417 tempore,
1007 1353 1072 1416 quo
1094 1333 1348 1418 gubernaculum
1373 1335 1463 1418 regni
1485 1336 1586 1399 nostri
1608 1334 1648 1399 ad
1669 1354 1784 1399 manns

386 1443 512 1502 nostras
542 1438 645 1522 regias
667 1436 809 1501 nondum
840 1437 934 1520 plene
957 1437 1129 1502 devenerat
1157 1457 1215 1522 per
1243 1437 1488 1502 nefandissimos
1508 1436 1687 1502 infidelium
1708 1456 1782 1502 nos·

384 1547 508 1606 trorum
529 1559 699 1626 processus
721 1540 822 1605 coacti
843 1540 937 1604 nobis
958 1541 1127 1626 providere
1143 1542 1182 1606 de
1204 1541 1344 1605 remedio
1367 1546 1547 1625 opportuno
1571 1541 1728 1623 quosdam
1742 1541 1782 1605 de

382 1644 527 1729 partibus
547 1643 790 1725 transsiluauis,
821 1661 959 1725 quorum
988 1645 1197 1728 petitionibus
1225 1644 1265 1709 de
1295 1646 1349 1708 via
1370 1645 1557 1709 necessitate
1590 1644 1783 1709 debebamus

382 1748 538 1819 inclinari.
560 1767 580 1811 a
600 1747 718 1811 iudicio
748 1752 781 1812 et
802 1746 1020 1811 iurisdictione
1043 1747 1198 1811 vaivodae
1219 1747 1436 1811 Trmssiluani
1461 1766 1519 1832 pro
1542 1754 1684 1833 tempore
1705 1767 1782 1812 con·
1818 1752 1852 1806 10

384 1853 488 1916 stituti
510 1853 697 1934 eximentes,
719 1856 829 1914 nostro
846 1856 970 1914 tantum
992 1850 1110 1914 iudicio
1134 1851 1323 1915 duxerimus
1337 1851 1556 1915 reservandos.
1579 1849 1663 1928 Quia
1676 1856 1784 1915 tamen

383 1954 510 2018 favente
533 1973 580 2037 eo,
603 1955 696 2018 cuius
714 1959 764 2018 est
786 1960 871 2018 terra
892 1959 925 2018 et
946 1954 1111 2038 plenitudo
1133 1954 1213 2038 eius,
1235 1955 1330 2039 pleno
1352 1954 1498 2038 regimini
1519 1955 1611 2038 regni
1632 1954 1734 2019 nostri
1749 1955 1783 2017 in

384 2058 471 2120 omni
494 2058 545 2121 sui
566 2063 657 2141 parte
678 2056 855 2121 infidelium
878 2063 1061 2122 nostrorum
1082 2058 1254 2122 insultibus
1269 2076 1402 2142 prorsus
1423 2058 1550 2122 evitatis
1572 2057 1635 2120 iam
1650 2056 1784 2121 feliciter

385 2159 611 2244 praesidemus,
641 2161 796 2225 iustitiam
825 2161 957 2225 cuilibet
986 2159 1254 2243 quemadmodum
1275 2180 1318 2224 ex
1341 2161 1446 2225 officio
1472 2160 1565 2225 nobis
1586 2160 1785 2225 incumbenti

384 2269 531 2328 tenemur
553 2264 685 2330 reddere
700 2265 875 2350 cupientes,
899 2265 976 2348 quia
989 2264 1085 2329 etiam
1100 2263 1304 2347 magnificum
1319 2265 1425 2328 virum
1439 2264 1590 2329 Thomam
1613 2264 1782 2328 vaivodam
1818 2269 1851 2323 15

383 2367 646 2452 Transsiluanum
676 2374 708 2433 et
737 2370 885 2433 comitem
914 2368 955 2433 de
977 2369 1090 2432 Zonulr
1120 2368 1270 2432 dilectum
1292 2373 1326 2431 et
1349 2367 1475 2433 fidelem
1503 2374 1659 2451 nostrum,
1689 2386 1784 2450 quem

385 2492 444 2536 nos
458 2478 588 2556 propter
601 2472 809 2537 laudabilium
819 2472 840 2548 ¹)
864 2491 996 2536 suarum
1010 2471 1199 2536 fidelitatum
1215 2471 1376 2555 praeclara
1390 2473 1504 2537 merita
1517 2472 1558 2535 ad
1572 2471 1785 2535 assismdum

385 2576 501 2659 iugiter
523 2576 609 2658 regio
633 2575 724 2639 lateri
747 2582 856 2641 nostro
879 2595 955 2659 prae
978 2575 1048 2639 aliis
1070 2576 1189 2639 nostris
1211 2573 1359 2639 fidelibus
1381 2574 1578 2658 elegeramus
1600 2579 1633 2638 et
1654 2575 1694 2638 ad
1709 2593 1785 2638 con·

386 2679 492 2743 tinuas
521 2698 633 2762 preces
655 2683 688 2743 et
717 2679 883 2743 instantias
913 2679 1105 2743 subiectivas
1135 2679 1299 2742 hominum
1321 2677 1620 2743 Transsiluanorum
1642 2678 1786 2743 fidelium

385 2787 568 2846 nostrorum
590 2781 681 2846 velut
702 2782 881 2847 modestum
903 2781 966 2847 fide
988 2787 1187 2847 constantem
1210 2786 1242 2846 et
1264 2782 1350 2866 pacis
1365 2786 1538 2846 amatorem
1561 2783 1595 2845 in
1616 2782 1785 2846 vaivodam
1819 2786 1855 2841 20

387 2885 598 2969 praefecimus
612 2885 883 2970 Transsiluanum,
907 2905 1033 2950 omnem
1057 2885 1319 2968 tranquillitatem
1343 2890 1375 2949 et
1398 2885 1633 2950 observantiam
1646 2886 1786 2950 iustitiae

378 2990 419 3052 'in
449 2989 552 3054 medio
583 2989 757 3054 eorundem
787 2990 970 3054 invenimus
1000 3008 1158 3065 exercere,
1191 2993 1288 3073 prout
1320 2989 1380 3053 hoc
1404 3008 1445 3053 ex
1467 2988 1621 3053 relatione
1642 2990 1784 3072 ipsorum

386 3092 685 3157 Transsiluanorum
700 3098 734 3158 et
748 3092 965 3177 probabilibus
981 3092 1180 3156 documentis
1203 3092 1320 3156 exinde
1336 3092 1416 3157 datis
1431 3093 1592 3178 colligitur
1614 3092 1786 3175 evidenter,

387 3197 554 3261 universas
566 3198 683 3281 gratias
695 3202 820 3261 nostras
831 3196 1043 3280 exemptionis
1054 3201 1086 3260 et
1096 3196 1204 3259 literas
1216 3196 1466 3279 exemptionalcs
1477 3196 1660 3261 huiusmodi
1669 3196 1787 3280 giatias

386 3301 587 3365 continentes
611 3300 806 3383 quibuslibet
827 3300 1010 3365 hominibus
1031 3299 1131 3383 partis
1144 3299 1387 3363 Transsiluanae
1406 3319 1573 3365 concessas
1587 3318 1784 3381 revocamus,
1819 3301 1854 3357 25

387 3410 421 3468 et
442 3424 552 3470 omnes
582 3424 695 3470 causas
724 3405 971 3489 occupationum
1000 3404 1238 3488 possessionum
1267 3408 1300 3467 et
1321 3403 1398 3468 alias
1427 3423 1647 3487 quascumque
1669 3403 1785 3467 arduas

387 3513 420 3572 et
440 3507 566 3572 infimas
594 3527 653 3592 per
680 3508 857 3591 praefatum
878 3507 1029 3572 lbomam
1059 3507 1228 3571 vaivodam
1250 3512 1283 3571 et
1313 3527 1389 3572 suos
1411 3526 1611 3572 successores
1633 3505 1786 3571 vaivodas

386 3611 628 3676 Transsiluanos
650 3631 708 3696 pro
731 3617 873 3695 tempore
895 3612 1145 3695 constituendos,
1168 3631 1209 3676 ne
1231 3631 1290 3696 per
1311 3612 1435 3693 aliquas
1456 3610 1663 3674 retractiones
1684 3628 1705 3671 a
1725 3627 1784 3673 suo

387 3714 504 3779 iudicio
528 3715 579 3779 vel
602 3715 819 3799 ademptiones
841 3716 1014 3800 gratiarum
1039 3716 1223 3779 vaivodatui
1246 3715 1424 3798 derogetur,
1447 3715 1531 3778 sicut
1552 3712 1707 3777 vaivodae
1729 3731 1785 3775 an·

387 3818 485 3900 tiquis
507 3819 703 3903 temporibus
724 3820 964 3902 progenitorum
987 3824 1170 3881 nostrorum
1193 3818 1354 3900 quondam
1369 3818 1543 3882 illustrium
1564 3835 1677 3900 regum
1689 3814 1784 3880 Hun-
1819 3820 1854 3875 30

387 3922 493 4005 gariae
515 3922 706 4005 iudicabant,
728 3941 770 3987 ex
793 3923 928 3987 nuncin
943 3928 1106 4006 posterum
1121 3922 1315 3986 habitaoum
1336 3921 1507 3986 baronibus
1529 3920 1646 3983 nostris
1668 3917 1786 3983 delibe-

387 4025 511 4089 ratione
523 4031 724 4109 praematura
738 4032 893 4110 perpetuo
905 4025 1106 4090 decrevimus
1121 4025 1308 4089 iudicandas
1322 4031 1356 4089 et
1369 4025 1556 4088 auctoritate
1570 4023 1786 4108 praesentium

387 4128 492 4193 debito
507 4128 572 4194 fine
587 4130 786 4213 decidendas,
808 4130 950 4213 exceptis
965 4129 1132 4194 dumtaxat
1146 4130 1251 4193 causis
1265 4129 1472 4193 collationum
1485 4126 1723 4210 possessionum
1736 4124 1786 4187 in·

386 4231 528 4296 fidelium
542 4238 727 4297 nostrorum
740 4253 799 4318 per
814 4253 873 4298 nos
888 4233 1042 4297 factarum
1058 4253 1162 4316 usque
1177 4234 1271 4297 modo
1287 4238 1320 4297 et
1334 4233 1427 4298 etium
1442 4232 1568 4295 iniuriis
1590 4229 1786 4294 ablutionum

387 4338 594 4421 pecuniarum
606 4336 838 4402 Transsiluanis
853 4356 911 4422 per
926 4337 1070 4401 homines
1084 4336 1215 4401 alterius
1236 4337 1335 4420 partis
1356 4337 1447 4419 regni
1468 4334 1570 4398 nostri
1592 4333 1645 4397 vel
1665 4332 1785 4396 eisdem
1820 4339 1854 4391 35

387 4459 444 4524 per
454 4440 696 4505 Transsiluanos
710 4442 868 4525 irrogatis,
891 4461 972 4524 quas
994 4441 1062 4505 fore
1085 4441 1203 4524 sopitas
1218 4440 1369 4504 volumus
1390 4444 1423 4504 et
1443 4439 1563 4503 inanes.
1586 4435 1786 4519 Quapropter

388 4544 539 4608 volumus
561 4549 594 4609 et
608 4544 763 4609 vaivodae
773 4543 998 4608 lianssiluano
1014 4563 1102 4607 nunc
1116 4543 1289 4607 constituto
1305 4549 1338 4606 et
1352 4540 1575 4606 constituendo
1589 4541 1624 4603 in
1638 4539 1786 4602 futurum

386 4647 474 4730 regio
505 4648 608 4712 edicto
636 4648 848 4732 praecipimus
877 4666 935 4731 per
964 4651 1155 4731 praesentes,
1189 4650 1349 4727 qnatenus
1381 4645 1548 4709 universas
1570 4661 1683 4707 causas
1703 4641 1787 4705 siout

387 4751 503 4816 arduas
525 4752 571 4816 sic
592 4750 718 4817 infimas
740 4753 774 4815 in
798 4752 967 4837 praedictis
988 4749 1222 4814 Transsiluanis
1251 4748 1396 4832 partibus
1423 4746 1629 4830 emergendas
1658 4750 1692 4810 et
1715 4763 1786 4808 sus-

387 4854 529 4919 citandas
550 4854 691 4920 iudicare
721 4861 754 4921 et
783 4856 943 4920 discutere
965 4854 1079 4919 debeat
1100 4853 1288 4917 auctoritate
1313 4857 1424 4915 nostra
1445 4850 1532 4933 regia
1554 4850 1614 4914 sibi
1636 4867 1785 4933 praesen·
1818 4855 1855 4910 40

387 4958 474 5022 tibus
495 4958 640 5043 delegata
661 4964 694 5024 et
714 4978 873 5024 concessa
895 4958 935 5022 In
957 4958 1049 5022 ouius
1064 4957 1111 5021 rei
1133 4957 1317 5021 memoriam
1333 4961 1583 5039 perpetuamque
1604 4952 1786 5016 firmitatem

387 5068 570 5146 praesentes
593 5063 810 5127 concessimus
831 5062 939 5127 literas
960 5066 1087 5126 nostras
1110 5059 1322 5144 privilegiales
1344 5058 1421 5122 novi
1443 5062 1475 5122 et
1496 5057 1670 5122 authentici
1692 5055 1786 5140 sigilli

388 5167 489 5230 nostri
510 5167 646 5251 duplicis
668 5167 845 5231 munimine
867 5165 1039 5231 roboratas.
1062 5163 1181 5228 Datum
1202 5182 1261 5247 per
1281 5181 1396 5226 manus
1411 5156 1539 5225 discreti
1561 5160 1622 5224 viri
1644 5159 1787 5243 magistri

386 5269 536 5334 Andreae
558 5270 686 5336 lectoris
708 5270 859 5335 ecclesiae
882 5267 1241 5352 Quinqueeoolesiensis,
1273 5266 1365 5330 aulae
1386 5270 1515 5329 nostrae
1537 5263 1785 5329 vicecancellarii

389 5373 495 5438 dilecti
518 5379 550 5438 et
571 5373 675 5438 fidelis
696 5374 807 5457 nostri,
829 5393 913 5437 anno
937 5373 1057 5437 domini
1078 5349 1120 5435 lii.
1143 5348 1228 5436 OOC.
1251 5347 1326 5434 XX.
1349 5375 1472 5453 quarto,
1496 5374 1608 5433 octavo
1623 5366 1785 5431 Kalendas
1818 5373 1853 5427 le

545 5510 566 5579 ¹)
588 5509 720 5581 Vorlope:
737 5507 895 5565 ladabilium.
