4088 6292
1022 636 1086 698 238

348 826 447 903 sante,
480 821 652 905 compelles
684 822 811 886 veritati
843 823 1062 888 testimonium
1094 825 1267 910 perbibere.
1309 824 1428 891 Datum
1455 826 1606 911 Pictauis,
1637 826 1750 893 Idibus

347 925 502 1007 Ianuarii,
524 925 728 1008 pontificatus
751 928 852 991 nostri
874 947 959 991 anno
982 929 1109 992 tertio..

501 1064 577 1147 Aes
592 1064 648 1127 der
668 1064 843 1129 Rusiccade:
876 1065 1034 1148 Rogerius
1056 1067 1096 1131 de
1118 1066 1231 1131 Rooca

501 1185 576 1269 Aus
603 1186 658 1249 der
686 1184 844 1249 Rrickseite
876 1186 942 1267 auf
968 1186 1036 1250 dem
1069 1195 1194 1251 anteon
1226 1187 1439 1272 umcbopeneu
1469 1186 1751 1274 Paryamentraud:

348 1310 370 1353 n
393 1288 552 1372 Raynulfi.
1782 1302 1799 1355 5

1005 1550 1094 1634 312.

423 1713 571 1785 Poa‘ta'ers
606 1716 715 1785 1308
750 1713 910 1786 Febraor
946 1718 980 1786 4.
1035 1714 1145 1807 Popst
1180 1713 1334 1788 Otamaas
1373 1715 1410 1787 V.
1449 1715 1648 1807 beoaflropt
1682 1716 1749 1788 den

346 1834 661 1908 Hermonastddter
685 1833 823 1926 Propst,
859 1837 926 1908 dan
951 1836 1117 1909 swiscbea
1143 1836 1207 1908 dea
1234 1836 1410 1925 Pfarraa
1442 1837 1502 1909 dee
1527 1836 1749 1910 Mediocriter

346 1955 546 2028 Dakoaotas
573 1955 647 2028 wad
672 1955 749 2026 dem
785 1953 1065 2046 Weieseabarpar
1090 1956 1235 2048 Kaprai
1265 1956 1399 2047 betrcffa
1425 1957 1485 2029 des
1510 1955 1664 2030 Zehatea
1689 1956 1748 2029 ab·

344 2079 598 2168 parasceuen
634 2076 810 2167 Veraniolo
836 2077 996 2166 aufrccbt
1020 2099 1065 2147 sa
1090 2077 1254 2149 erbaitea.
1783 2095 1819 2152 ιο

506 2241 582 2311 On’p.
601 2241 681 2311 Parc·
700 2239 910 2309 Kapitelarcbio
927 2239 1080 2296 Medicam.
1097 2239 1234 2295 Buteone
1250 2240 1301 2296 wa'e
1319 2240 1362 2296 bei
1379 2241 1433 2296 Nr.
1450 2244 1511 2297 309.

503 2362 615 2417 Druck:
637 2361 713 2416 Tbea’l
730 2379 757 2415 u.
784 2361 899 2416 Werucr
921 2361 1003 2416 Urso.
1023 2365 1048 2417 6.

504 2537 651 2603 Clemens
682 2540 851 2623 episcopus
873 2558 987 2603 servus
1010 2558 1177 2603 servorum
1200 2539 1251 2604 dei
1273 2539 1387 2603 dilecto
1408 2537 1474 2603 filio
1503 2584 1512 2601 .
1536 2585 1545 2603 .
1567 2540 1748 2624 praeposito

348 2642 498 2706 ecelesiae
528 2640 718 2707 cibiniensis
740 2641 966 2725 strigoniensis
996 2642 1130 2706 diocesis
1153 2642 1288 2707 salutem
1310 2650 1342 2707 et
1364 2642 1569 2726 apostolicam
1599 2642 1748 2706 benedic-

347 2745 475 2810 tionem.
500 2744 566 2809 Sua
587 2746 680 2809 uobis
702 2746 808 2810 dilecti
830 2745 887 2809 filii
911 2792 919 2810 .
943 2792 952 2810 .
975 2747 1116 2810 decanus
1135 2746 1307 2810 decanatus
1330 2747 1370 2810 de
1392 2751 1477 2810 terra
1491 2747 1612 2811 Medios
1635 2753 1750 2812 etrec·
1785 2754 1819 2807 15

348 2854 435 2914 tores
468 2849 673 2914 ecclesiarum
707 2850 740 2912 in
776 2849 859 2914 dicto
894 2850 1051 2915 decanatu
1084 2849 1326 2913 consistentium
1354 2849 1581 2914 Trausiluanae
1615 2850 1750 2915 diocesis

347 2953 500 3038 petitione
530 2958 758 3036 monstrarunt,
794 2953 879 3035 quod
910 2973 983 3017 cum
1013 2954 1097 3017 inter
1126 2954 1213 3037 ipsos
1239 2972 1281 3018 ex
1312 2959 1401 3038 parte
1423 2973 1489 3017 nna
1520 2958 1552 3018 et
1573 2953 1750 3038 capitulum

348 3057 498 3122 Albensis
521 3058 671 3123 ecclesiae
702 3058 803 3121 dictae
834 3056 968 3121 diocesis
998 3076 1040 3122 ex
1063 3057 1163 3121 altera
1177 3076 1274 3141 super
1294 3057 1484 3139 quibusdam
1507 3057 1646 3140 decimis,
1669 3076 1750 3140 quas

348 3161 424 3225 dicti
446 3162 585 3225 deosum
615 3165 647 3224 et
677 3166 817 3225 rectores
846 3161 887 3223 ad
909 3180 965 3224 eos
994 3162 1206 3225 communiter
1235 3160 1420 3244 dictumque
1450 3161 1625 3247 capitulum
1652 3161 1694 3225 ad
1715 3180 1750 3226 se

348 3272 491 3351 spectare
514 3265 669 3347 dicebant,
693 3271 763 3329 orta
777 3266 891 3330 fuisset
905 3266 1038 3329 materia
1057 3265 1261 3347 quaestionis,
1284 3266 1413 3330 tandem
1427 3264 1641 3330 mediantibus
1655 3264 1749 3330 bonis
1784 3269 1819 3325 20

348 3371 426 3433 viris
450 3369 606 3451 quaedam
629 3369 713 3432 inter
734 3373 841 3451 partes
863 3386 960 3451 super
981 3367 1031 3431 his
1052 3368 1226 3432 amicabilis
1248 3369 1434 3453 compositio
1449 3369 1630 3452 intervenit,
1652 3388 1750 3434 vene-

347 3473 456 3537 rabilis
486 3473 592 3535 fratris
622 3473 724 3536 nostri
745 3472 834 3536 Petri
856 3472 995 3556 episcopi
1017 3471 1218 3535 Transiluani
1247 3472 1287 3535 ad
1317 3471 1350 3534 id
1380 3472 1550 3536 accedente
1580 3492 1749 3556 consensu,

348 3582 445 3661 prout
474 3577 508 3639 in
538 3576 720 3659 patentibus
753 3576 853 3640 literis
882 3576 958 3639 inde
991 3575 1143 3639 coniectis
1175 3575 1276 3659 ipsius
1309 3574 1448 3660 episcopi
1481 3575 1583 3658 sigiiio
1617 3575 1750 3639 munitis

347 3681 475 3766 plenius
503 3682 620 3745 dicitur
653 3679 817 3744 contineri
862 3677 1019 3755 Quocirca
1047 3679 1229 3743 discretioni
1260 3684 1335 3742 tuae
1360 3697 1417 3761 per
1439 3679 1612 3763 apostoliea
1632 3679 1750 3762 scripta

347 3786 545 3867 mandamus,
568 3791 728 3867 quatenus
743 3782 1004 3866 compositionem
1026 3782 1136 3865 ipsam,
1160 3781 1244 3845 sicut
1264 3781 1325 3846 rite
1347 3781 1416 3845 sine
1437 3782 1594 3865 pravitate
1616 3800 1653 3844 ac
1675 3799 1748 3864 pro-
1783 3786 1818 3840 25

348 3888 422 3952 vide
451 3888 534 3952 faeta
564 3892 613 3952 est
642 3892 675 3951 et
703 3886 742 3950 ab
773 3892 911 3968 unaque
939 3891 1029 3970 parte
1057 3889 1171 3969 sponte
1201 3889 1329 3968 recepta
1358 3890 1391 3947 et
1422 3885 1542 3948 diutius
1573 3883 1749 3967 observata,

348 3993 446 4056 iacias
474 4011 533 4076 per
564 4009 732 4055 censuram
762 3989 1006 4054 ecclesiasticam
1036 3988 1246 4072 appellatione
1276 3993 1398 4051 remota
1423 3984 1556 4050 firmiter
1578 3986 1749 4051 observari

348 4095 468 4160 Datum
490 4095 640 4176 Pictauis,
662 4094 695 4157 Π
716 4093 826 4157 Nonas
848 4091 1021 4173 Februarii,
1043 4090 1247 4173 pontificatus
1271 4091 1372 4155 nostri
1394 4109 1478 4154 anno
1501 4090 1604 4154 tertio.

503 4234 578 4316 Ass
594 4233 649 4296 der
671 4231 847 4296 Rdelcseite:
868 4229 1026 4314 Rogerius
1048 4231 1087 4294 de
1109 4230 1222 4294 Rocoa

502 4354 578 4438 Aas
600 4353 655 4418 der
683 4351 841 4416 Ranae
872 4351 937 4432 auf
964 4350 1031 4415 dem
1063 4359 1189 4415 anteon
1220 4349 1434 4434 aamebopmen
1465 4346 1746 4432 Pepamcntrand:
1782 4353 1818 4408 30

347 4481 370 4524 n
392 4457 552 4542 Raynulfi.

1004 4697 1094 4780 313.

426 4867 536 4937 1308
560 4863 748 4936 Demea
774 4866 810 4934 2.
842 4861 920 4935 Der
945 4862 1103 4933 Kouoeat
1129 4860 1192 4932 der
1209 4859 1422 4951 Aapasta'ncr
1437 4879 1482 4929 sa
1507 4854 1751 4946 Weissenbary

349 4986 540 5079 bepioabipt
568 4986 624 5056 die
650 4983 815 5055 Urkaade
845 4984 904 5054 dee
930 4982 1094 5071 Bbohofs
1119 4980 1245 5052 Petras
1270 5003 1335 5052 ooo
1360 4980 1468 5050 1303
1495 4975 1562 5049 Nr.
1583 4979 1669 5048 298
1694 4975 1748 5048 be·

348 5108 494 5198 treffead
527 5107 583 5178 die
617 5103 886 5192 Uebereiaiantt
919 5103 1084 5174 moires
1118 5101 1185 5173 den
1219 5100 1395 5190 Pforrera
1430 5098 1490 5171 des
1520 5096 1751 5170 Meiblbaober
1783 5110 1818 5166 so

346 5229 545 5301 Delaman
571 5227 645 5298 arad
670 5227 747 5298 mm
781 5222 1061 5314 Weisseabaryer
1087 5222 1239 5313 Kapitei.

507 5389 583 5459 Oris.
602 5388 682 5459 Pcrp.
699 5386 909 5457 Kapiteiorabio
925 5385 1092 5453 Korlsbarp.
1117 5382 1206 5454 Sicyo!
1222 5400 1283 5438 soor
1298 5382 1385 5438 insen
1403 5381 1592 5453 cafoedrdokt.

505 5510 617 5583 Reponi:
635 5509 723 5577 chbr
742 5508 833 5565 coca
854 5506 943 5575 VIII,
961 5511 986 5575 1,
1003 5510 1063 5560 312.
1089 5504 1252 5560 Tartessius
1268 5504 1315 5559 ἐάν
1332 5507 1409 5572 1889,
1426 5506 1488 5559 379.
