4064 6288
960 603 1115 699 jes-

339 790 498 874 nobisque
513 795 749 873 consequenter
763 791 797 854 in
813 793 962 856 omnibus
984 794 1102 857 nestris
1124 794 1261 877 negotiis
1283 799 1315 859 et
1329 795 1460 877 agendis
1474 800 1601 877 gratum
1616 815 1740 881 semper

338 896 529 980 impenderit
558 895 754 977 famulatum,
786 915 846 959 nos
875 896 1082 962 consideratis
1112 898 1318 962 fidelitatibus
1344 904 1376 962 et
1406 898 1567 979 obsequiis
1597 900 1740 963 eiusdem

337 999 492 1063 Theodori
521 999 701 1083 praepositi,
733 999 851 1080 quibus
881 1020 986 1062 coram
1016 1002 1134 1065 nostris
1164 1002 1265 1066 oculis
1295 1023 1329 1066 se
1359 1002 1495 1066 reddidit
1525 1004 1741 1087 multiphciter

339 1104 604 1186 commendatum,
636 1102 789 1185 quasdem
819 1108 920 1168 terras
949 1109 1075 1169 nostras
1105 1106 1144 1169 ad
1171 1112 1292 1169 curtem
1319 1111 1459 1169 nostram
1493 1106 1532 1169 de
1562 1106 1739 1189 Segusdino

339 1206 415 1269 olim
429 1208 634 1290 pertinentes
658 1206 789 1270 Deench
811 1214 844 1271 et
859 1208 983 1292 Ztupan
1006 1215 1134 1273 vocatas
1150 1229 1186 1272 ac
1203 1210 1243 1272 ad
1266 1209 1391 1273 easdem
1409 1215 1596 1293 spectantes,
1619 1231 1737 1275 vacuas
1773 1218 1789 1270 5

338 1313 371 1372 et
382 1308 612 1373 habitatoribus
627 1310 803 1393 destitutas,
819 1310 858 1374 ab
874 1313 985 1377 eadem
1000 1318 1089 1375 curte
1105 1320 1214 1376 nostra
1228 1312 1432 1395 Segusdiensi
1447 1321 1596 1398 exceptas
1611 1317 1739 1398 penitus

338 1416 371 1476 et
393 1418 567 1497 exemptas,
597 1414 700 1478 eidem
721 1414 884 1478 Theodoro
907 1416 1087 1499 praeposito
1117 1420 1148 1478 et
1169 1434 1226 1499 per
1249 1435 1321 1479 eum
1352 1416 1457 1479 comiti
1481 1416 1627 1481 Ladizlao
1650 1418 1740 1483 lratri

338 1535 397 1579 suo
425 1536 462 1579 ac
491 1517 592 1600 ipsius
614 1517 784 1581 heredibus
806 1519 1025 1601 heredumque
1054 1538 1186 1582 suorum
1209 1520 1445 1584 successoribus
1472 1520 1511 1584 de
1541 1521 1739 1605 plenitudine

338 1620 457 1703 gratiae
486 1626 613 1684 nostrae
636 1620 790 1703 dedimus,
818 1621 1008 1686 donavimus
1030 1629 1063 1686 et
1088 1621 1281 1686 contuhmus
1302 1630 1456 1705 perpetuo
1482 1625 1611 1708 pacifice
1639 1627 1739 1710 possi-

339 1724 466 1787 dendas.
498 1721 597 1808 [U]t¹)
619 1725 718 1807 igitur
739 1726 816 1789 haec
839 1732 948 1789 nostra
963 1726 1091 1788 donatio
1111 1724 1210 1787 robur
1232 1731 1403 1808 perpetuae
1424 1726 1582 1792 firmitatis
1598 1729 1738 1794 obtineat
1775 1735 1808 1788 10

339 1846 398 1890 nec
427 1827 493 1891 ullo
517 1847 669 1909 uinquam
697 1834 839 1913 tempore
862 1829 967 1893 valcat
988 1829 1160 1911 retractari,
1189 1837 1372 1911 praesentes
1395 1833 1610 1896 concessimus
1631 1833 1739 1898 literas

338 1931 474 2017 duphcis
503 1931 597 2015 sigilli
628 1931 728 1995 nostri
758 1933 934 1996 munimine
964 1932 1136 1996 roboratas.
1171 1929 1314 2015 [Dlatum
1325 1934 1346 2011 ¹)
1380 1954 1437 2018 per
1466 1956 1581 2000 manus
1613 1936 1740 1999 discreti

339 2035 399 2098 viri
428 2035 571 2119 magistri
593 2035 723 2099 Vrbazii
744 2036 914 2120 praepositi
937 2037 976 2100 de
997 2036 1129 2119 Posoga,
1160 2036 1251 2100 aulae
1273 2043 1401 2103 nostrae
1428 2040 1606 2103 cancellarii
1637 2039 1740 2103 fidelis

338 2139 448 2221 nostri,
472 2158 556 2203 anno
581 2140 701 2204 domini
723 2139 772 2203 Μο
796 2140 862 2204 00⁰
885 2141 1099 2224 octuagesimo
1124 2145 1246 2222 quarto.

996 2450 1089 2535 209.
1774 2481 1808 2533 15

422 2612 1023 2707 6166666661265169667.
1051 2614 1327 2703 Bartholomaeus,
1353 2615 1505 2703 Brbcbof
1524 2639 1589 2688 666
1614 2616 1737 2689 (11666-

336 2736 501 2823 wardeia,
528 2735 659 2828 epriebt
685 2736 741 2808 die
758 2734 848 2807 Zeta
875 2736 950 2808 aad
965 2735 1217 2828 Morbtpesdlle
1242 2758 1307 2807 666
1335 2735 1451 2827 01666,
1480 2735 1650 2826 Neadorf
1667 2739 1742 2810 6661

337 2854 602 2929 Sunii-Laeua
628 2857 704 2930 dem
735 2855 1036 2931 Grosswordeiuer
1061 2857 1283 2950 1166116166.

493 3020 697 3090 Eiapeacbaltet
719 3036 774 3075 666
791 3020 907 3088 Biacbet
925 3020 1053 3075 11661161
1072 3025 1148 3089 1297,
1173 3022 1223 3076 mit
1241 3022 1329 3076 dieser
1352 3020 1482 3076 Urlcuode
1504 3038 1557 3076 666
1573 3023 1633 3076 den
1654 3023 1740 3092 Ofuer

441 3108 556 3176 Kapitei
575 3111 651 3175 1392,
669 3108 728 3163 aad
744 3107 794 3161 mit
811 3107 900 3161 (116661
917 3123 970 3161 666
987 3107 1083 3177 111619
1094 3109 1221 3163 Mattius
1239 3113 1316 3175 1477,
1338 3108 1413 3177 Orip.
1430 3109 1609 3163 1161666661.
1628 3110 1739 3164 Arabia.
1775 3109 1809 3163 20

441 3225 475 3235 -
494 3195 551 3249 Die
574 3194 704 3249 Urlcuade
720 3193 758 3248 iet
774 3194 913 3248 mitteibar
930 3194 1000 3249 aucb
1017 3195 1205 3264 ausschuttet
1223 3212 1276 3249 666
1293 3194 1389 3263 susq
1407 3193 1533 3248 Mutbiae
1557 3197 1632 3250 1477.
1665 3194 1740 3265 Orip.

441 3282 622 3337 Hermunnst.
639 3281 750 3336 Arabio.

493 3402 607 3456 Druck:
627 3402 758 3473 Gunocay
767 3401 903 3472 Episcopi
916 3402 1022 3456 Varad.
1033 3403 1059 3471 Ι,
1072 3406 1131 3457 137.
1149 3403 1265 3457 Kolone
1274 3404 1350 3457 His.
1363 3401 1423 3457 crit.
1440 3402 1489 3468 Vl,
1501 3406 1561 3456 925.
1580 3401 1741 3456 Kererrturi

444 3488 587 3557 Oorupead.
605 3489 753 3558 1166616116
771 3489 797 3555 Ι,
816 3493 875 3543 138.
894 3489 981 3556 Feje'r
1002 3489 1092 3543 Codes
1112 3490 1144 3557 V,
1162 3494 1188 3557 3,
1206 3493 1266 3544 307.
1289 3489 1377 3543 Telelri
1396 3488 1571 3556 Huuyadiek
1582 3489 1651 3542 tora
1664 3488 1740 3555 XII,

441 3578 483 3628 17.
501 3574 685 3629 Deaauaianu
703 3574 870 3629 1166666616
888 3578 948 3631 159.
1774 3576 1808 3629 ‘25

493 3750 561 3814 Nos
583 3750 827 3815 Bartholomeus
848 3751 1051 3815 miseratione
1073 3752 1183 3815 divina
1212 3753 1380 3836 episeopus
1402 3749 1621 3815 Waradicnsis
1644 3750 1741 3833 signi-

337 3851 470 3917 ficamus
493 3854 642 3917 omnibus
665 3855 783 3936 quibus
813 3855 944 3940 expedit
965 3855 1135 3919 memoriae
1158 3855 1424 3935 commendantes
1457 3854 1543 3936 quod
1565 3853 1741 3938 capitulum

337 3956 488 4020 ecclesiae
510 3961 638 4021 nostrae
660 3957 773 4023 iratres
796 3960 898 4022 nostri
920 3964 1032 4023 contra
1053 3959 1176 4023 villicos
1207 3964 1238 4022 61
1260 3958 1396 4042 populos
1419 3963 1546 4021 nostros
1569 3957 1608 4021 de
1631 3956 1740 4038 Olazy,

339 4058 378 4122 de
393 4059 425 4123 N
426 4079 487 4123 ova
508 4059 585 4123 villa
600 4066 632 4124 et
654 4061 693 4125 de
716 4069 826 4126 sancto
842 4063 1018 4127 laurencio
1041 4063 1249 4148 personaliter
1271 4066 1411 4125 astantes
1426 4065 1562 4143 egerunt
1583 4060 1616 4121 in
1638 4058 1742 4142 figura

336 4162 446 4227 iudicii
469 4184 576 4228 coram
598 4165 690 4229 nobis
712 4166 929 4250 proponenda,
952 4167 1039 4248 quod
1061 4186 1135 4230 cum
1151 4165 1295 4229 universi
1317 4164 1461 4229 homines
1483 4182 1558 4226 cum
1579 4162 1740 4226 mercibus
1774 4170 1810 4223 30

338 4268 405 4331 suis
420 4267 521 4351 ipsam
544 4269 704 4333 civitatem
720 4274 862 4333 nostram
878 4269 918 4333 de
934 4269 1043 4351 Olazy,
1065 4271 1190 4334 Novam
1205 4269 1314 4332 villam
1329 4274 1362 4332 et
1381 4268 1420 4331 de
1435 4273 1546 4331 sancto
1562 4264 1738 4329 Laurencio

335 4373 550 4455 ingredientes
581 4373 701 4437 tributa
731 4373 777 4436 eis
808 4373 846 4437 de
878 4372 1073 4454 quibuslibet
1102 4372 1198 4435 rebus
1223 4370 1514 4435 mercimonialibus
1536 4368 1576 4432 ab
1607 4369 1739 4450 antiquo

336 4483 489 4539 consueta
511 4476 545 4539 in
567 4477 710 4561 hospitiis
733 4495 845 4540 eorum
866 4475 1061 4556 ubicumque
1083 4475 1320 4558 descenderent,
1343 4476 1418 4539 dare
1441 4480 1474 4539 et
1496 4473 1622 4537 solvere
1645 4472 1739 4536 sicuti

336 4579 371 4641 in
394 4579 445 4643 die
468 4579 590 4644 1611616
611 4580 691 4643 etin
714 4579 785 4643 aliis
808 4578 920 4644 diebus
938 4577 1131 4660 debuissent,
1153 4578 1286 4662 praelati
1308 4579 1418 4662 populi
1433 4584 1466 4643 et
1487 4576 1585 4639 villici
1608 4576 1740 4653 nostrie)

335 4682 520 4746 tributarios
550 4701 661 4746 eorum
684 4703 704 4745 a
725 4682 810 4746 iusta
832 4683 1000 4746 exactione
1030 4682 1212 4746 huiusmodi
1235 4682 1428 4745 tributorum
1457 4681 1679 4744 inhibuissent
1712 4679 1740 4742 Ε
1775 4686 1809 4739 35

335 4804 490 4850 converso
519 4791 627 4849 autem
655 4786 717 4869 ipsi
747 4786 844 4849 villici
867 4792 899 4850 et
920 4786 1030 4870 populi
1058 4786 1160 4849 nostri
1190 4786 1432 4869 responderunt,
1464 4784 1551 4866 quod
1580 4783 1740 4866 praedicta

335 4888 455 4952 tributa
484 4908 661 4970 numquam
691 4890 825 4953 fuerunt
854 4895 1008 4954 consueta
1037 4909 1097 4953 nec
1127 4889 1193 4953 ullo
1227 4908 1379 4971 umquam
1410 4895 1552 4970 tempore
1582 4886 1740 4950 tributarii

335 5009 447 5053 eorum
470 5010 508 5055 66
522 4991 711 5074 exegissent
735 4991 829 5056 Unde
852 5012 912 5055 nos
927 4993 1044 5056 auditis
1066 4994 1205 5077 partium
1224 4991 1495 5076 propositionibus
1517 4997 1550 5055 et
1571 4990 1740 5054 intellectis

335 5097 368 5157 et
389 5092 534 5177 partibus
557 5094 794 5159 assumentibus
818 5096 1026 5179 decrevimus,
1055 5097 1141 5177 quod
1164 5104 1229 5161 tres
1250 5114 1405 5181 personae
1428 5095 1467 5158 de
1490 5094 1628 5178 capitulo
1652 5094 1740 5157 vide-

334 5196 409 5259 11661
423 5196 572 5280 magister
587 5197 753 5261 1116611666
767 5197 876 5281 lector,
898 5199 1049 5282 magister
1063 5200 1251 5265 lhanciscus
1275 5199 1517 5263 archidiaconus
1531 5196 1740 5279 Byhoriensis
1775 5203 1810 5256 40

492 5368 512 5434 ¹)
531 5366 624 5421 Reum
641 5367 692 5434 fair
709 5366 763 5420 dea
779 5367 1079 5437 Anfaapabuehstaben
1097 5369 1150 5423 leer
1166 5368 1299 5437 96166666.

490 5456 512 5522 ¹)
535 5453 667 5522 Verioqe:
684 5452 766 5507 iuxta
793 5454 833 5508 16
850 5454 1145 5524 (16166611666666166
1163 5455 1210 5509 des
1222 5455 1332 5524 Kenios
1343 5453 1471 5508 11611166
1482 5456 1633 5509 6661477.-
1650 5453 1741 5506 nostri.
