4086 6300
985 599 1140 695 Q

514 789 582 853 Nos
610 789 708 853 irater
728 788 893 853 lohannes
922 789 1010 874 prior
1038 789 1078 853 de
1109 788 1371 853 Olusmonostora
1399 793 1552 871 totusque
1581 794 1760 854 conventus

359 893 420 956 1991
443 892 585 956 eiusdem
607 898 718 956 tenore
733 894 949 976 praesentium
965 892 1179 976 significamus
1196 893 1315 975 quibus
1329 892 1461 976 expedit
1479 893 1648 975 universis,
1673 893 1760 976 quod

358 996 524 1060 constituti
546 1015 653 1059 coram
675 996 768 1061 nobis
790 997 978 1081 Stephanus,
1000 997 1173 1079 lohannes,
1196 996 1287 1060 Akus
1313 1001 1345 1060 et
1367 994 1540 1079 Gregorius
1560 995 1618 1060 filii
1641 996 1760 1061 Chellei

360 1097 613 1176 vicovaivodae1)
636 1104 700 1163 tarn
726 1121 784 1184 pro
807 1121 842 1166 se
865 1122 962 1184 quam
984 1122 1042 1186 pro
1064 1102 1161 1164 fratre
1187 1101 1329 1184 ipsorum
1352 1098 1516 1181 Myohaele
1538 1100 1759 1165 archidiacono

362 1204 400 1268 de
424 1202 500 1267 Olus
521 1223 596 1268 oum
617 1205 686 1286 ipso
710 1203 837 1269 Chelleo
861 1205 1098 1283 vioevaivoda¹l
1121 1211 1211 1289 patre
1233 1224 1345 1268 eorum
1367 1203 1505 1268 confessi
1532 1210 1609 1269 sunt
1631 1204 1759 1269 oraculo
1795 1211 1812 1264 5

359 1308 452 1371 91999
474 1308 571 1390 vocis,
592 1308 698 1392 ipsum
721 1307 885 1373 Chelleum
907 1308 1176 1387 vioevaivodam⁸)
1198 1314 1321 1393 patrem
1343 1327 1455 1373 eorum
1477 1308 1511 1369 in
1534 1326 1639 1390 99999,
1665 1326 1761 1390 quam

361 1431 434 1474 oum
464 1411 603 1495 capitulo
633 1412 784 1477 eeclesiae
805 1412 1048 1477 Transsiluanae
1082 1432 1179 1497 super
1207 1414 1291 1477 tacto
1325 1412 1420 1477 castri
1454 1412 1597 1477 eiusdem
1632 1410 1763 1496 capituli

359 1514 486 1597 habent
519 1535 614 1580 suum
641 1517 844 1581 constituisse
867 1523 900 1581 et
921 1517 1033 1580 fecisse
1062 1524 1302 1600 procuratorem
1332 1523 1365 1581 91
1394 1517 1630 1580 constituerunt
1656 1534 1763 1580 coram

362 1619 454 1683 nobis
475 1620 520 1683 119
548 1620 644 1701 quod,
674 1620 714 1683 ad
745 1640 967 1703 quaecumque
998 1621 1081 1684 idem
1105 1620 1253 1684 Chelleus
1283 1619 1490 1684 91999919919
1498 1619 1520 1697 ¹)
1550 1619 1680 1684 nomine
1703 1638 1762 1683 suo

361 1731 394 1787 et
415 1724 544 1787 nomine
565 1724 708 1806 ipsorum
730 1723 868 1789 filiorum
892 1744 1024 1788 suorum
1047 1744 1144 1808 super
1166 1725 1367 1788 restitutione
1388 1724 1490 1807 ipsius
1512 1725 1607 1788 castri
1630 1723 1761 1808 capituli
1798 1728 1834 1784 10

362 1828 509 1892 Zaadlreu
522 1828 626 1891 999911
641 1828 676 1890 in
691 1829 829 1912 capitulo
846 1828 996 1892 ecclesiae
1008 1827 1226 1891 Waradiensis
1242 1828 1457 1892 mediantibus
1471 1827 1571 1892 literis
1587 1828 1763 1893 eorundem

363 1932 415 1995 991
438 1931 515 1995 alias
537 1951 571 1995 se
595 1932 790 2015 obligaverit
813 1937 919 1996 ratum
939 1932 1092 1996 haberent
1114 1937 1211 2013 atque
1226 1930 1352 1995 firmum
1378 1936 1409 1995 et
1430 1932 1656 1996 inviolabiliter
1671 1932 1763 1997 iuxta

362 2040 506 2100 tenorem
529 2037 670 2119 ipsarum
692 2036 855 2100 literarum
879 2036 1137 2119 obligatoriarum
1159 2034 1386 2099 inviolabiliter
1408 2034 1622 2099 observarent
1644 2035 1764 2100 Datum

362 2141 396 2203 in
419 2139 500 2204 festo
522 2140 606 2204 beati
621 2140 778 2204 lobannis
800 2140 934 2224 apostoli
949 2144 1023 2203 ante
1041 2145 1165 2222 portam
1180 2138 1334 2220 ianuam,
1356 2159 1441 2202 anno
1461 2139 1582 2203 domini
1597 2117 1638 2204 11.
1663 2117 1765 2204 Mil.

363 2245 518 2327 vigesimo
541 2245 652 2327 primo.
1801 2249 1835 2302 lb

1019 2466 1113 2550 3811.

443 2633 511 2706 Boi
539 2633 814 2706 11999199991911
839 2637 938 2706 1321
964 2632 1044 2704 191
1073 2635 1107 2704 5.
1142 2632 1322 2721 Β99991111,
1351 2633 1503 2723 11199191
1521 2658 1586 2708 voa
1614 2635 1764 2723 Caracal,

365 2755 440 2828 9991
474 2756 629 2842 Iuncto,
669 2756 824 2843 Biacltof
850 2778 915 2826 von
955 2753 1226 2842 Grosswcrcleia‚
1267 2754 1441 2844 19999999,
1482 2755 1563 2827 dues
1593 2756 1768 2847 1119911199

365 2877 543 2950 19199999
566 2875 720 2948 Numana
746 2875 930 2947 9199819911
948 2873 1225 2947 119999999919111
1251 2875 1324 2946 aad
1349 2876 1408 2947 des
1425 2874 1593 2963 Pfarrcre
1620 2875 1767 2948 dasclbst

363 2998 553 3091 9999999119
580 2997 853 3087 391919199999
885 2997 944 3068 dea
970 2994 1285 3069 Hermonastddtor
1311 2995 1472 3088 Propstea
1500 2995 1670 3069 1111191999
1697 2996 1766 3069 Ba
1802 3011 1838 3067 ao

365 3121 499 3212 991999
525 3143 573 3191 on
594 3120 660 3191 deo
677 3118 1102 3210 1999199999919191191,
1129 3118 1203 3189 aad
1218 3117 1371 3190 scholion
1389 3117 1683 3209 11919991191199
1701 3119 1766 3191 cin.

526 3283 694 3354 09191999.
711 3282 890 3336 Hemonam.
902 3282 1013 3336 Arellio.
1032 3280 1216 3351 2991819991,
1234 3280 1310 3335 boida
1321 3281 1463 3348 9911999991,
1481 3280 1588 3335 99919999
1607 3281 1716 3349 119919,
1730 3298 1769 3335 aa

471 3369 751 3440 Peryamcntstrcisen
762 3368 926 3438 9999191991.
945 3369 1142 3423 Dorebnrcaacr
1154 3369 1202 3423 dea
1214 3368 1316 3438 8199919
1328 3367 1477 3421 1199911199
1495 3372 1539 3422 5·2
1550 3369 1609 3422 aad
1620 3372 1664 3424 15
1679 3367 1767 3424 Genti·

471 3461 561 3523 meter,
579 3455 776 3510 Durebmcaaer
787 3455 834 3508 9199
847 3453 950 3524 8199919
963 3455 1103 3509 1199919919
1115 3459 1158 3509 6-5
1171 3456 1258 3509 andi
1273 3454 1441 3509 Ocotimeter.
1460 3454 1498 3507 In
1509 3455 1562 3508 9199
1575 3453 1769 3524 819991ῐά1999

473 3541 564 3595 beider
582 3541 670 3611 819991
687 3541 827 3608 9919991119
845 3540 947 3610 111999.
974 3540 1030 3594 Dic
1053 3540 1237 3606 Umacbriftcn
1254 3541 1364 3594 uncicl:
1381 3542 1401 3605 †
1419 3541 1456 3595 S·
1472 3540 1661 3596 BENEDICTI
1678 3540 1768 3595 8118-
1803 3539 1838 3595 25

473 3628 553 3682 OOPI
570 3626 840 3681 CHANADIENSIS.
884 3628 904 3690 †
922 3625 957 3679 8·
973 3625 1126 3679 mancu-
1142 3626 1315 3680 111180011-
1332 3627 1599 3682 WARADIENSIS·

525 3749 637 3803 Druck:
655 3748 770 3801 Kalena
788 3747 864 3801 Hiar.
882 3747 942 3801 crit.
960 3745 1048 3814 VIII,
1066 3750 1126 3800 434.
1154 3747 1240 3813 chtr
1261 3747 1350 3801 091199
1368 3748 1456 3816 VIII,
1473 3753 1499 3816 2,
1517 3752 1570 3803 300
1588 3747 1647 3801 und
1667 3753 1689 3815 7,
1709 3752 1768 3802 131.

525 3924 593 3987 Nos
621 3923 816 3987 Benedictus
846 3923 896 3987 dei
926 3922 1027 4006 gratia
1056 3922 1206 3985 ecclesiae
1237 3921 1464 3987 Chanadiensis
1497 3929 1529 3987 91
1558 3923 1686 3987 Iwanca
1719 3923 1771 3986 dei

370 4029 471 4113 gratia
493 4027 642 4092 ecclesiae
665 4027 883 4091 Waradiensis
913 4026 1051 4109 episcopi
1080 4025 1296 4107 significamus
1319 4028 1478 4091 universis
1502 4027 1619 4108 quibus
1641 4026 1772 4110 expedit

370 4152 428 4216 per
449 4138 640 4216 praesentes,
670 4132 757 4214 quod
779 4151 863 4194 anno
887 4108 1069 4193 (1911119111.
1094 4108 1178 4193 cde.
1202 4108 1293 4193 ΧΧῘ.
1316 4131 1396 4194 19919
1417 4135 1509 4194 sexta
1530 4130 1677 4213 proxima
1698 4134 1771 4213 post
1805 4134 1841 4190 30

371 4237 488 4300 festum
510 4236 677 4299 beatorum
699 4235 785 4299 Petri
808 4240 841 4297 et
862 4233 955 4297 Pauli
985 4233 1231 4315 apostolorum⁴)
1262 4233 1416 4297 accedens
1446 4234 1486 4297 ad
1516 4239 1658 4297 nostram
1680 4252 1771 4316 prae·

371 4341 505 4403 sentiam
527 4341 677 4423 magister
697 4338 861 4402 «lohannes
884 4337 923 4401 de
945 4336 1089 4400 Cluswar
1122 4342 1309 4420 procurator
1331 4337 1568 4401 communitatis
1589 4337 1708 4400 civium
1732 4336 1771 4400 de

372 4443 506 4524 Cybinio
530 4449 562 4507 et
584 4443 704 4507 domini
725 4442 921 4523 Heydenrici
949 4439 1078 4523 plebani
1100 4440 1243 4504 eiusdem
1265 4440 1327 4503 loci
1357 4460 1463 4503 coram
1486 4440 1579 4504 nobis
1601 4440 1772 4524 appellarit

263 4621 265 4626 ,
372 4551 404 4610 91
428 4546 588 4628 quoddam
611 4548 765 4630 scriptum
788 4544 1007 4630 appellationis
1031 4544 1107 4627 legit
1128 4545 1162 4606 in
1185 4544 1263 4608 haec
1285 4544 1390 4607 verba
1425 4543 1539 4608 (loram
1561 4543 1653 4608 robis
1675 4562 1773 4608 vene·

377 4650 530 4713 rabilibus
551 4650 695 4734 patribus
718 4653 750 4712 et
764 4648 900 4711 dominis
923 4648 1051 4711 domino
1070 4648 1243 4712 Benedicto
1267 4647 1469 4711 miseratione
1491 4648 1600 4711 divina
1621 4647 1773 4712 999199199
1807 4653 1842 4707 ab

373 4754 599 4818 chanadiensis
629 4760 662 4817 91
690 4752 819 4817 domino
841 4751 969 4815 Iwanca
997 4753 1201 4816 miseratione
1235 4752 1344 4815 divina
1376 4750 1526 4815 ecclesiae
1555 4750 1773 4813 Waradiensis

372 4858 528 4942 episcopis
550 4877 608 4940 ego
624 4858 774 4940 magister
787 4854 952 4919 lohannes
974 4856 1013 4919 de
1029 4854 1173 4919 Oluswar
1195 4861 1383 4940 procurator
1402 4854 1638 4918 communitatis
1654 4854 1773 4917 civium

373 4961 413 5026 de
436 4961 571 5044 Cybinio
595 4980 721 5026 necnon
744 4959 864 5022 domini
885 4959 1081 5041 Heydenrici
1111 4960 1254 5024 eiusdem
1275 4959 1339 5022 1991
1360 4957 1487 5041 plebani
1510 4957 1650 5021 sentiens
1672 4956 1774 5019 dictos

373 5064 520 5129 dominos
541 5085 629 5130 meos
658 5064 784 5148 gravari
813 5069 846 5128 et
878 5064 942 5127 iam
963 5064 1032 5128 iore
1054 5070 1203 5146 gravatos
1225 5081 1283 5146 per
1304 5062 1469 5126 dominum
1492 5060 1660 5125 Nicolaum
1683 5077 1774 5143 prae-

531 5219 552 5286 ¹)
576 5218 706 5287 Verlupc:
723 5216 873 5271 rieerodne.
1808 5213 1844 5268 40

530 5307 552 5373 ³)
574 5304 858 5374 79919991919999119

530 5392 552 5459 ¹)
574 5390 707 5460 Vorlcpc:
724 5390 885 5445 ricevodam.

531 5479 552 5549 ⁴)
569 5476 632 5531 1911
648 5481 674 5531 3.
