4048 6284
956 589 977 651 9

261 778 476 862 praesentium
506 778 694 842 auctoritate
724 778 937 858 concedimus,
966 776 1115 841 videlicet
1143 777 1229 859 quod
1259 777 1293 838 in
1323 775 1438 858 placito
1473 775 1513 837 ad
1542 774 1663 839 nullius

262 882 375 945 iudicis
397 887 479 945 astet
500 882 711 964 praesentiam
734 886 859 965 praeter
880 881 985 964 regiae
1011 874 1183 943 maiestatis
1206 885 1238 942 et
1260 880 1383 943 comitis
1407 879 1547 963 palatini,
1569 880 1663 942 cuius

262 986 314 1049 ius
343 985 468 1049 salvum
498 1003 567 1048 esse
597 983 748 1049 volumus
779 990 811 1048 et
841 985 1035 1065 ubicumque
1065 983 1207 1047 locorum
1240 984 1365 1064 domos,
1399 989 1509 1064 terras,
1542 983 1661 1063 vineas,

263 1089 444 1153 molendina
466 1093 498 1152 et
520 1088 581 1151 alia
604 1107 827 1170 quaecumque
850 1088 942 1169 bona,
967 1106 1186 1169 quascumque
1204 1087 1421 1170 possessiones
1444 1084 1590 1149 habuerit
1612 1084 1663 1148 vel

209 1200 228 1252 6
264 1194 299 1255 in
320 1199 483 1276 posterum
505 1198 685 1276 praestante
708 1192 836 1255 domino
859 1192 976 1275 poterit
998 1191 1137 1273 adipisci,
1160 1192 1229 1254 sine
1244 1190 1351 1270 aliqua
1373 1189 1595 1252 dilaceratione
1611 1187 1663 1251 vel

263 1298 465 1361 intestatione
487 1297 699 1380 praecipimus
721 1314 914 1379 permanere.
959 1294 1011 1358 Ad
1033 1296 1110 1358 haec
1140 1294 1326 1372 stabilimus
1361 1292 1449 1373 quod
1482 1292 1522 1355 ad
1552 1311 1663 1373 quem-

263 1419 400 1483 cumque
430 1401 538 1463 locum
566 1400 635 1483 ipse
657 1400 709 1463 rel
740 1401 810 1463 eius
837 1398 946 1462 famuli
976 1418 1073 1462 causa
1097 1397 1300 1461 mercationis
1330 1397 1484 1478 venerint,
1515 1395 1554 1459 ab
1577 1396 1663 1458 omni

263 1505 430 1568 exactione
452 1503 505 1568 vel
527 1504 681 1587 pensione
704 1503 815 1567 tributi
836 1502 929 1566 liberi
951 1502 1015 1565 sint
1041 1508 1072 1565 et
1094 1502 1243 1584 exempti.
1287 1499 1496 1563 Decernimus
1519 1518 1604 1581 ergo,
1627 1506 1664 1562 ut

262 1607 344 1670 nulli
373 1608 502 1671 omnino
525 1607 690 1669 hominum
720 1607 768 1670 ies
794 1607 843 1687 sit,
873 1606 1148 1689 praenominatum
1170 1604 1274 1667 Johan
1305 1605 1439 1686 eiusque
1468 1604 1600 1667 heredes
1628 1604 1662 1665 in

189 1716 227 1771 10
263 1711 370 1792 aliquo
392 1709 579 1795 perturbare
601 1715 634 1774 et
652 1730 742 1773 suam
758 1710 907 1773 familiam
924 1710 1110 1791 inquietare,
1133 1709 1184 1772 vel
1207 1708 1275 1771 eius
1289 1708 1507 1790 possessiones
1529 1706 1663 1770 aufferre

262 1813 314 1877 vel
343 1814 548 1895 aliquatenus
576 1815 731 1895 minuere,
761 1813 817 1877 sed
847 1814 970 1896 integre
999 1820 1032 1876 et
1060 1812 1179 1875 illibate
1208 1816 1415 1894 permaneant
1444 1810 1491 1874 illi
1512 1809 1663 1893 illiusque

262 1916 296 1979 in
318 1921 509 2000 perpetuum
531 1917 700 1981 heredibus
722 1917 835 1981 usibus
856 1917 980 1981 idoneis
1001 1936 1059 2000 pro
1079 1916 1204 1978 futuris.
1227 1915 1276 1978 Ne
1298 1916 1396 1998 igitur
1417 1914 1513 1977 lulius
1535 1919 1662 1977 nostrae

263 2019 442 2083 donationis
471 2019 525 2084 rel
554 2020 765 2085 institutionis
795 2021 893 2085 series
923 2021 962 2085 ab
992 2020 1100 2101 aliquo
1122 2024 1324 2102 posterorum
1345 2019 1541 2082 calumniose
1562 2018 1663 2101 possit

261 2123 401 2206 infringi,
431 2124 608 2206 praesentis
641 2124 750 2207 scripti
779 2124 954 2207 patrocinio
984 2129 1016 2188 et
1048 2122 1153 2205 regiae
1181 2122 1359 2186 serenitatis
1393 2123 1495 2206 sigillo
1529 2122 1663 2186 lecimus

192 2234 227 2288 15
264 2224 452 2290 confirmari.
483 2226 517 2290 Si
532 2228 604 2308 quis
619 2233 727 2291 autem
741 2228 889 2310 pertinax
912 2235 944 2292 et
966 2228 1136 2291 indevotus
1158 2226 1317 2308 praesenti
1338 2226 1472 2308 paginae
1495 2225 1662 2289 temerario

264 2350 345 2394 ausu
378 2331 536 2395 contraire
570 2332 748 2413 tentaverit,
781 2332 861 2394 iram
894 2330 1120 2413 omnipotentis
1152 2329 1204 2393 dei
1235 2330 1379 2393 incurrat
1408 2333 1442 2392 et
1474 2329 1579 2410 regiae
1613 2329 1663 2389 in·

264 2434 454 2517 dignationis
477 2434 678 2498 severitatem
700 2434 921 2498 vehementius
942 2432 1134 2515 experiatur.
1160 2430 1279 2494 Datum
1301 2450 1359 2514 per
1380 2450 1495 2495 manus
1517 2430 1660 2494 Gotiredi

262 2536 445 2601 Orodiensis
467 2537 638 2620 praepositi
660 2543 692 2601 et
712 2538 817 2621 regiae
832 2538 924 2600 aulae
939 2535 1126 2614 cancellarii,
1141 2554 1226 2597 anno
1246 2533 1285 2596 ab
1308 2535 1525 2598 incarnatione
1541 2533 1661 2597 domini

261 2618 365 2705 lide
385 2618 441 2703 ill
471 2639 655 2704 Venerabili
675 2641 822 2704 «Iohanne
845 2640 1054 2722 strigoniensi
1083 2638 1316 2722 archiepiscopo
1347 2640 1514 2721 existente,
1544 2638 1662 2702 Calano

191 2750 228 2805 20
265 2743 597 2825 Quinqueeoclesiensi
613 2745 769 2828 episcop0,
783 2743 931 2807 Bolezlao
946 2743 1116 2823 Weciensi,
1131 2741 1277 2806 Kolenda
1292 2744 1528 2827 Vesprimiensi,
1544 2743 1663 2807 Katha

261 2867 344 2931 pano
363 2848 519 2930 Agriensi,
542 2846 706 2911 Desiderio
730 2847 949 2927 Chonadiensi,
973 2846 1137 2910 Guthardo
1160 2845 1371 2928 Zegrabiensi,
1395 2846 1535 2928 Symone
1550 2846 1663 2910 Wara

261 2950 371 3032 diensi,
394 2951 489 3016 Petro
513 2949 689 3015 Gouriensi.
712 2951 809 3035 Mogh
831 2952 945 3015 comite
967 2950 1106 3033 palatino
1129 2955 1161 3012 et
1182 2948 1383 3031 Byhoriensi,
1407 2950 1555 3034 Chepano
1578 2951 1660 3013 bano

261 3055 429 3134 existente,
452 3052 600 3137 Chepano
631 3056 745 3119 comite
767 3055 956 3137 Bachyensi,
987 3054 1093 3136 Gyula
1114 3054 1338 3137 Budrugiensi,
1368 3053 1517 3117 Marcello
1541 3052 1662 3136 Supru·

261 3158 374 3239 nicusi,
396 3157 569 3222 Benedicto
591 3158 735 3239 vaivoda,
767 3158 938 3241 Smaragdo
961 3158 1073 3222 curiali
1096 3159 1210 3223 comite
1243 3165 1352 3221 nostro
1375 3164 1408 3222 et
1430 3156 1662 3237 Zonuchyensi,

192 3266 227 3321 25
262 3260 420 3326 Mercurio
450 3260 647 3344 Posoniensi,
676 3262 823 3325 'liburnio
854 3263 965 3326 curiali
995 3262 1109 3325 comite
1142 3263 1270 3344 reginae
1300 3268 1333 3326 et
1361 3261 1503 3342 Albensi,
1533 3260 1662 3340 Martyn

262 3364 499 3447 Woswariensi,
522 3363 634 3448 Ogyuz
657 3365 842 3448 Zaladiensi,
865 3366 996 3430 Nicolao
1019 3365 1182 3447 Nitriensi,
1202 3366 1284 3429 Poth
1307 3365 1516 3447 Musuniensi,
1531 3362 1662 3428 Nicolao

263 3466 481 3533 Chenadiensi.

936 3693 995 3776 17.

340 3875 457 3942 1206.
476 3871 594 3963 Koaip
607 3871 769 3945 Andreae
783 3874 837 3945 Π.
858 3874 981 3963 bcfreit
998 3875 1055 3947 die
1067 3873 1263 3946 Deatocbeo
1275 3874 1313 3944 ia
1327 3872 1482 3959 Koroko,
1503 3871 1661 3962 Oropum-

194 4009 230 4063 eo
264 3991 374 4083 dorpb
398 3993 473 4063 aad
496 3992 607 4065 Recta
632 4016 696 4066 ooo
722 3995 785 4065 der
816 3994 1106 4068 Gericbtabcrlceit
1137 3996 1195 4067 dee
1220 3993 1533 4085 eetmuuptsclaen
1568 3990 1661 4064 Wei-

261 4113 380 4185 wodea
405 4114 479 4185 aad
503 4137 568 4186 ooo
594 4114 806 4203 dffeutlicbeo
832 4113 973 4187 Laeter.

415 4276 618 4346 Etnpeacboltet
635 4293 688 4331 ooo
705 4279 765 4331 deta
782 4277 1006 4348 Weioeeabargcr
1018 4278 1133 4347 Kapitel
1150 4280 1209 4332 uod
1226 4279 1280 4333 dea
1292 4278 1453 4332 Xenocraten
1470 4277 1519 4330 der
1533 4275 1662 4330 Domini-

362 4362 449 4416 kaner
466 4363 525 4416 uod
536 4364 585 4417 der
598 4363 768 4432 Augustino
783 4380 819 4416 aa
838 4364 1032 4433 Weieaeoburg
1045 4370 1225 4431 1296-1301,
1246 4364 1321 4433 Θήρ.
1339 4364 1443 4432 onear.
1456 4362 1663 4417 Landeaarcbio

362 4448 514 4517 Badapest.
539 4449 602 4503 Das
623 4448 751 4519 Oriptntd
768 4451 805 4503 iat
826 4451 991 4520 beaobddipt,
1009 4452 1059 4504 der
1080 4452 1146 4505 Text
1162 4451 1288 4505 &sabab
1306 4450 1471 4517 laudantest.

415 4568 526 4623 Druck:
550 4570 645 4623 Beato
662 4569 798 4624 Milkocio
817 4571 861 4638 II,
884 4575 943 4625 178.
968 4572 1046 4626 Eder
1064 4572 1107 4625 De
1124 4571 1216 4625 initiis
1235 4575 1293 4625 172.
1320 4570 1445 4625 Scbldaer
1463 4570 1538 4624 Keil.
1558 4569 1662 4624 Summ-

363 4655 464 4723 langea
480 4658 541 4710 290.
560 4656 646 4723 Fejtr
661 4655 750 4710 Godac
762 4657 825 4724 ΠΙ,
846 4663 870 4724 1,
889 4661 931 4711 33.
955 4658 1066 4712 Teatocb
1084 4675 1111 4712 u.
1125 4658 1285 4711 Firobaber
1304 4657 1375 4710 sico.
1400 4657 1481 4711 Urkb.
1500 4656 1526 4723 I,
1547 4660 1569 4711 7.
1595 4656 1661 4709 Mit-

365 4741 523 4811 tbea'luopen
540 4742 567 4795 d.
586 4742 755 4810 Institutas.
774 4748 870 4797 datm.
890 4743 984 4797 Geso.
1008 4743 1040 4809 V,
1058 4748 1117 4798 558.

417 4862 531 4931 necet.-
550 4863 636 4930 Fejer
657 4863 747 4917 Cedat
770 4864 838 4931 VII,
857 4868 881 4931 4,
899 4868 959 4919 258.
985 4863 1193 4918 Vercinacrcbiu
1210 4865 1288 4918 Neue
1307 4863 1394 4933 Fulge
1412 4864 1443 4917 X
1448 4864 1480 4930 V,
1500 4867 1558 4917 168.

414 5019 561 5083 Andreas
583 5020 634 5085 dei
655 5023 757 5103 gratia
783 5022 950 5105 Vngariae,
979 5022 1168 5103 Dalmaciae,
1191 5023 1348 5103 Oroaciae,
1370 5022 1496 5103 Ramae,
1520 5021 1659 5102 Seruiae,

196 5128 229 5181 40
262 5122 412 5186 Galliciae
433 5121 704 5205 lodomen‘aeque
725 5145 784 5189 rex
806 5127 839 5188 in
863 5133 1060 5209 perpetuum.
1099 5125 1179 5197 Cum
1201 5127 1306 5209 regiae
1328 5126 1506 5189 serenitatis
1528 5126 1662 5205 intersit,

262 5226 487 5288 universorum
502 5226 591 5309 regni
606 5228 656 5290 sui
671 5228 831 5310 hospitum
846 5229 1032 5310 libertatem,
1057 5249 1120 5311 qua
1141 5229 1279 5312 benigna
1299 5230 1370 5292 illos
1392 5237 1526 5293 naturae
1548 5248 1663 5292 manus

261 5327 375 5409 beavit,
405 5327 558 5393 illibatam
579 5330 830 5414 inviolatamque
857 5331 972 5396 debere
1001 5352 1199 5415 conservare,
1230 5333 1358 5418 speciali
1387 5340 1495 5397 tamen
1525 5332 1663 5414 quadam

261 5430 470 5496 familiantate
492 5432 607 5495 horum
635 5434 764 5499 utilitati
777 5452 780 5458 ·
794 5455 831 5499 ao
862 5436 961 5517 quieti
990 5442 1118 5500 tenetur
1146 5436 1306 5518 insudare,
1338 5456 1419 5519 quos
1449 5442 1482 5500 et
1514 5434 1663 5499 nobilitas
