4106 6294
998 598 1154 693 se..

379 787 499 851 dictum
522 788 698 871 capitulum
721 789 754 852 in
769 788 1003 872 possessionem
1026 789 1127 873 ipsius
1142 790 1236 855 villae
1251 790 1325 854 Bun
1348 789 1492 852 omnium
1507 788 1628 853 iurium
1642 808 1775 852 snorum

379 897 541 973 tamquam
574 911 669 955 verus
698 893 790 955 heres
819 892 1013 957 constitutus
1043 914 1080 957 ac
1110 896 1205 958 etiarn
1227 896 1296 958 iure
1327 893 1507 957 donationis
1538 913 1635 957 causa
1664 894 1775 956 mortis

378 997 475 1059 intret
505 996 598 1079 pleno
629 995 708 1076 iure,
738 1003 830 1060 sexto
862 1016 938 1060 vero
969 1018 1054 1060 anno
1084 999 1240 1082 completo
1271 1017 1375 1080 eoque
1405 997 1519 1061 comite
1546 997 1676 1061 Nic-oleo
1700 997 1775 1059 rivo

378 1100 537 1163 existente
560 1100 611 1164 rel
641 1102 668 1163 si
690 1101 786 1164 rivus
816 1102 983 1179 exstiterit,
1014 1102 1124 1165 eadem
1148 1103 1223 1165 villa
1252 1123 1325 1166 curn
1356 1101 1505 1165 omnibus
1532 1100 1722 1164 utilitatibus
1743 1106 1776 1163 et

377 1203 586 1286 pertinentiis,
609 1206 779 1268 usufructu
795 1202 1079 1289 [decimarum]que
1095 1206 1219 1270 iuribus
1233 1213 1266 1271 et
1284 1205 1531 1270 obventionibus
1546 1204 1614 1268 suis
1633 1204 1777 1268 similiter
1811 1212 1828 1263 5

379 1308 418 1371 ad
448 1309 553 1392 ipsum
576 1310 750 1392 capitulum
780 1311 850 1374 iure
874 1311 1053 1374 donationis
1082 1311 1166 1373 inter
1189 1312 1280 1374 vivos
1302 1311 1436 1391 iureque
1464 1308 1588 1372 heredis
1611 1307 1776 1371 constituti

379 1411 568 1476 devolvatur
590 1418 623 1476 et
638 1413 788 1477 devoluta
802 1414 964 1494 habeatur,
986 1415 1055 1498 ipso
1071 1416 1186 1478 comite
1202 1415 1332 1478 Nicolao
1355 1414 1538 1478 molendino
1554 1432 1613 1477 sno
1629 1432 1666 1476 aa
1682 1412 1776 1475 vinea

379 1536 438 1578 sua
466 1516 624 1580 {ructibus
654 1517 914 1599 decimarumque
944 1518 1066 1581 collatis
1096 1538 1153 1601 pro
1180 1539 1242 1582 usu
1265 1538 1323 1581 sno
1346 1518 1387 1581 ad
1410 1519 1493 1581 vitae
1516 1535 1593 1581 suae
1616 1521 1775 1579 sustenta·

379 1619 497 1683 tionem
526 1625 650 1683 tantum
681 1627 873 1685 contentato.
907 1622 988 1685 Item
1019 1622 1158 1685 obtinuit
1187 1622 1270 1684 idern
1293 1641 1400 1684 comes
1423 1620 1583 1699 Nicolaus,
1615 1620 1692 1701 quia
1712 1620 1776 1682 iam

378 1728 531 1806 patronus
554 1724 703 1788 ecclesiae
727 1725 845 1805 existit,
868 1732 1030 1807 utusque
1053 1727 1150 1790 vitam
1173 1746 1264 1789 suam
1288 1724 1430 1788 officialis
1452 1724 1550 1788 iudex
1566 1724 1599 1787 in
1616 1724 1684 1807 ipsa
1699 1723 1775 1786 villa
1812 1727 1845 1781 10

379 1828 496 1891 existat
518 1833 549 1891 et
571 1828 668 1890 alium
692 1848 796 1911 usque
820 1829 858 1892 ad
883 1830 980 1892 vitam
1003 1850 1094 1893 suam
1116 1831 1221 1913 ipsum
1244 1829 1418 1912 capitulum
1434 1848 1499 1891 non
1516 1829 1666 1911 imponat,
1689 1826 1777 1909 quod

378 1931 439 2014 ipsi
461 1932 575 1995 tratres
598 1933 698 1996 nostri
720 1933 893 1997 liberaliter
914 1938 1106 1997 annuerunt
1136 1934 1224 1997 Haec
1246 1933 1308 1997 fuit
1331 1938 1363 1996 et
1385 1932 1508 1996 exstitit
1529 1932 1630 2015 ipsius
1652 1931 1776 1994 comitis

378 2034 501 2098 Nicolai
531 2035 643 2118 plenae
668 2037 810 2101 studium
833 2038 1016 2119 voluntatis,
1045 2043 1083 2101 nt
1104 2038 1173 2121 ipsa
1195 2037 1271 2100 villa
1292 2036 1366 2100 Bun
1389 2055 1462 2099 cum
1486 2034 1635 2099 omnibus
1657 2034 1776 2098 utilita-

380 2139 466 2202 tibus
489 2146 521 2203 et
542 2140 742 2223 pertinentiis
766 2143 833 2205 suis
856 2142 941 2205 omni
963 2142 1043 2205 iuris
1066 2140 1218 2206 beneficio
1241 2141 1311 2205 iure
1334 2140 1482 2204 videlicet
1496 2138 1677 2202 donationis
1692 2139 1776 2202 inter

379 2243 471 2306 rivos
493 2243 627 2326 iureque
653 2245 834 2310 donationis
857 2266 953 2309 causa
974 2247 1086 2309 mortis
1107 2246 1178 2309 iure
1200 2245 1437 2308 constitutionis
1459 2243 1518 2307 sibi
1541 2242 1666 2306 heredis
1687 2242 1772 2305 iure-
1811 2248 1842 2299 15

380 2364 442 2426 que
464 2346 559 2429 legati
582 2347 717 2411 codicilli
734 2350 1035 2431 testamentarioque
1050 2370 1087 2413 ac
1102 2369 1159 2434 per
1174 2369 1300 2413 omnem
1316 2350 1400 2411 viam
1416 2348 1467 2411 vel
1483 2347 1508 2409 si
1524 2366 1591 2409 nou
1606 2365 1774 2430 perunum

379 2451 539 2532 etiamque
567 2471 625 2534 per
654 2452 757 2533 aliem,
787 2454 813 2515 si
839 2474 905 2516 nou
927 2473 992 2517 uno
1015 2454 1094 2534 iure,
1125 2460 1229 2516 tamen
1257 2452 1318 2514 alio
1342 2452 1382 2515 ob
1405 2451 1547 2514 favorem
1569 2449 1773 2513 ecclesiarum

378 2553 568 2618 introductis
590 2555 630 2618 ad
652 2556 757 2639 ipsum
780 2557 954 2639 capitulum
977 2557 1167 2621 devolvatur
1189 2576 1225 2619 ac
1245 2556 1396 2620 devoluta
1414 2554 1575 2637 habeatur,
1598 2560 1631 2617 et
1645 2551 1776 2636 pacifica

379 2656 522 2720 eiusdem
544 2658 638 2723 villae
660 2660 851 2744 proprietate
873 2681 909 2723 ac
932 2661 1132 2744 possessione
1154 2660 1259 2742 ipsum
1281 2657 1456 2743 capitulum
1471 2662 1581 2721 utatur
1595 2656 1689 2740 pleno
1706 2656 1776 2720 iure

379 2780 416 2823 ac
430 2767 592 2844 perpetuo.
611 2762 663 2825 Ad
678 2764 859 2827 instantiam
876 2765 973 2847 igitur
988 2764 1139 2847 praedicti
1155 2764 1279 2827 comitis
1290 2763 1412 2827 Nicolai
1428 2782 1465 2825 ac
1479 2761 1610 2844 capituli
1625 2760 1775 2823 ecclesiae
1811 2765 1846 2817 20

379 2870 516 2945 nostrae,
546 2867 620 2948 quia
642 2868 725 2931 idem
752 2888 858 2931 comcs
880 2868 1031 2931 Nicolaus
1057 2868 1097 2931 ad
1120 2886 1270 2951 praesens
1293 2867 1333 2930 ad
1355 2866 1417 2930 ulia
1438 2864 1578 2949 capitula
1599 2864 1775 2928 secundum

379 2970 469 3051 regni
498 2971 762 3035 consuetudinem
792 2972 838 3035 ire
868 2992 933 3035 non
955 2973 1059 3055 potuit
1080 2972 1120 3035 ad
1142 2972 1353 3034 instrumenta
1375 2967 1581 3049 conficienda,
1613 2973 1718 3031 tamen
1741 2986 1776 3030 se

380 3078 500 3152 quanto
530 3074 624 3138 citius
654 3081 685 3138 et
707 3075 903 3139 commodius
932 3077 1048 3160 poterit
1078 3076 1123 3139 ire
1153 3074 1298 3159 promisit
1326 3080 1358 3137 et
1380 3073 1559 3156 assumpsit,
1593 3076 1776 3156 praesentes

380 3177 595 3241 concessimus
616 3178 723 3242 literas
745 3178 839 3262 sigilli
861 3181 963 3243 nostri
984 3180 1161 3244 munimine
1184 3178 1355 3243 roboratas.
1385 3175 1505 3240 Datum
1527 3176 1637 3257 Albae,
1661 3179 1775 3256 quarto

381 3278 432 3343 die
454 3286 639 3345 octavarum
661 3280 745 3347 beati
765 3282 891 3367 Georgii
915 3285 1072 3367 martyris,
1095 3303 1179 3348 anno
1203 3282 1323 3346 domini
1346 3258 1387 3344 li
1411 3258 1496 3345 000.
1517 3281 1629 3362 quinto
1645 3279 1775 3342 decimo.
1811 3283 1846 3337 25

1037 3578 1130 3661 339.

457 3737 557 3806 1315
584 3737 666 3809 Mai
695 3744 731 3811 8.
778 3741 854 3813 Dos
889 3741 1168 3832 Weissenburpcr
1194 3741 1339 3831 Kapitel
1372 3736 1564 3828 depluabc'pl
1596 3738 1670 3825 aas
1688 3736 1776 3806 ela

378 3856 546 3928 scbreiten
572 3858 631 3930 das
656 3862 970 3953 mebenbdrpiecbcu
1004 3862 1199 3934 Woiwoden
1226 3859 1386 3932 Andreas
1420 3858 1494 3930 aad
1520 3857 1578 3928 das
1605 3856 1779 3947 Mopistcr

381 3976 552 4049 Minurus
576 4002 642 4052 oon
664 3980 760 4074 Gyop
787 3985 842 4055 die
868 3983 1031 4056 Urkande
1057 3985 1117 4056 das
1133 3984 1267 4072 Krinips
1285 3980 1475 4052 Lodislnus
1492 3976 1562 4049 IV.
1590 3978 1779 4048 von1289

382 4097 448 4168 Nr.
478 4101 846 4191 231betreffeadclte
873 4111 968 4177 terro
998 4104 1159 4176 Gornord.
1617 4189 1628 4211 ο
1813 4112 1849 4166 30

458 4218 586 4294 Datum
622 4222 661 4294 in
696 4224 827 4298 octavis
866 4224 1082 4298 ascensionis
1118 4222 1259 4315 domini,
1299 4243 1390 4294 anno
1417 4219 1570 4292 eiusdem
1598 4217 1646 4289 M.
1673 4215 1777 4289 000.

381 4340 501 4436 quinto
527 4342 665 4417 decimo.

539 4489 615 4561 Oric-
628 4492 709 4562 Pero.
726 4492 830 4564 Uupnr.
840 4494 1055 4550 Laodmnrcbio.
1073 4493 1162 4563 δίψεϊ
1173 4508 1232 4545 war
1245 4508 1283 4546 an
1294 4490 1403 4545 weiascr
1416 4486 1601 4555 Hansmbnur
1613 4452 1776 4555 aupebdopt.

1035 4772 1131 4854 340.

458 4935 558 5004 1315
582 4934 674 5005 dani
702 4936 736 5004 5.
778 4934 854 5005 Dus
890 4934 1168 5027 Weissenborper
1198 4932 1342 5024 Kapitel
1368 4930 1513 5020 caecat,
1550 4928 1631 4998 dass
1665 4947 1778 4997 comes
1814 4942 1848 4995 ee

381 5051 556 5125 Renoldus
582 5053 681 5125 filius
706 5054 877 5127 lobannis
905 5056 945 5129 de
970 5079 1094 5153 genere
1120 5050 1410 5127 Kukenusrenold
1436 5051 1529 5123 seiae
1547 5047 1779 5136 Bounomos

380 5175 486 5268 Banp
511 5176 585 5247 und
610 5176 854 5248 Kosmatclulte
889 5177 967 5249 dem
992 5175 1305 5268 sicbeabdrpiscben
1332 5172 1485 5261 Biscbof
1509 5169 1681 5242 cemnccbt
1707 5168 1777 5239 aar.

459 5295 588 5368 Datum
624 5296 662 5368 in
698 5297 881 5393 quindenis
917 5297 1119 5371 festivitatis
1154 5294 1305 5391 corporis
1341 5292 1482 5385 Christi,
1521 5312 1613 5364 anno
1650 5285 1778 5360 domini

381 5390 430 5491 io
452 5390 542 5490 ooo.
568 5417 689 5513 quinto
716 5418 854 5492 decimo.
1878 5519 1880 5523 ¹

540 5569 616 5639 Orio.
635 5570 715 5639 Pcry.
734 5567 943 5638 Kapitclorcbio
961 5567 1129 5638 Karlsburp.
1153 5565 1242 5636 Siepcl
1259 5580 1319 5619 war
1338 5562 1502 5632 ammaum.
1814 5551 1850 5606 40
