4064 6288
984 596 1139 692 m..

519 781 698 865 Stephanus
706 782 728 861 ¹)
750 784 800 847 dei
824 785 924 867 gratia
946 805 1004 849 rex
1027 786 1212 869 Hungmiae
1242 786 1458 870 significamus
1480 793 1591 853 tenore
1612 807 1762 871 praesen-

364 887 444 949 tium
467 886 626 950 universis
650 894 714 951 tam
737 888 957 971 praesentibus
981 909 1077 972 quam
1100 891 1226 971 tuturis,
1250 891 1337 973 quod
1352 891 1539 955 accedentes
1561 892 1602 955 ad
1620 898 1760 956 nostram

362 992 574 1074 praesentiam
589 989 786 1057 laurencius
808 992 893 1057 filius
909 993 1066 1076 Hylyee²t
1083 1001 1115 1059 et
1129 994 1335 1058 Ieostachius
1357 993 1443 1058 filius
1458 995 1601 1060 eiusdem
1616 1002 1761 1081 petentes

363 1114 382 1157 a
411 1093 512 1176 nobis,
542 1101 580 1159 ut
608 1095 694 1178 ipsos
729 1116 765 1158 ac
798 1099 1015 1180 possessiones
1048 1098 1224 1163 eorundem
1254 1098 1459 1165 hereditam‘as
1490 1118 1625 1181 quarum
1660 1101 1762 1184 prima

363 1197 567 1280 Scederyes⁸)
590 1205 711 1281 vocata,
742 1220 838 1283 super
868 1218 964 1281 quam
994 1207 1043 1264 est
1072 1207 1255 1265 constructa
1284 1201 1417 1265 ecclesia
1438 1202 1563 1285 lapidea
1584 1204 1617 1265 iu
1640 1203 1761 1268 honore
1795 1213 1812 1263 5

362 1301 481 1366 Mariae
504 1303 645 1385 virginis,
661 1303 761 1367 altera
776 1323 852 1367 vero
866 1307 1025 1387 possessio
1042 1305 1186 1369 similiter
1200 1306 1390 1370 hereditaria
1404 1305 1623 1386 Soenkarest⁴)
1638 1314 1760 1390 vocata

362 1424 459 1488 super
481 1424 576 1487 quam
600 1412 649 1470 est
671 1412 854 1471 constructa
876 1408 1009 1471 ecelesia
1029 1409 1154 1492 lapidea
1183 1410 1217 1472 in
1239 1410 1360 1473 honore
1383 1415 1511 1474 sanotae
1533 1410 1646 1490 crucis,
1678 1430 1760 1493 quaa

360 1512 577 1593 possessiones
608 1516 685 1575 sunt
713 1513 746 1574 in
778 1511 940 1575 vicinitate
963 1511 1144 1576 Siculorum
1176 1513 1215 1577 de
1236 1513 1352 1596 Tolegd
1378 1513 1563 1578 indistincta
1585 1514 1654 1578 sine
1676 1521 1761 1578 meta

361 1613 481 1697 pertrui
504 1616 606 1678 etuti
628 1615 805 1679 secundum
827 1615 930 1698 legem
953 1622 985 1679 et
1006 1622 1162 1680 statutum
1170 1616 1191 1694 ⁶)
1215 1617 1359 1679 omnium
1375 1615 1556 1680 Siculorum
1583 1617 1623 1680 de
1643 1617 1760 1700 Telegd

362 1724 394 1782 et
424 1738 482 1782 nos
512 1719 663 1803 inspectis
693 1720 860 1796 servitiistt
883 1725 915 1783 et
935 1720 1142 1784 fidelitatibus
1170 1720 1405 1803 praedictorum
1435 1719 1555 1783 scilicet
1581 1719 1758 1785 Laurencio
1795 1728 1829 1781 10

362 1827 394 1886 et
415 1821 600 1886 leostaohio
630 1822 695 1885 filio
726 1822 897 1899 eiusdem⁷)
929 1824 1145 1887 concessimus
1179 1830 1211 1887 et
1244 1823 1434 1886 donavimus
1465 1824 1633 1907 diligenter
1664 1831 1760 1908 prout

361 1925 572 2009 postularunt
609 1925 657 1989 Ea
688 1931 818 2011 propter
847 1928 1059 2011 praecipimus
1089 1926 1180 1990 vobis
1210 1927 1474 1991 universitatibus
1504 1927 1685 1991 Siculorum
1720 1928 1759 1993 da

359 2029 475 2111 Telegd
496 2028 630 2092 firmiter
651 2049 708 2113 per
730 2037 921 2114 praesentes,
943 2037 1102 2113 quatenus
1124 2030 1353 2115 praescriptum
1368 2030 1581 2095 [amancium
1604 2037 1636 2095 et
1657 2031 1759 2095 filium

361 2132 503 2196 eiusdem
526 2152 562 2196 ec
585 2152 661 2197 suos
683 2134 815 2199 heredes
838 2136 1057 2218 heredumque
1077 2154 1277 2199 successores
1298 2134 1333 2197 in
1355 2141 1494 2201 vestrum
1518 2136 1759 2200 universitatem

360 2235 577 2300 favorabiliter
597 2237 738 2321 recipere
760 2239 874 2319 volitis,
897 2246 929 2304 et
951 2239 1079 2303 eosdem
1102 2238 1141 2301 ab
1164 2238 1313 2302 omnibus
1333 2238 1415 2303 maie
1437 2239 1627 2303 facientibus
1649 2240 1758 2304 defen·
1795 2249 1827 2300 15

361 2341 435 2405 dere
465 2360 523 2405 seu
553 2348 720 2425 protegere
751 2362 816 2406 non
847 2344 979 2408 tardetis
1000 2344 1045 2407 ita
1067 2349 1182 2423 tamen,
1205 2351 1242 2407 ut
1266 2343 1524 2426 praenominatos
1545 2343 1758 2407 Laurenoium

360 2450 392 2508 et
414 2465 490 2508 suos
512 2445 644 2510 heredes
674 2466 748 2510 cum
778 2447 1033 2531 possessionibus
1055 2446 1230 2510 eorundem
1257 2447 1443 2530 excepimus
1465 2453 1498 2510 et
1518 2448 1697 2531 recepimus
1719 2447 1758 2511 ab

360 2548 509 2612 omnibus
538 2550 741 2614 comitatibus
770 2550 976 2613 vaivodotum
1006 2551 1059 2631 ita
1082 2556 1119 2613 ut
1140 2549 1249 2614 nullus
1272 2549 1415 2614 officialis
1445 2550 1580 2614 alicuius
1603 2551 1758 2615 vaivodae

359 2658 542 2736 praesumat
563 2653 703 2716 iudicare
725 2673 783 2717 seu
805 2654 1008 2733 molestare.⁸)

1014 2929 1107 3013 134.
1792 2954 1827 3009 20

437 3095 518 3163 127
524 3096 547 3162 0
572 3092 655 3163 Mai
681 3096 742 3164 18.
788 3091 930 3185 Moyses
965 3092 1154 3188 palatinus,
1188 3115 1300 3165 oomes
1328 3090 1581 3187 Supruniensis
1611 3099 1645 3164 et
1671 3091 1757 3185 Scy·

358 3212 530 3286 biniensis
558 3214 667 3302 fltbrt
701 3213 767 3284 deb
794 3212 1007 3302 &abactas
1034 3237 1099 3286 voa
1129 3213 1230 3286 Grau
1264 3214 1302 3284 in
1337 3213 1401 3285 dos
1429 3214 1512 3285 Amt
1547 3214 1606 3285 des
1642 3213 1759 3286 Comes

357 3358 421 3407 oon
453 3335 554 3407 Gran
580 3337 645 3407 ein.

436 3454 566 3528 Datum
591 3455 629 3526 in
648 3455 819 3528 dominice
836 3456 995 3551 proxima
1020 3462 1097 3551 post
1113 3455 1321 3552 quindenam
1342 3455 1572 3550 apostolorum
1589 3453 1758 3549 Phylippi

357 3583 391 3647 et
418 3574 547 3668 iacobi,
574 3599 666 3649 anno
692 3576 883 3649 dominicae
909 3576 1161 3650 incarnationis
1188 3577 1253 3651 Mt
1281 3577 1360 3650 00⁰.
1388 3575 1650 3672 septuagesimo.
1791 3594 1826 3647 25

513 3740 626 3794 Druck:
644 3740 748 3794 Kaous
766 3740 947 3794 Monunuato
965 3742 991 3808 I,
1014 3745 1067 3796 576
1084 3742 1156 3796 nodo
1173 3742 1222 3796 der
1240 3740 1563 3810 Bestdtiyuupourtande
1580 3741 1628 3793 des
1647 3738 1757 3808 Konipa

461 3827 615 3882 Lodioloas
633 3826 689 3882 IV.
706 3844 759 3882 oon
777 3831 853 3896 1288,
875 3828 950 3897 (bip.
969 3827 1178 3897 Kopitetorcbio
1198 3828 1286 3883 Gran.
1305 3857 1339 3868 -
1358 3826 1444 3895 Fun
1464 3827 1554 3882 Codex
1576 3826 1609 3893 V,
1628 3831 1653 3893 1,
1670 3830 1713 3880 21.

1013 4108 1103 4190 135.

435 4270 595 4343 AtaPest
608 4274 688 4342 127
693 4276 717 4342 0
726 4271 921 4363 September
938 4273 972 4342 8.
993 4270 1158 4343 Albertus
1172 4268 1340 4365 magister
1354 4290 1547 4365 agasonum
1561 4273 1756 4342 nostrorum

355 4397 388 4462 et
405 4414 516 4465 eomes
535 4390 764 4465 Scibiniensis
782 4394 835 4464 als
853 4393 964 4483 Zeape
981 4393 1020 4463 iu
1037 4393 1100 4464 (ter
1125 4389 1289 4463 Urtunde
1306 4391 1366 4462 des
1378 4390 1512 4479 Ko'nips
1531 4389 1682 4481 Stephon
1704 4387 1754 4474 V„
1791 4405 1827 4459 30

353 4515 468 4583 womit
493 4513 643 4585 derselbe
669 4513 725 4584 die
751 4511 914 4584 Urtundo
940 4513 999 4584 des
1016 4512 1150 4603 Kdniqs
1168 4513 1257 4583 Belo
1276 4510 1345 4582 IV.
1365 4534 1429 4583 oon
1446 4514 1556 4581 1267
1573 4509 1758 4601 batreffead

355 4633 411 4705 die
437 4634 626 4726 Besitaaap
652 4632 851 4706 Praudauin
877 4633 971 4706 ultra
997 4631 1154 4705 Drauam
1179 4631 1384 4705 existentem
1412 4631 1579 4721 beatutipt.

512 4800 532 4866 ¹)
554 4799 686 4869 Vortope:
697 4796 842 4852 ladislaus.
861 4796 963 4852 Scato:
975 4797 1132 4865 Stephanus.
1151 4796 1216 4851 saa
1227 4796 1281 4851 den
1293 4796 1359 4850 Text
1376 4796 1425 4850 der
1434 4794 1757 4865 Boeotiqunqsarkuode

354 4886 402 4940 dea
420 4885 530 4955 Kdnipa
547 4885 702 5024 Ladislarpis
718 4885 742 5022 lI
744 4884 776 4938 V.
794 4900 848 4938 oon
866 4887 943 4938 1279.
1791 4967 1825 5019 30

510 4975 532 5039 ¹)
551 4971 655 5025 Stobo:
700 4987 785 5038 yyce.
1810 4968 1823 4979 ”

510 5060 531 5125 ⁸)
550 5058 655 5113 Saudo:
672 5055 802 5110 Zadelies.

510 5148 532 5212 ¹)
550 5143 655 5200 Stabd:
673 5142 848 5197 Soentkerest

510 5234 532 5299 ⁸)
551 5230 587 5286 So
606 5229 703 5285 Stobo.
727 5229 858 5299 Vorlopc:
875 5232 981 5283 statum.

509 5320 531 5383 θ)
554 5316 686 5387 Vorlope:
703 5315 816 5370 servitis.

510 5405 531 5471 ἵ)
549 5402 653 5458 Suebo:
671 5401 809 5457 Laurenoii
827 5404 855 5455 et
871 5400 1020 5455 Ievstaohii
1038 5400 1091 5467 filii,
1110 5400 1217 5454 eisdam.

509 5494 531 5559 ⁸)
549 5489 606 5544 Mo
623 5489 723 5544 discam
746 5486 825 5544 Wort
842 5487 964 5542 acidiam
981 5486 1026 5541 oo
1049 5486 1178 5541 ortunae
1196 5486 1267 5542 αιιώ
1285 5486 1328 5542 aa·
1346 5485 1443 5542 drabo.

2016 1066 2022 1101 t
