4088 6292
976 630 1131 724 -194-

455 813 643 900 [Rolandus]
654 816 675 896 ¹)
709 818 846 882 vaivoda
877 818 1105 883 Transiluanus
1139 826 1170 883 et
1208 839 1315 884 comes
1348 820 1387 884 de
1422 819 1547 884 Zolnuk
1580 820 1751 885 memoriae

350 920 608 984 commendantes
638 917 866 1004 signifie[amus
897 922 1014 1002 quibus
1036 923 1180 1007 expeldit
1204 924 1363 988 universis
1385 925 1602 1007 praesentium
1623 944 1681 1009 per
1705 931 1752 988 te-

352 1042 472 1105 norem,
497 1024 584 1105 quod
606 1044 666 1087 nos
688 1024 728 1087 ad
750 1025 933 1088 instantiam
956 1033 988 1089 et
1002 1028 1188 1110 petitionem
1212 1027 1372 1110 hospitum
1390 1028 1424 1089 in
1439 1027 1590 1092 Deeswar
1612 1030 1753 1092 existen-

349 1128 430 1191 tium
453 1127 534 1189 hanc
557 1128 689 1209 gratiam
712 1129 865 1192 duximus
887 1130 1112 1193 conferendam
1135 1131 1282 1195 benivole
1305 1137 1337 1194 et
1359 1131 1469 1195 favore
1498 1138 1531 1195 et
1554 1132 1630 1213 quia
1644 1131 1752 1195 habito

349 1230 482 1294 consilio
513 1231 722 1313 cognovimus
752 1238 784 1295 et
806 1233 946 1297 vidimus
976 1241 1012 1297 ut
1034 1236 1076 1297 sit
1098 1241 1129 1298 ct
1151 1235 1329 1318 profectum
1358 1254 1501 1299 camerae
1523 1234 1644 1297 domini
1667 1236 1749 1317 regis
1784 1245 1801 1295 5

349 1341 446 1419 prout
475 1334 614 1399 vidimus
642 1333 744 1397 literis
772 1334 909 1398 ladislai
940 1336 990 1401 dei
1020 1339 1121 1419 gratia
1150 1338 1282 1401 illustris
1310 1339 1393 1420 regis
1415 1337 1600 1421 Hungariae
1627 1358 1752 1402 necnon

350 1440 498 1504 Andreae
521 1439 572 1503 dei
594 1438 696 1522 gratia
717 1438 863 1502 similiter
884 1440 968 1523 regis
982 1440 1177 1525 Hnugariae,
1200 1447 1237 1504 ut
1261 1448 1374 1523 quarta
1397 1442 1593 1506 tenatorum
1616 1442 1752 1505 hberum

350 1543 390 1607 ab
413 1543 499 1607 omni
521 1542 739 1606 iurisdictione
759 1547 790 1606 et
812 1543 929 1607 iudicio
947 1551 1129 1609 nostrorum
1146 1544 1329 1609 officiahum
1346 1551 1532 1628 exemptum
1546 1547 1615 1609 sine
1631 1546 1752 1610 tributo

350 1648 450 1731 possit
472 1643 659 1730 celeb[rari],
682 1647 833 1710 volumus
856 1653 888 1711 et
906 1650 1025 1712 nostris
1049 1648 1238 1713 officialibus
1262 1656 1325 1713 tam
1346 1649 1516 1713 comitibus
1539 1670 1596 1733 pro
1612 1655 1753 1732 ternpore

350 1750 566 1833 oonshtutis,²)
597 1751 684 1833 quod
710 1757 901 1815 mercatores
924 1760 956 1817 et
979 1773 1089 1816 omnes
1112 1755 1277 1818 venientes
1303 1754 1401 1818 libere
1424 1754 1556 1817 veniant
1585 1752 1752 1836 adipsum
1790 1760 1823 1813 10

350 1855 457 1919 iorum
486 1855 680 1919 conveniant
709 1862 742 1919 91
769 1875 881 1919 secure
911 1857 1060 1920 recedant
1089 1877 1148 1922 nec
1178 1857 1295 1940 aliquis
1321 1858 1449 1921 eosdem
1471 1878 1545 1921 oum
1568 1859 1635 1922 suis
1657 1857 1753 1922 rebus

351 1960 579 2024 convenientes
601 1960 653 2023 vel
675 1961 860 2025 recedentes
876 1962 915 2025 de
938 1961 1049 2026 eodem
1068 1970 1251 2045 praesumat
1273 1962 1440 2026 molestare
1456 1981 1513 2026 seu
1536 1963 1643 2044 aliquo
1659 1962 1753 2025 modo

352 2063 548 2146 perturbare.
592 2062 712 2128 Datum
734 2065 768 2127 in
790 2064 867 2127 villa
887 2065 1025 2146 ThyueS,
1055 2066 1088 2127 in
1112 2065 1232 2129 octavis
1258 2065 1360 2128 sancti
1381 2064 1543 2129 Michaelis
1566 2065 1754 2149 archangeh,

352 2187 436 2231 anno
456 2166 577 2231 domini
592 2144 633 2230 11.
650 2145 709 2232 OQ
732 2169 938 2251 nonagesimo
962 2170 1063 2232 tertio.
1259 2157 1262 2161 ’

1013 2532 1105 2616 263.
1766 2508 1770 2513 ’
1791 2558 1824 2609 15

431 2716 546 2786 1293.
574 2714 692 2806 Kdnip
700 2715 862 2788 Andreas
876 2715 954 2785 ΙΙΙ.
972 2714 1131 2805 beaupr
1149 2714 1204 2785 dic
1223 2712 1387 2785 Urtaade
1400 2714 1460 2785 deo
1476 2711 1757 2804 Weissendurper

352 2836 513 2928 [sapiae
538 2858 603 2908 von
629 2838 738 2907 1289
765 2835 832 2907 Nr.
860 2837 944 2906 232
970 2835 1155 2924 1919911199
1179 2834 1422 2923 Mucltendorf
1448 2836 1522 2906 und
1548 2833 1754 2907 8999119191.

508 2999 667 3067 Abachritt:
694 2999 818 3068 Kcnduy
835 2999 957 3068 Dt'plom.
976 3000 1106 3068 supplem.
1125 2998 1151 3065 1,
1176 3004 1211 3055 91
1235 2998 1306 3052 nach
1329 2998 1380 3052 der
1404 2998 1756 3067 Beplaubt'punpeurlrunde
1880 2990 1886 3011 ⁸

456 3085 503 3139 des
526 3085 751 3155 Weissenburqer
768 3085 897 3153 Kopitela
922 3101 973 3139 oon
999 3090 1075 3153 1101,
1103 3085 1179 3155 Orio.
1198 3085 1301 3139 Archiv
1324 3084 1372 3138 dea
1395 3085 1494 3138 Boron
1514 3084 1599 3138 Getae
1617 3086 1704 3153 Aper.
1722 3114 1756 3123 -

456 3171 654 3239 Abachrislliclt
672 3172 742 3226 99911
760 3171 883 3241 11911199
901 3171 1023 3239 Diplom.
1042 3171 1183 3239 appendia
1200 3170 1222 3224 Ι
1224 3169 1256 3238 V,
1275 3175 1329 3224 137
1344 3171 1403 3224 uad
1421 3175 1479 3225 141.
1792 3170 1826 3225 20

509 3292 621 3347 Druck:
643 3294 756 3348 Teutoch
773 3311 801 3346 u.
820 3292 982 3347 Firnhuber
1000 3291 1072 3347 Stet.
1096 3291 1178 3347 Urltb.
1197 3292 1224 3359 I,
1243 3296 1302 3347 137.
1327 3291 1423 3345 Huzai
1441 3292 1586 3346 91199έὶ1111·
1604 3296 1663 3348 117.

509 3467 656 3532 Andreas
677 3468 728 3531 dei
751 3468 852 3551 gratia
869 3466 1063 3550 Hungariae,
1086 3466 1274 3548 Dalmaciae,
1296 3466 1453 3549 Groaciae,
1475 3467 1602 3550 Ranrae,
1618 3467 1757 3547 Seruiae,

356 3572 515 3654 (indiciae,
537 3570 753 3651 Lodomeriae,
776 3572 949 3636 Oumaniae
971 3571 1205 3653 Bulgariaeque
1227 3591 1286 3634 rex
1310 3572 1458 3635 omnibns
1474 3572 1590 3636 Christi
1610 3571 1759 3635 fidelibus

355 3682 556 3759 praesentem
568 3676 717 3759 paginam
730 3676 921 3759 inspecturis
934 3674 1069 3739 salutem
1081 3675 1113 3737 iu
1130 3675 1273 3737 omnium
1285 3676 1450 3739 salvatore.
1470 3676 1520 3739 Ad
1535 3677 1758 3739 universorum

355 3781 499 3845 notitiam
515 3781 626 3844 harum
643 3782 724 3844 serie
740 3781 890 3844 volumus
905 3780 1083 3863 peruenire,
1099 3778 1184 3861 quod
1201 3798 1307 3842 comes
1319 3779 1434 3843 Petrus
1448 3779 1534 3843 filius
1544 3779 1705 3862 Henneng
1719 3778 1757 3842 de
1788 3787 1827 3863 x25

354 3884 436 3950 Dala
465 3883 612 3948 exhibuit
634 3883 726 3947 uobis
749 3884 909 3966 quoddam
940 3883 1141 3967 privilegium
1164 3882 1315 3947 Albensis
1343 3883 1494 3948 ecclesiae
1516 3884 1759 3947 Transsiluanae

356 4008 454 4072 super
476 3989 638 4071 emptione
662 3988 863 4070 quarundam
879 3995 1036 4052 terrarum
1051 3987 1150 4068 Mohy
1172 3994 1204 4051 et
1226 3986 1409 4051 Sarusteleh
1431 3994 1625 4068 vocatarum,
1647 3994 1759 4071 petens

356 4113 375 4156 a
397 4092 489 4155 nobis
512 4111 586 4155 cum
608 4092 769 4173 instantia,
793 4099 830 4156 ut
851 4094 956 4177 ipsum
979 4092 1181 4176 privilegium
1196 4097 1302 4154 ratum
1325 4091 1441 4155 habere
1463 4098 1495 4155 et
1517 4098 1626 4156 nostro
1649 4092 1759 4175 digna·

356 4215 464 4259 remur
485 4195 651 4279 privilegio
675 4196 871 4261 confirmare.
904 4196 1004 4260 Cuius
1028 4196 1158 4277 quidem
1180 4195 1338 4278 privilegii
1361 4201 1453 4259 tenor
1474 4195 1547 4258 telis
1569 4200 1625 4259 est
1655 4192 1760 4278 (Folpt

356 4298 405 4362 die
428 4296 575 4363 Urhunde
596 4299 648 4362 das
670 4298 911 4383 Weiaeeadarper
926 4297 1066 4381 Kopitels
1086 4319 1141 4362 oon
1163 4298 1251 4361 1289
1272 4297 1330 4362 Nr.
1349 4299 1442 4380 232.)
1463 4298 1494 4362 N
1496 4320 1531 4363 os
1553 4299 1651 4382 igitur
1668 4318 1759 4382 prae-
1795 4306 1830 4359 30

356 4403 477 4466 dictum
506 4403 709 4487 privilegium
738 4403 888 4467 Albensis
911 4404 1062 4467 ecelesiae
1084 4402 1327 4467 Transsiluanae
1349 4422 1414 4465 non
1445 4402 1664 4484 cancellatum,
1694 4422 1759 4465 non

356 4505 504 4570 abrasum
535 4527 601 4570 non
631 4507 778 4570 vitiatum
809 4525 869 4570 nec
899 4506 931 4568 in
962 4506 1071 4589 ahqna
1099 4507 1150 4570 sui
1180 4512 1270 4590 parte
1301 4506 1494 4570 diminutum
1522 4507 1561 4570 de
1591 4506 1689 4571 verbo
1720 4506 1760 4570 ad

357 4609 491 4673 verbum
521 4610 743 4693 praesentibus
776 4610 963 4693 inscriptum
995 4615 1100 4673 ratum
1132 4608 1283 4674 habentes
1316 4616 1348 4674 et
1378 4617 1543 4694 acceptum
1573 4611 1761 4675 auctoritate

356 4714 458 4777 nostri
488 4713 646 4797 privilegii
677 4714 831 4778 duximus
861 4714 1123 4778 confirmandum.
1157 4714 1203 4778 Ut
1231 4715 1330 4797 igitur
1362 4713 1458 4778 huius
1489 4719 1617 4779 nostrae
1646 4713 1761 4779 confir-

356 4817 504 4881 mationis
527 4818 625 4882 series
647 4824 833 4901 perpetuam
857 4818 971 4882 habeat
991 4817 1181 4899 firmitatem,
1209 4823 1394 4902 praesentes
1415 4819 1631 4883 concessimus
1653 4819 1760 4882 literas
1795 4825 1830 4878 35

357 4920 492 5003 duplicis
507 4920 602 5003 sigilli
624 4922 726 4985 nostri
748 4923 943 5005 appensione
966 4923 1175 5007 consignatas.
1199 4922 1318 4986 Datum
1340 4941 1397 5004 per
1419 4941 1534 4985 manus
1557 4923 1684 4987 discreti
1699 4922 1761 4986 viri

356 5025 499 5108 magistri
520 5025 676 5089 Theodori
697 5025 848 5090 Albensis
871 5027 1022 5091 ecclesiae
1043 5027 1225 5109 praepositi,
1248 5026 1339 5091 aulae
1362 5030 1489 5090 nostrae
1512 5025 1761 5090 vicecancellarii

357 5127 463 5191 dilecti
486 5133 518 5192 et
539 5127 642 5192 fidelis
664 5129 774 5210 nostri,
797 5148 881 5193 anno
904 5129 1025 5192 domini
1047 5129 1215 5195 millesimo
1238 5130 1322 5195 CO*
1339 5130 1545 5213 nonagesimo
1568 5131 1669 5193 tertio.

515 5300 536 5365 ¹)
556 5297 704 5353 Roloadua
727 5298 765 5353 iu
790 5316 835 5353 am
853 5304 895 5353 11.
914 5298 977 5354 Joti
995 5303 1072 5367 1293,
1097 5300 1175 5354 donn
1193 5317 1238 5354 um
1255 5304 1298 5354 23.
1317 5298 1381 5353 Mai
1400 5300 1529 5355 1294911
1552 5299 1691 5371 Woiwcdc
1709 5316 1763 5354 oon

358 5384 560 5455 sectatorem
580 5385 697 5454 baeupt.
720 5385 809 5441 Codex
822 5386 937 5455 patrius
960 5386 1030 5453 VII,
1047 5391 1107 5441 232.
1133 5386 1242 5441 Wenael
1263 5385 1327 5441 0911.
1346 5386 1455 5455 Arpad.
1473 5386 1512 5455 X,
1531 5390 1590 5441 153.
1796 5388 1832 5442 40

513 5473 535 5542 ¹)
554 5470 627 5525 Hier
644 5471 712 5540 fehlt
728 5473 799 5527 wohl
816 5473 1012 5528 committimus.
