4106 6294
917 624 1074 720 ,ἕο-τ-

292 811 367 875 filiis
396 831 507 876 eornm
540 812 610 877 vice
638 818 670 878 et
698 813 828 878 nomine
858 813 934 877 dicti
960 813 1100 878 Indizlai
1128 815 1283 878 vaivodae
1313 819 1451 879 statutae
1483 819 1560 879 sunt
1588 820 1692 879 metae

294 914 399 978 taliter
429 915 671 999 distinguuntur
700 922 796 999 atque
829 922 973 982 currunt
1017 917 1126 981 Prima
1156 918 1305 982 videlicet
1336 924 1422 983 meta
1454 918 1557 983 dictae
1590 924 1692 983 terrae

295 1016 492 1101 Gregoriaya
523 1020 635 1104 incipit
661 1021 745 1083 circe
772 1017 897 1102 Spreng
927 1022 962 1084 in
995 1027 1104 1086 monte
1126 1021 1182 1086 ubi
1215 1027 1292 1087 sunt
1325 1028 1390 1087 tres
1424 1028 1527 1087 metae
1560 1028 1692 1104 terreae,

295 1141 431 1204 quarum
461 1142 527 1185 une
556 1123 670 1186 dividit
699 1123 739 1185 ad
767 1128 884 1187 terram
907 1124 1112 1208 Gregorieya,
1142 1125 1204 1188 ebe
1233 1145 1253 1188 a
1278 1131 1367 1210 perte
1389 1132 1493 1190 terrae
1515 1125 1639 1210 Spreng
1660 1133 1693 1190 et

242 1232 259 1283 5
295 1225 429 1289 tertiae
451 1225 766 1309 terraRyngerkerh
796 1246 879 1309 quae
908 1247 996 1292 nunc
1018 1234 1067 1292 est
1088 1228 1200 1292 Alerdi
1229 1229 1305 1292 dicti
1326 1229 1424 1311 dung,
1457 1229 1572 1293 deinde
1605 1230 1694 1293 vadit

294 1329 328 1392 in
350 1328 446 1393 berch
476 1335 508 1392 et
530 1331 695 1413 perveniet
724 1330 764 1394 ad
794 1330 874 1394 dues
896 1336 996 1395 metas
1018 1337 1147 1413 terreas,
1178 1350 1315 1413 quarum
1336 1351 1403 1396 una
1428 1332 1542 1397 dividit
1563 1353 1583 1396 a
1604 1338 1693 1417 parte

293 1433 396 1516 ipsius
419 1439 522 1496 terrae
538 1432 735 1516 Gregorteya
756 1441 788 1498 et
810 1434 872 1498 elie
893 1440 1012 1498 eterra
1026 1435 1244 1518 Ryngerherh.
1266 1434 1393 1503 Abhinc
1409 1436 1510 1500 tendit
1531 1437 1566 1500 in
1581 1437 1694 1509 eodem

294 1535 390 1600 berch
412 1536 452 1600 ad
474 1536 554 1600 dues
576 1541 676 1600 metas
699 1542 826 1619 terreas,
855 1558 992 1620 quarum
1022 1539 1166 1603 similiter
1187 1558 1253 1601 una
1274 1538 1389 1602 dividit
1410 1559 1429 1602 a
1452 1544 1536 1603 terra
1558 1539 1693 1623 Gregor-

294 1639 369 1720 iaya
391 1644 423 1702 et
445 1639 507 1702 elia
529 1659 547 1702 a
569 1645 655 1702 terro
668 1640 884 1724 Ryngerherh.
915 1642 994 1706 Post
1015 1642 1092 1706 haec
1114 1642 1203 1705 vadit
1224 1642 1258 1704 in
1279 1641 1390 1705 eodem
1411 1641 1507 1707 berch
1529 1644 1695 1727 perveniet

227 1746 262 1799 10
296 1744 336 1806 ad
360 1748 424 1806 tres
454 1749 555 1807 metes
577 1744 735 1826 antiquas,
764 1764 902 1827 quarum
923 1766 990 1809 una
1020 1746 1187 1828 distinguit
1216 1765 1235 1808 a
1264 1751 1350 1809 terra
1372 1744 1568 1829 Gregoriaye
1593 1748 1695 1810 aliae

295 1851 381 1910 terra
399 1846 609 1929 Ryngerkerh
631 1853 663 1911 et
686 1849 779 1911 tertie
800 1869 819 1912 a
840 1854 925 1912 terra
946 1849 1076 1933 capituli
1098 1849 1249 1913 ecclesiae
1271 1848 1392 1913 seilicet
1413 1850 1496 1914 beati
1518 1849 1694 1931 Mycheelis

295 1949 411 2014 Kohna
440 1956 561 2033 vocata,
591 1951 666 2015 inde
694 1953 796 2016 tendit
825 1953 859 2016 in
889 1954 1001 2017 eodem
1030 1952 1127 2018 berch
1156 1972 1213 2037 per
1242 1953 1334 2017 binae
1364 1960 1396 2017 et
1425 1952 1516 2016 hines
1538 1957 1638 2017 metas
1660 1953 1694 2015 in

296 2053 398 2118 tribus
429 2054 508 2118 locis
530 2055 713 2132 existentes,
744 2074 880 2137 quarum
910 2077 977 2120 una
1006 2057 1119 2121 dividit
1146 2075 1271 2141 semper
1293 2077 1312 2120 a
1338 2062 1423 2120 terra
1445 2056 1642 2139 Gregorfaya
1663 2061 1696 2120 et

296 2158 358 2221 elia
387 2178 406 2221 a
433 2163 519 2221 terra
540 2157 663 2222 Kohne.
700 2159 779 2223 Post
807 2161 884 2224 haec
914 2161 1002 2224 vadit
1030 2166 1063 2225 et
1091 2161 1256 2244 perveniet
1286 2160 1326 2224 ad
1349 2166 1413 2225 tres
1443 2166 1543 2225 metes
1566 2166 1694 2242 terreas,

228 2266 261 2318 15
298 2280 435 2343 quarum
465 2281 531 2324 une
560 2261 674 2325 dividit
695 2262 736 2325 ad
758 2268 875 2326 terrem
898 2263 1103 2347 Gregorfaya,
1132 2264 1235 2328 eliae
1264 2269 1350 2328 terra
1370 2263 1485 2328 Kohne
1508 2270 1540 2328 et
1561 2264 1696 2328 tertiae

297 2371 383 2428 terra
403 2365 543 2429 filiorum
559 2365 671 2429 Peuke
686 2365 851 2431 Cheuturn
874 2374 995 2451 vocate,
1017 2368 1132 2433 abhinc
1154 2369 1254 2432 currit
1275 2369 1309 2432 in
1332 2369 1444 2433 eodem
1466 2369 1563 2433 berch
1582 2388 1696 2433 versus

297 2468 452 2532 orientem
483 2487 541 2552 per
571 2468 698 2533 crebres
727 2470 818 2534 binas
840 2476 873 2534 et
894 2470 986 2536 binas
1007 2478 1108 2537 metes
1136 2478 1256 2537 terreas
1278 2473 1311 2535 in
1334 2472 1448 2555 viginti
1470 2473 1596 2537 duobus
1617 2472 1697 2536 locis

297 2573 480 2655 existentes,
511 2591 648 2654 quarum
675 2593 741 2636 une
770 2593 896 2658 semper
925 2576 1038 2640 dividit
1067 2576 1108 2639 ad
1136 2582 1254 2640 terrem
1276 2576 1481 2660 Veresyghez
1511 2582 1544 2641 et
1572 2576 1634 2639 elia
1655 2576 1697 2639 ed

297 2682 415 2740 terram
436 2675 577 2741 fihorum
592 2676 711 2740 Pouha
733 2676 857 2743 Deinde
879 2680 967 2743 vadit
988 2685 1021 2744 et
1042 2680 1157 2744 transit
1177 2699 1235 2764 per
1256 2700 1359 2744 unum
1374 2686 1510 2764 pratum,
1531 2680 1697 2764 perveniet

228 2784 263 2839 20
298 2780 338 2843 ad
361 2785 426 2844 tres
440 2785 541 2844 metas
557 2786 677 2845 terrees
698 2782 732 2844 in
753 2780 818 2845 fine
841 2783 939 2847 unius
953 2784 1081 2865 montis,
1104 2803 1241 2866 quarum
1263 2803 1329 2847 une
1343 2784 1510 2868 distinguit
1524 2784 1564 2848 ad
1578 2790 1696 2848 terram

295 2883 511 2968 Veresyghez‚
533 2884 595 2948 elia
616 2905 636 2948 a
657 2890 742 2949 terra
761 2884 901 2950 fihorum
915 2887 1029 2950 Peuke
1050 2894 1082 2951 et
1103 2887 1197 2951 tertia
1218 2907 1238 2950 a
1259 2892 1345 2950 terra
1365 2888 1521 2951 nobilium
1543 2887 1583 2952 de
1599 2886 1695 2966 Geld3

296 2987 411 3051 abhinc
440 2989 543 3053 tendit
572 2996 605 3053 et
626 2989 734 3053 veniet
764 2989 804 3053 ad
833 3010 931 3053 unam
953 2995 1070 3054 metam
1092 2991 1126 3054 in
1148 2991 1229 3055 colle
1250 2991 1450 3073 existentem,
1480 3009 1562 3073 quae
1584 2990 1698 3055 dividit

297 3091 381 3154 inter
414 3096 530 3155 terrem
553 3092 757 3176 Veresyghaz
791 3100 823 3158 et
852 3100 968 3157 terram
998 3093 1155 3158 nobilium
1184 3095 1224 3159 de
1247 3094 1335 3159 Gald
1379 3094 1503 3159 Deinde
1532 3095 1635 3159 tendit
1665 3100 1698 3159 et

298 3195 413 3259 transit
435 3214 492 3279 per
513 3194 650 3259 fluvium
670 3196 770 3261 Zehes
792 3198 957 3281 perveniet
979 3198 1019 3261 ad
1042 3198 1122 3263 dues
1143 3205 1245 3263 metes
1266 3206 1395 3281 terreas,
1419 3203 1593 3281 quaesunt
1614 3199 1699 3262 circa

229 3302 263 3357 25
300 3318 447 3383 magnam
470 3300 564 3381 viem,
595 3300 681 3364 unde
712 3301 812 3365 currit
840 3302 873 3364 in
896 3302 994 3366 latere
1016 3302 1114 3366 nnius
1136 3303 1232 3367 berch
1254 3304 1323 3368 sive
1345 3302 1470 3384 montis,
1493 3303 1658 3386 perveniet
1680 3322 1699 3365 a

297 3408 388 3486 perte
411 3402 585 3467 occidentis
607 3404 647 3466 ad
677 3402 774 3468 finem
805 3405 903 3469 unius
925 3405 1024 3469 silvae
1046 3405 1086 3469 ad
1109 3407 1189 3471 duas
1214 3413 1315 3471 metes
1338 3413 1457 3471 terrens
1478 3408 1513 3469 in
1534 3408 1699 3471 cacumine

297 3507 415 3570 montis
445 3506 573 3589 positas,
607 3526 744 3589 quarum
775 3527 842 3571 una
871 3508 984 3572 dividit
1014 3528 1033 3571 a
1060 3516 1146 3573 terra
1172 3510 1377 3593 Veresyghar
1407 3516 1439 3574 et
1468 3512 1530 3574 alia
1562 3531 1582 3574 a
1614 3516 1699 3575 terra

299 3609 466 3693 Chergoud
488 3608 645 3673 nobilium
667 3611 707 3675 de
723 3611 824 3694 Gyog‚
847 3612 922 3676 inde
944 3613 1046 3677 tendit
1066 3614 1100 3676 in
1124 3614 1221 3677 berch
1243 3633 1356 3681 versus
1379 3613 1576 3676 occidentem
1591 3612 1700 3676 veniet

297 3715 337 3777 ad
367 3714 448 3777 dues
478 3717 586 3793 metas,
621 3733 757 3796 quarum
788 3734 854 3779 una
884 3716 998 3780 dividit
1026 3736 1045 3779 e
1075 3722 1160 3780 terra
1182 3717 1385 3799 Veresygbaz
1415 3722 1447 3779 et
1476 3715 1538 3779 elia
1567 3735 1586 3778 a
1615 3721 1700 3779 terre

230 3820 265 3875 30
300 3815 476 3900 Chergoud.
504 3817 630 3880 Abhinc
652 3819 752 3882 currit
773 3819 806 3882 in
830 3819 941 3883 eodem
964 3819 1060 3883 berch
1082 3820 1247 3903 perveniet
1268 3819 1309 3882 ad
1331 3826 1396 3883 tres
1418 3824 1527 3900 metas,
1563 3838 1699 3900 quornm

299 3940 364 3983 una
386 3920 555 4003 distinguit
577 3941 596 3984 a
618 3928 703 3985 terra
717 3922 930 4005 Vermyghar,
953 3922 1015 3985 elia
1036 3923 1163 4007 abipsa
1185 3928 1270 3985 terra
1292 3922 1460 4006 Chergoud
1482 3922 1636 3985 nobilium
1660 3922 1700 3985 de

300 4022 394 4107 Gyog
414 4030 446 4088 et
467 4024 561 4087 tertie
592 4045 612 4088 a
639 4030 724 4089 terre
746 4024 913 4108 Chergoud
943 4026 1073 4110 capituli
1096 4026 1216 4090 scilieet
1238 4025 1388 4090 ecclesiae
1411 4026 1495 4090 beati
1516 4025 1699 4107 Mychaehs.

299 4126 379 4190 Inde
401 4127 563 4210 egreditur
586 4135 619 4192 et
640 4129 728 4193 vadit
749 4129 790 4191 ad
812 4148 908 4192 unam
933 4135 1050 4193 metam
1072 4130 1106 4192 in
1128 4129 1292 4193 cacumine
1314 4129 1441 4209 montis,
1463 4128 1578 4191 deinde
1600 4129 1701 4192 currit

298 4229 412 4293 iterato
443 4230 483 4292 ad
513 4250 610 4294 unam
639 4238 757 4296 metam
787 4231 931 4295 similiter
961 4232 995 4294 in
1024 4233 1189 4296 cacumine
1219 4232 1336 4295 montis
1362 4232 1552 4295 existentem
1575 4236 1701 4315 etpost

230 4337 264 4390 35
299 4332 377 4401 hece
406 4333 511 4397 eundo
542 4354 655 4397 versus
686 4335 882 4399 occidentem
910 4335 944 4397 in
975 4336 1086 4400 eodem
1116 4337 1212 4400 berch
1234 4337 1400 4419 perveniet
1429 4335 1469 4398 ed
1500 4341 1564 4398 tres
1592 4339 1700 4417 metas,

301 4456 437 4518 quarum
469 4457 534 4500 una
564 4437 677 4502 dividit
705 4438 745 4501 ad
776 4444 892 4502 terram
914 4437 1123 4519 Verescghez‚
1157 4439 1219 4502 alia
1248 4438 1287 4503 ab
1316 4440 1386 4523 ipsa
1418 4444 1503 4502 terre
1533 4437 1700 4521 Chergoud

300 4539 431 4623 capituli
454 4547 486 4604 et
508 4542 602 4604 tertia
623 4562 643 4605 a
664 4548 749 4605 terra
770 4541 876 4624 Blasii,
898 4541 956 4603 filii
970 4541 1139 4621 Herbordi‚
1162 4541 1277 4606 deinde
1299 4542 1402 4606 tendit
1423 4542 1506 4605 inira
1527 4542 1567 4606 de
1589 4542 1701 4606 eodem

299 4643 398 4706 berch
420 4662 534 4707 versus
564 4645 760 4709 occidentem
790 4665 847 4729 per
878 4644 1004 4709 crebres
1035 4645 1126 4708 hines
1155 4651 1256 4709 metae
1278 4665 1392 4709 versus
1413 4646 1520 4709 locum
1541 4644 1703 4708 Bozhoser

300 4752 459 4809 vocatum.
504 4747 630 4810 Abhinc
653 4746 828 4812 reflectitur
848 4768 963 4813 versus
989 4748 1238 4833 septentrionem
1261 4768 1318 4831 per
1340 4749 1467 4813 crebras
1490 4749 1580 4812 hines
1601 4756 1703 4812 metas

232 4854 268 4908 40
302 4849 518 4932 reditusque
541 4849 581 4913 ad
603 4870 705 4914 unum
720 4858 862 4915 montem
874 4853 1076 4936 Hygysholm
1093 4857 1252 4933 vocatum,
1275 4852 1307 4914 in
1332 4871 1396 4933 quo
1420 4856 1497 4915 sunt
1511 4857 1576 4915 tres
1590 4856 1702 4933 metae,

302 4972 440 5035 quarum
469 4973 536 5016 una
566 4959 614 5017 est
637 4961 721 5018 meta
743 4955 843 5019 Zetes
865 4955 904 5018 ed
928 4961 1045 5019 terram
1066 4955 1270 5038 Veresyghar
1293 4956 1448 5038 dividens,
1481 4956 1574 5018 aliem
1596 4974 1703 5019 comes

299 5056 427 5120 Blasius
457 5057 540 5121 dixit
571 5076 640 5121 cese
669 5078 760 5121 suem
791 5066 823 5123 et
852 5060 977 5123 tertiam
999 5058 1056 5121 filii
1083 5059 1231 5123 Andreae
1261 5059 1300 5122 de
1331 5058 1424 5143 Gyog
1452 5058 1605 5122 dixerunt
1634 5078 1703 5123 esse

301 5167 419 5225 metam
450 5180 570 5243 eorum,
604 5162 688 5226 sicut
718 5163 811 5226 homo
845 5168 955 5226 noster
986 5163 1137 5246 magister
1165 5163 1264 5244 Elyee
1297 5161 1390 5226 nobis
1419 5162 1536 5226 retulit
1580 5161 1703 5226 Deinde

301 5265 411 5328 veniet
432 5265 516 5329 intre
537 5266 577 5330 de
599 5265 683 5329 dicta
705 5266 802 5330 berch
825 5286 938 5331 versus
960 5266 1156 5330 occidentem
1178 5267 1219 5329 ad
1240 5265 1377 5330 fluvium
1392 5265 1531 5330 Soustou
1555 5269 1703 5328 vocatum

232 5374 267 5427 45
303 5374 336 5432 et
364 5369 439 5433 inde
469 5388 527 5452 per
556 5369 693 5433 eundem
716 5368 856 5434 Soustou
885 5369 920 5432 in
950 5374 1058 5433 meatu
1088 5369 1229 5434 eiusdem
1261 5369 1348 5433 vadit
1375 5388 1480 5451 usque
1506 5368 1546 5432 ad
1567 5367 1703 5432 fluvium

301 5470 457 5556 Knkullu,
491 5471 548 5536 ubi
577 5474 776 5558 terminatur,
810 5481 842 5539 et
872 5493 913 5537 er
945 5472 1006 5536 elie
1036 5478 1126 5557 parte
1159 5472 1272 5536 dividit
1303 5472 1424 5543 liumus
1454 5472 1554 5538 Zetes
1586 5478 1704 5537 terrem

1552 5590 1602 5646 20·
