4084 6302
963 537 1117 633 Q

345 725 457 789 salutis
480 725 658 788 animarum
688 730 870 789 nostrarum
900 726 1048 791 videlicet
1069 733 1196 791 nostrae
1227 728 1373 811 propriae
1395 734 1428 790 et
1450 727 1595 791 dominae
1618 729 1746 811 reginae

342 830 499 894 consortis
529 836 655 894 nostrae
687 830 867 893 carissimae
898 852 935 893 ac
965 831 1102 894 filiorum
1126 837 1308 894 nostrorum
1340 831 1594 895 dulcissimorum
1621 853 1743 895 necnon

343 934 437 997 eh'am
461 954 558 997 causa
580 934 724 997 sanitatis
755 934 897 1018 corporis
928 934 1027 997 nostri
1058 935 1301 1017 consequendae
1324 940 1356 997 et
1378 936 1473 998 etiam
1503 935 1541 997 ad
1575 936 1744 998 instantem

343 1037 529 1122 petitionem
545 1037 704 1122 magnifici
727 1038 787 1100 viri
802 1038 940 1102 Thomae
963 1038 1117 1102 vaivodae
1132 1039 1348 1103 Transsiluani
1372 1046 1404 1103 et
1426 1040 1550 1103 conritis
1573 1039 1611 1103 de
1633 1039 1743 1103 Zonuh

343 1140 449 1205 dilecti
472 1145 504 1204 et
524 1139 627 1204 fidelis
649 1142 787 1225 proximi
810 1143 911 1206 nostri
932 1162 988 1225 per
1014 1141 1169 1206 titularios
1184 1143 1401 1225 possessiones
1424 1151 1456 1207 et
1478 1151 1579 1207 terras
1594 1144 1745 1207 ecclesiae
1782 1153 1795 1201 ι·

343 1244 427 1309 beati
449 1243 624 1326 Mychaehs
647 1245 826 1329 archangeli
848 1245 1091 1309 'lhanssiluanae
1114 1246 1153 1309 ad
1180 1248 1397 1329 possessiones
1430 1247 1570 1311 eiusdem
1595 1247 1745 1311 ecclesiae

342 1348 472 1433 capituli
495 1349 616 1414 scilicet
638 1349 776 1431 Vayasd,
804 1349 883 1414 Sard
906 1356 1013 1413 autem
1036 1351 1237 1433 episcopatus
1260 1351 1360 1434 ipsius
1383 1350 1534 1415 ecclesiae
1558 1358 1686 1415 vocatas
1709 1372 1746 1414 ac

342 1453 420 1518 alias
447 1459 603 1538 exparte
632 1453 823 1538 praelibatae
850 1454 1060 1537 possessionis
1083 1453 1162 1517 Sard
1192 1455 1232 1517 ad
1265 1455 1346 1517 idem
1370 1455 1545 1538 capitulum
1568 1461 1745 1539 spectantes

343 1557 382 1621 ab
411 1557 481 1641 ipsa
502 1558 643 1639 ecclesia,
674 1558 821 1643 episcopo
852 1564 883 1621 et
906 1557 1044 1641 capitulo
1067 1578 1124 1641 per
1154 1559 1289 1642 populos
1311 1579 1368 1622 seu
1396 1560 1535 1643 hospites
1559 1566 1684 1623 nostros
1706 1561 1745 1621 ‹le

342 1661 425 1745 Igun
455 1662 489 1724 in
519 1661 660 1745 praefata
688 1663 888 1746 possessione
919 1663 1127 1745 episcopatus
1166 1663 1241 1726 item
1272 1664 1416 1727 similiter·
1445 1683 1502 1746 per
1531 1663 1657 1726 eosdem
1689 1683 1744 1746 po·
1785 1670 1818 1720 lo

343 1765 438 1850 pulos
460 1771 493 1829 et
521 1765 662 1849 hospites
692 1772 819 1830 nostros
848 1768 887 1830 de
909 1766 992 1849 Igun
1024 1772 1056 1830 et
1078 1766 1117 1830 de
1139 1765 1266 1830 Karalro
1290 1768 1323 1830 in
1350 1772 1523 1831 memorata
1545 1768 1745 1850 possessione

343 1869 474 1954 capituli
489 1869 632 1951 Wayasd
655 1878 687 1934 et
709 1871 804 1934 etiam
820 1871 852 1933 in
875 1871 945 1934 aliis
968 1871 1043 1933 siin
1061 1869 1177 1952 quibus
1193 1871 1287 1934 iidem
1303 1871 1412 1954 populi
1436 1878 1468 1935 et
1484 1871 1623 1954 hospites
1638 1891 1743 1933 coram

343 1974 493 2057 magistro
510 1971 702 2058 [La]mperto
720 1974 881 2056 quondam
904 1974 1009 2038 iudico
1038 1975 1145 2037 curiae
1168 1980 1295 2038 nostrae
1318 1976 1410 2038 iuxta
1432 1975 1659 2039 continentiam
1677 1975 1745 2038 lite-

343 2098 451 2143 rarum
476 2097 608 2141 suarum
639 2084 671 2141 et
700 2078 834 2140 formam
857 2098 894 2141 ao
917 2078 1029 2141 seriem
1053 2078 1162 2141 iudicii
1185 2079 1326 2143 eiusdem
1357 2078 1496 2162 legitime
1519 2079 1691 2161 acquisitas
1713 2086 1745 2142 et

344 2181 490 2246 obtentas
520 2189 552 2246 et
581 2182 626 2246 sic
657 2183 696 2245 ad
727 2183 827 2245 dictas
857 2182 1073 2265 possessiones
1096 2188 1222 2246 nostras
1245 2182 1366 2266 regales
1387 2183 1470 2265 Igun
1501 2189 1533 2246 et
1556 2182 1680 2245 Karako
1704 2182 1743 2245 de
1784 2192 1815 2240 15

344 2287 414 2349 iure
436 2285 608 2370 applicatas
637 2286 676 2351 ab
707 2286 826 2350 eisdem
856 2285 1110 2370 possessionibus
1140 2293 1172 2349 et
1202 2287 1379 2370 hospitibus
1410 2288 1526 2350 nostris
1557 2288 1745 2351 auctoritate

346 2392 432 2475 regia
455 2391 629 2454 auferendo
659 2395 691 2454 et
714 2389 907 2453 removendo
938 2408 1011 2452 cum
1035 2390 1183 2453 omnibus
1212 2390 1336 2454 iuribus
1368 2400 1399 2454 et
1423 2390 1612 2454 utilitatibus
1635 2410 1743 2453 earum

343 2494 403 2578 ipsi
426 2493 577 2559 ecclesiae
591 2493 835 2558 Transsiluanae
858 2500 890 2557 et
912 2513 969 2577 per
991 2514 1192 2576 consequens
1215 2496 1362 2578 episcopo
1386 2501 1418 2558 et
1440 2493 1578 2577 capitulo
1601 2494 1744 2557 eiusdem

343 2598 494 2664 ecelesiae
524 2599 678 2663 duximus
707 2598 913 2662 remittendas
935 2606 968 2662 et
990 2599 1211 2662 restituendas.
1248 2599 1349 2661 lmmo
1381 2599 1571 2661 remittimus
1601 2605 1633 2661 et
1655 2599 1745 2661 resti·

343 2703 465 2767 tuimus
487 2704 662 2786 patrocinio
686 2703 899 2786 praesentium
924 2702 1092 2783 mediante,
1115 2705 1303 2767 sententiam
1320 2722 1449 2785 quoque
1465 2709 1497 2765 et
1519 2701 1627 2765 literas
1649 2721 1746 2785 super
1781 2709 1817 2759 20

343 2808 436 2872 dictis
467 2807 560 2871 terris
590 2815 622 2871 et
651 2805 905 2891 possessionibus
936 2826 993 2888 pro
1025 2805 1203 2890 hospitibus
1234 2808 1273 2871 de
1295 2808 1376 2890 Igun
1408 2814 1440 2870 et
1471 2807 1510 2869 de
1533 2806 1659 2869 Karaho
1689 2827 1746 2890 per

342 2912 448 2996 ipsum
473 2912 634 2995 quondam
658 2911 843 2993 magistrum
866 2909 1070 2992 Lampertum
1093 2910 1188 2973 latam
1215 2917 1248 2974 et
1269 2912 1429 2974 coniectas
1452 2911 1673 2994 praesentibus
1696 2931 1745 2975 re-

343 3034 505 3099 vocamus,
539 3035 701 3079 cassamus
730 3020 763 3078 et
791 3014 953 3077 irritamus
983 3034 1020 3077 ac
1050 3014 1253 3077 annullamus
1284 3022 1316 3078 et
1346 3034 1399 3078 eas
1430 3034 1487 3097 pro
1517 3015 1614 3077 cassis
1637 3014 1743 3077 haberi

343 3121 565 3203 acceptarique
596 3119 809 3199 relinquimus
840 3138 876 3181 ac
907 3119 992 3180 omni
1015 3118 1172 3181 firmitatis
1195 3119 1304 3201 vigore
1327 3119 1481 3195 carituris
1511 3119 1745 3182 committentes

344 3224 463 3307 pariter
485 3230 518 3287 et
540 3224 694 3304 volentes,
719 3230 755 3286 ut
776 3223 863 3305 ipsae
886 3223 1102 3305 possessiones
1118 3231 1149 3285 et
1171 3230 1274 3286 terrae
1297 3222 1448 3286 ecclesiae
1471 3221 1554 3285 beati
1570 3221 1744 3303 Mychaelis
1780 3228 1815 3280 ‘25

343 3327 523 3411 archangeh
538 3327 780 3391 lhanssiluanae
797 3326 891 3389 modo
915 3335 947 3389 et
969 3332 1110 3409 tempore
1126 3327 1295 3410 praetactis
1310 3326 1464 3390 menatae
1487 3326 1556 3390 vice
1572 3327 1743 3390 maiestatis

344 3435 472 3494 nostrae
495 3431 528 3493 in
550 3450 687 3515 persona
708 3451 765 3514 per
788 3431 893 3514 ipsum
908 3430 1058 3493 Thomam
1076 3431 1243 3493 vaivodam
1258 3430 1518 3494 Transsiluanum
1543 3437 1575 3494 et
1596 3430 1742 3493 comitem

345 3534 385 3598 de
407 3534 519 3598 Zonuk
550 3534 653 3598 eidem
683 3535 833 3599 ecclesiae
855 3535 1097 3598 Transsiluanae
1129 3541 1161 3598 et
1191 3555 1249 3597 suo
1273 3536 1420 3618 episcopo
1450 3555 1487 3597 ac
1518 3535 1655 3618 capitulo
1683 3546 1744 3597 sta-

344 3642 477 3701 tuantur
507 3645 540 3702 et
569 3640 771 3722 resignantur
800 3639 932 3722 ipsaque
956 3638 1141 3701 ecclesiast
1164 3640 1332 3723 episcopus
1362 3659 1397 3701 ac
1421 3638 1595 3721 capitulum
1619 3638 1652 3700 in
1675 3658 1744 3701 cor·

343 3741 483 3825 poralem
514 3743 745 3826 possessionem
780 3743 952 3806 earundem
984 3743 1228 3806 introducantur
1259 3742 1327 3804 vice
1360 3742 1473 3804 iterata
1506 3761 1562 3824 per
1596 3742 1741 3804 eundem.
1778 3748 1813 3800 30

343 3843 463 3909 Datum
485 3845 659 3929 Waradiui,
691 3846 828 3911 Sabbato
857 3848 1004 3930 proximo
1035 3852 1107 3929 post
1136 3845 1253 3908 festum
1285 3845 1369 3908 beati
1392 3845 1521 3909 Martini
1543 3846 1743 3915 contessoris,

344 3968 428 4013 anno
451 3949 571 4013 domini
592 3928 634 4013 M.
665 3928 775 4015 XXX.
799 3952 941 4035 septimo.

509 4085 604 4153 Untcr
625 4088 692 4152 dem
713 4088 828 4173 Siepel:
851 4090 901 4153 Ad
924 4090 1108 4173 petitionem
1133 4088 1295 4169 vaivodao,
1318 4089 1456 4172 episcopi
1473 4088 1690 4152 Waradiensis
1713 4093 1744 4151 et

346 4191 488 4256 omnium
512 4192 667 4256 baronum
690 4194 818 4277 propria
840 4195 1019 4257 commissio
1042 4194 1133 4275 regis.

1002 4556 1095 4640 539.
1779 4583 1813 4635 35

425 4735 564 4809 worda
585 4741 695 4809 1337
713 4736 898 4809 Deamnber
920 4741 979 4808 10.
1011 4737 1166 4826 litoreos,
1203 4738 1374 4812 Woiwode
1400 4764 1464 4811 von
1483 4738 1743 4829 Siebcnbalrpcn,

336 4856 479 4946 fordert
514 4857 578 4929 dos
622 4857 901 4950 Weissenbarper
935 4859 1080 4951 Kopitcl
1115 4862 1190 4949 aas,
1225 4860 1348 4948 Jokob,
1385 4860 1528 4931 Bmdor
1562 4852 1743 4950 Gyerew's,

343 4978 383 5050 in
417 4978 480 5052 der
515 4977 722 5052 serenate
760 4980 824 5051 mit
860 4979 1030 5053 Nikolam
1070 4979 1150 5053 Wos
1185 4982 1302 5054 iunmr
1339 5004 1401 5053 oor
1441 4981 1507 5053 dea
1550 4979 1745 5052 Woa'woden

343 5100 560 5173 omnaladen.

501 5264 612 5320 Druck:
631 5264 728 5319 Hmoa'
745 5265 889 5320 obleotltrir
906 5270 959 5322 209
977 5266 1048 5321 nach
1066 5267 1127 5321 dem
1147 5266 1223 5337 θήρ.
1243 5267 1323 5336 Perp.
1342 5265 1444 5321 Archiv
1461 5266 1510 5320 der
1529 5266 1637 5332 Grofen
1661 5265 1744 5320 Woss
1778 5268 1814 5321 40

451 5349 541 5421 ureae.
560 5350 648 5422 Stoyci
664 5367 724 5406 war
742 5353 799 5419 aas
811 5352 860 5407 der
878 5352 1022 5408 Ratolcreite
1038 5370 1101 5408 eam
1124 5353 1283 5407 Verscblusa
1301 5353 1490 5422 respectaret.
