4088 6292
967 617 1122 713 354—

346 806 408 871 loci
429 806 610 889 decanatus,
633 827 707 870 oum
729 808 830 871 nostri
852 808 946 891 sigilli
975 808 1152 872 munimine
1180 810 1360 892 praesentia
1381 808 1539 873 duximus
1560 808 1749 873 roboranda

346 909 466 974 naum
489 930 572 973 anno
597 910 717 974 nomini
740 889 956 991 dodamin,
979 911 1050 975 vn.
1073 911 1151 975 suus
1173 912 1326 995 spulso

174 1021 312 1075 Terminus
504 1013 628 1090 Quibus
649 1015 875 1098 procuratoriis
897 1016 971 1078 hinc
994 1016 1068 1079 inde
1084 1015 1233 1079 exhibitis
1256 1016 1360 1079 dictus
1380 1016 1528 1079 dominus
1551 1017 1678 1080 auditor
1700 1037 1748 1081 as-

171 1101 205 1153 ud
222 1099 316 1168 recipi·
348 1119 487 1201 signavit
503 1120 676 1183 terminum
691 1119 783 1183 dictis
797 1120 1058 1202 procuratoribus
1069 1139 1175 1182 coram
1188 1139 1225 1181 eo
1241 1119 1462 1202 praesentibus
1477 1120 1517 1183 ad
1533 1121 1750 1203 recipiendum

165 1179 321 1317 pffmmporp:
348 1223 471 1305 copiam
493 1223 645 1306 ipsorum,
668 1224 694 1286 si
710 1224 825 1287 volunt
847 1228 879 1285 et
901 1223 941 1286 ad
956 1223 1126 1286 dicendum
1142 1229 1254 1285 contra
1275 1224 1344 1306 ipsa
1366 1230 1398 1286 et
1412 1223 1489 1287 alias
1512 1224 1551 1287 ad
1574 1224 1748 1287 videndum
1785 1234 1802 1286 5

166 1325 322 1414 emautur
348 1332 530 1409 aperturam
552 1331 584 1390 et
605 1326 852 1410 publicationem
877 1327 1005 1390 testium
1029 1331 1061 1390 et
1076 1326 1240 1390 literarum
1263 1327 1403 1390 iudicum
1427 1328 1696 1411 supradictorum
1719 1334 1750 1390 et

177 1403 312 1537 “stiffi
348 1430 426 1494 alias
455 1430 496 1493 ad
525 1430 762 1514 procedendum
792 1431 824 1492 in
848 1449 953 1512 causa,
984 1437 1020 1495 nt
1042 1431 1081 1494 de
1104 1433 1173 1494 iure
1199 1431 1304 1511 luerit,
1334 1431 1374 1492 ad
1397 1431 1479 1493 diem
1503 1430 1612 1495 Lunae
1635 1432 1673 1493 V.
1702 1432 1751 1494 in-

187 1561 303 1615 testium.
348 1535 462 1598 stantis
471 1534 493 1612 ²)
516 1535 635 1598 mensis
656 1534 732 1598 Maii
755 1537 991 1618 peremptoriae.

172 1647 317 1703 Publicatio
505 1637 565 1703 Die
587 1638 696 1702 Lunae
721 1638 757 1700 V.
780 1638 864 1719 Maii,
895 1641 1046 1723 septimae
1071 1640 1254 1703 indictionis
1284 1639 1540 1722 comparentibus
1563 1639 1655 1703 dictis
1677 1659 1751 1724 pro·

177 1726 312 1816 litim
350 1743 551 1807 curatoribus
580 1744 750 1824 utriusque
779 1746 878 1826 partis
899 1745 933 1806 in
956 1744 1073 1807 iudicio
1096 1763 1201 1806 coram
1226 1742 1309 1805 dicto
1332 1743 1461 1805 domino
1491 1743 1636 1807 auditore
1666 1744 1750 1808 idem
1788 1752 1821 1807 10

167 1808 322 1859 &mm
353 1847 501 1910 dominus
531 1848 658 1911 auditor
688 1847 726 1911 de
756 1848 898 1929 ipsorum
928 1853 1169 1931 procuratorum
1204 1866 1362 1911 consensu
1395 1847 1627 1930 pronunciavit,
1657 1867 1754 1932 supra

350 1952 452 2015 dictos
474 1957 571 2015 testes
593 1957 626 2015 et
647 1951 755 2015 literas
776 1952 844 2016 tore
860 1958 986 2035 apertos
1008 1958 1041 2014 et
1055 1951 1241 2033 publicatos,
1264 1958 1295 2014 et
1316 1971 1374 2035 pro
1398 1952 1515 2035 apertis
1530 1956 1563 2015 et
1584 1951 1752 2034 publicatis

349 2056 459 2120 haberi
481 2055 617 2119 offerens
639 2056 769 2138 utrique
790 2056 873 2139 parti
896 2056 1017 2138 copiam
1042 2056 1081 2118 de
1104 2055 1231 2119 eisdem.

173 2167 317 2226 Productio
504 2162 590 2224 Ante
608 2166 714 2224 tamen
729 2160 974 2244 publicationem
991 2160 1134 2243 ipsorum
1154 2159 1258 2223 dictus
1274 2159 1422 2223 dominus
1437 2159 1609 2223 Bertoldus
1624 2160 1753 2223 nominc

178 2249 314 2304 litemum
350 2271 382 2329 et
402 2283 461 2349 pro
476 2270 566 2348 parte
589 2264 747 2328 dictorum
769 2264 980 2347 capitulorum
1001 2269 1033 2327 et
1052 2264 1308 2343 universitatum,
1332 2283 1470 2346 quorum
1486 2269 1673 2348 procurator
1695 2271 1752 2345 est,
1789 2274 1821 2325 15

191 2344 300 2460 elffii&
349 2369 503 2453 produxit
526 2375 558 2432 et
579 2368 725 2432 exhibuit
740 2369 773 2430 in
796 2368 913 2431 iudicio
937 2387 1042 2430 coram
1060 2368 1143 2430 dicto
1160 2368 1289 2431 domino
1305 2367 1451 2452 Philippo
1473 2374 1641 2451 praesente
1663 2388 1753 2452 praa·

350 2473 434 2536 dicto
451 2471 566 2536 Sancto
589 2480 795 2556 procuratore
818 2473 916 2556 partis
938 2472 1090 2535 adversae
1112 2471 1219 2535 literas
1241 2472 1325 2534 infra
1347 2473 1480 2554 scriptas
1495 2473 1535 2535 ad
1557 2472 1753 2536 fundandam

350 2581 383 2639 et
404 2576 599 2659 probandam
621 2577 831 2640 intentionem
853 2594 944 2639 suam
968 2575 1081 2638 melius
1104 2594 1201 2657 super
1223 2576 1400 2658 praedictis.
1424 2574 1565 2651 Quarum
1589 2576 1755 2640 literarum

351 2685 445 2743 tenor
466 2681 538 2744 talis
561 2684 617 2744 est

169 2797 325 2865 Iiuemepro
507 2783 673 2848 Ladislaus
703 2785 840 2848 vaivoda
860 2784 1106 2848 Transsiluanus
1137 2790 1169 2847 et
1191 2802 1297 2846 comes
1323 2784 1362 2847 de
1385 2783 1520 2847 Zoukuk
1549 2783 1658 2846 amicis
1687 2783 1754 2846 suis
1789 2793 1824 2847 20

193 2874 302 2929 ⁰¹⁰fi⁰i⁸·
352 2887 522 2953 carissimis
550 2890 752 2953 universitati
774 2888 940 2953 Saxonum
967 2888 1006 2952 de
1029 2887 1152 2951 Zibinio
1183 2887 1353 2950 amicitiani
1384 2887 1521 2951 debitam
1544 2893 1577 2951 et
1605 2893 1754 2971 paratam.

351 2993 468 3057 Vestra
497 2992 635 3056 amicitia
657 2993 738 3057 bene
761 2993 829 3074 scit,
860 2993 947 3074 quod
969 3013 1027 3055 vos
1056 2993 1150 3055 etad
1172 3012 1231 3054 vos
1261 2992 1458 3075 pertinentes
1481 3011 1606 3075 semper
1635 2992 1756 3056 fuimus

352 3097 512 3179 persecuti
527 3117 602 3161 cum
617 3097 798 3160 omnimoda
821 3103 930 3160 nostra
945 3097 1121 3160 dilectione.
1149 3095 1311 3159 Petivistis
1326 3103 1433 3159 autern
1450 3116 1509 3159 nos
1525 3095 1625 3160 literis
1640 3097 1756 3160 vestris

353 3201 568 3265 mediantibus
585 3201 761 3284 diligenter,
783 3207 821 3264 ut
842 3200 1022 3265 sacerdotes
1043 3202 1077 3264 in
1100 3200 1204 3263 medio
1226 3200 1325 3262 vestri
1348 3200 1523 3263 existentes
1545 3199 1597 3264 vel
1619 3202 1756 3264 nuncios

352 3306 496 3388 ipsorum
511 3323 568 3388 per
589 3310 699 3367 nostra
719 3309 832 3368 tenuta
854 3304 894 3367 ad
916 3304 1081 3367 dominnm
1100 3304 1240 3386 legatum
1263 3304 1352 3367 exire
1374 3303 1473 3366 libere
1490 3305 1754 3387 permitteremus,
1791 3310 1825 3365 25

355 3428 428 3472 cum
461 3428 518 3492 per
550 3415 661 3472 nostra
697 3412 808 3472 tenuta
837 3428 947 3472 omnes
976 3408 1184 3491 procedentes
1215 3407 1314 3470 libere
1345 3407 1558 3471 transiverint
1595 3407 1756 3472 Noveritis

356 3512 443 3594 quod
473 3532 533 3576 nos
562 3518 702 3576 vestram
731 3513 972 3576 universitatem
994 3518 1027 3575 et
1048 3511 1226 3595 praedictos
1249 3512 1430 3575 sacerdotes
1452 3512 1694 3576 exhortavimus
1717 3512 1756 3575 de

354 3635 448 3701 saepe
471 3617 605 3700 saepius,
628 3624 665 3680 ut
687 3616 825 3699 capitulo
849 3616 888 3679 de
909 3615 1118 3699 proventibus
1140 3616 1283 3698 ipsorum
1306 3614 1517 3680 sufficientem
1537 3616 1758 3700 impenderent

354 3719 609 3801 satisfactionem,
639 3721 725 3802 quod
754 3720 907 3783 hactenus
929 3720 1033 3784 iacere
1063 3740 1129 3783 non
1158 3726 1321 3784 curarunt.
1359 3719 1462 3804 Super
1492 3739 1556 3802 qno
1588 3720 1757 3783 amicitiam

356 3827 480 3886 vestrae
509 3823 726 3887 universitatis
748 3825 942 3906 requirimus
968 3830 1000 3887 et
1022 3824 1239 3905 admonemus,
1271 3829 1432 3906 quatenus
1454 3823 1631 3907 praedictos
1654 3843 1757 3888 sacer·
1793 3830 1828 3883 30

355 3926 446 3989 dotes
468 3925 508 3988 ad
530 3924 590 3989 hoc
613 3926 764 3991 inducere
788 3927 901 4009 velitis
917 3933 954 3992 ut
968 3928 1029 4012 ipsi
1044 3929 1183 4011 capitulo
1199 3935 1231 3992 et
1247 3928 1286 3991 de
1300 3927 1510 4011 proventibus
1525 3927 1758 4012 episcopalibus

355 4028 565 4093 sufficientem
580 4030 766 4115 impendant
781 4032 1028 4096 satisfactionem
1043 4039 1076 4095 et
1090 4034 1123 4094 in
1140 4033 1320 4095 huiusmodi
1340 4032 1475 4115 litigium
1494 4050 1560 4093 non
1575 4033 1758 4116 procedant,

356 4134 432 4216 quia
454 4153 495 4197 ne
517 4134 598 4198 iorte
621 4135 739 4200 eisdem
762 4138 926 4220 contingat
947 4137 1078 4221 gravius
1100 4138 1204 4219 ipsum
1227 4137 1373 4218 litigium,
1396 4141 1428 4199 et
1451 4155 1510 4197 nos
1533 4136 1661 4199 eosdem
1683 4155 1757 4199 cum

357 4238 441 4302 dicto
464 4239 603 4321 capitulo
623 4239 867 4303 reformabimus
882 4247 1007 4303 nostras
1022 4246 1129 4324 partes
1143 4241 1376 4324 interponendo
1392 4241 1425 4302 in
1442 4240 1500 4302 hac
1515 4245 1612 4323 parte.
1640 4237 1758 4305 Datum

357 4343 390 4404 in
413 4341 513 4424 Deua,
539 4343 574 4406 in
597 4343 705 4425 vigilia
726 4342 836 4406 beatae
859 4342 1030 4408 Katerinae
1052 4345 1185 4428 virginis
1208 4352 1241 4408 et
1263 4344 1447 4426 martyris.³)
1793 4350 1828 4403 35

511 4447 593 4511 Item
623 4446 734 4511 eodem
764 4447 816 4510 die
844 4452 876 4510 et
905 4448 939 4509 in
966 4448 1078 4512 eodem
1100 4449 1216 4512 iudicio
1240 4449 1388 4512 dominns
1411 4447 1547 4511 Sanctus
1568 4454 1757 4531 procurator

357 4551 486 4635 capituli
515 4551 759 4615 Transsiluanae
787 4553 1006 4635 procuratorio
1040 4554 1169 4617 nomine
1198 4554 1299 4636 ipsius
1333 4553 1495 4616 accusavit
1525 4553 1757 4617 contumaciam

355 4655 485 4719 illorum
508 4655 548 4719 de
573 4661 662 4739 parte
684 4655 827 4737 adversa,
852 4656 907 4737 qui
929 4663 1006 4720 sunt
1027 4664 1232 4721 contumaces
1254 4665 1286 4722 et
1307 4676 1367 4721 nec
1389 4677 1446 4740 per
1468 4676 1502 4721 se
1524 4677 1584 4720 nec
1606 4677 1663 4742 per
1684 4678 1758 4741 pro·

356 4765 536 4824 curatorem
558 4760 709 4823 idoneum
730 4779 913 4844 comparere
935 4767 1097 4843 curarunt,
1119 4768 1232 4845 petens
1254 4782 1329 4825 cum
1350 4762 1511 4843 instantia,
1537 4761 1757 4826 excommuni-

357 4863 490 4927 cationis
513 4864 703 4927 sententiam
733 4872 845 4929 contra
874 4884 928 4928 eos
958 4865 1054 4929 latam
1084 4866 1262 4929 secundum
1292 4866 1379 4948 quod
1408 4867 1487 4929 iuris
1518 4865 1595 4929 ordo
1618 4867 1760 4950 postulat
1793 4870 1829 4923 40

358 4967 531 5051 aggravari.

206 5077 305 5147 logifi-
514 5071 691 5155 Postquam
721 5073 826 5137 statim
856 5075 890 5137 in
921 5074 1032 5138 eodem
1060 5073 1176 5138 iudicio
1207 5073 1393 5157 interrogati
1427 5073 1502 5137 dicti
1538 5080 1762 5158 procuratores

182 5156 332 5289 mg·
358 5193 416 5259 per
438 5175 559 5239 dictrrm
581 5175 753 5275 dominum·
775 5176 961 5261 auditorem,
991 5178 1018 5241 si
1049 5177 1199 5241 volebant
1228 5177 1350 5259 aliquid
1380 5177 1516 5242 obiicere
1547 5183 1659 5241 contra
1688 5197 1762 5262 pro·

517 5328 537 5397 ¹)
554 5328 639 5397 April
659 5334 681 5385 7.

514 5415 537 5483 ¹)
559 5413 692 5487 Varlape:
709 5416 820 5471 istantia.
1796 5416 1830 5470 45

513 5502 535 5574 ¹)
553 5505 624 5556 1308
641 5502 792 5558 November
808 5507 852 5558 24.
870 5533 905 5545 -
923 5503 1036 5559 Druck:
1054 5504 1141 5572 Fejtr
1161 5504 1252 5561 Codex
1274 5503 1363 5573 VIII,
1380 5508 1406 5575 5,
1424 5508 1467 5560 61.
