4088 6292
915 635 1071 731 -1-93-

286 826 406 890 niensis
429 845 465 890 ac
488 825 681 890 universitas
703 825 860 892 nobilium
883 825 1094 909 Ougarorum,
1122 825 1311 909 Siculorum,
1334 825 1501 890 Saxonum
1524 830 1557 890 et
1579 825 1694 889 Ourna-

285 949 402 994 norum
411 928 433 1009 ¹)
465 930 613 994 omnibus
637 930 752 995 Christi
774 929 922 995 fidelibus
943 934 1128 1014 praesentes
1158 929 1265 993 literas
1287 929 1478 1012 inspecturis
1501 930 1634 994 salutern
1658 930 1693 991 iu

286 1033 436 1118 largitore
458 1035 578 1098 salutis.
614 1032 709 1098 Gesta
737 1033 905 1118 magnifico
926 1033 1044 1098 nedum
1074 1033 1221 1115 proprios
1243 1038 1482 1097 consueverunt
1504 1051 1692 1116 promovere

287 1144 419 1221 actores,
450 1158 564 1202 verum
595 1138 690 1201 etiam
717 1138 784 1202 suis
806 1139 941 1220 posteris
963 1137 1059 1201 talem
1081 1138 1254 1219 acquirunt
1274 1137 1416 1220 gloriam,
1445 1143 1482 1201 ut
1503 1138 1589 1201 inter
1611 1136 1693 1200 bene

237 1248 254 1300 5
289 1243 419 1306 meritos
433 1242 606 1307 laudentur
621 1246 654 1305 et
668 1241 842 1305 honoribus
857 1261 916 1306 seu
931 1239 1138 1325 dignitatibus
1161 1238 1382 1305 sublimentur.
1409 1241 1473 1305 Pro
1489 1261 1526 1305 eo
1543 1242 1693 1304 dominus

287 1346 476 1411 Albertinus
505 1347 575 1410 dux
605 1347 703 1410 totins
725 1344 913 1410 Solanoniae
936 1353 968 1410 et
993 1363 1100 1408 comes
1122 1344 1162 1407 de
1184 1344 1332 1427 Possega,
1362 1344 1543 1409 avunculus
1573 1345 1695 1408 domini

287 1449 436 1514 Andreae
470 1450 522 1513 dei
555 1450 657 1533 gratia
688 1449 822 1514 illustris
854 1450 939 1533 regis
969 1449 1126 1533 Ougariae
1160 1450 1280 1512 domini
1313 1450 1415 1514 nostri
1448 1449 1611 1533 naturalis,
1644 1450 1695 1511 vir

288 1552 484 1637 magnificus
507 1554 566 1617 etsi
588 1555 623 1616 in
644 1555 774 1637 propria
795 1573 932 1638 persona
954 1573 996 1617 ex
1019 1553 1086 1617 suis
1107 1552 1225 1617 inclitis
1255 1554 1378 1617 actibus
1400 1553 1605 1616 honorandus
1627 1572 1694 1616 uon

287 1657 395 1722 minus
417 1662 523 1722 tamen
546 1659 580 1721 in
603 1658 671 1721 suis
692 1658 827 1742 posteris
843 1658 911 1722 fore
934 1653 945 1738 [
1102 1654 1144 1740 P)
1167 1656 1395 1721 sublimandus.
1426 1656 1512 1720 Hinc
1535 1662 1584 1721 est
1607 1656 1694 1738 quod

220 1765 255 1820 10
289 1762 393 1825 dictim
416 1756 573 1826 ¹dominus
594 1760 782 1825 Albertiuus
811 1761 917 1843 ipsum
947 1760 1112 1823 dominum
1140 1760 1302 1825 Andream
1333 1762 1384 1825 dei
1406 1760 1507 1843 gratia
1537 1760 1692 1824 illustrem

288 1885 395 1950 regem
426 1865 582 1949 Ougariae
612 1865 776 1927 dominum
806 1868 952 1927 nostrum
985 1864 1163 1928 naturalem
1194 1884 1289 1928 suurn
1320 1871 1468 1948 nepotem
1503 1885 1522 1927 a
1551 1871 1694 1948 tempore

288 1970 443 2053 pueritiae
474 1988 550 2032 suae
581 1985 684 2050 usque
707 1972 842 2033 aetatem
862 1968 1042 2032 iuventutis
1071 1970 1106 2032 in
1129 1969 1223 2033 domo
1246 1990 1306 2033 sua
1327 1974 1365 2033 ut
1385 1974 1476 2053 pater
1505 1968 1608 2032 filium
1638 1989 1694 2031 na

289 2074 425 2138 turalsm
441 2078 474 2136 et
496 2073 624 2137 tandem
647 2078 776 2156 accepta
797 2072 896 2136 totius
919 2073 1010 2155 regui
1031 2074 1184 2156 petitione
1206 2074 1342 2138 eundem
1367 2074 1532 2137 dominum
1547 2080 1695 2137 nostrum

289 2196 397 2261 regern
419 2183 583 2258 tamquam
597 2176 772 2258 pretiosum
790 2176 881 2260 regni
896 2175 1090 2259 thesaurum,
1113 2177 1173 2241 sub
1195 2177 1281 2241 fideli
1301 2178 1446 2241 custodia
1468 2183 1694 2241 conservatum

221 2286 254 2339 lo
290 2282 323 2343 in
353 2281 494 2346 medium
516 2280 618 2343 nostri
640 2280 827 2344 adducendo
858 2280 1042 2344 educaverit
1070 2282 1272 2345 innumeram
1295 2282 1449 2364 pecuniae
1480 2282 1693 2363 quantitatem

288 2404 346 2469 pro
369 2403 407 2448 eo
431 2385 651 2468 expendendo,
674 2388 707 2448 et
728 2383 838 2446 multis
860 2384 1008 2446 fortunae
1022 2383 1149 2447 casibus
1171 2403 1340 2466 personam
1363 2403 1454 2447 suam
1477 2384 1692 2447 submittendo

288 2489 458 2573 propriam,
481 2487 747 2552 convenientibus
762 2485 854 2549 nobis
868 2488 903 2549 in
918 2507 1021 2551 unum
1039 2488 1124 2571 apud
1138 2489 1264 2552 Budam
1285 2488 1320 2550 iu
1342 2489 1588 2571 congregatione
1603 2490 1694 2571 regni

289 2593 429 2677 generali
451 2592 559 2656 habita
580 2590 807 2655 deliberatione
836 2592 971 2674 provida
992 2596 1024 2656 et
1046 2596 1172 2654 matura
1194 2591 1288 2654 etiam
1320 2592 1408 2672 quod
1429 2597 1518 2656 tauta
1541 2591 1695 2657 beneficia

290 2698 324 2760 in
346 2698 589 2762 conservatione
611 2695 753 2760 eiusdem
783 2695 904 2758 domini
925 2697 1026 2760 nostri
1048 2694 1194 2760 exhibuit
1223 2700 1256 2759 et
1276 2694 1432 2778 impendit
1453 2697 1513 2759 toti
1536 2715 1636 2780 regno
1659 2697 1694 2759 in

222 2805 256 2859 20
292 2820 330 2865 eo
353 2802 456 2884 etiam,
488 2801 574 2882 quod
596 2819 654 2883 per
676 2798 776 2883 ipsius
798 2799 987 2863 iudustriam
1010 2799 1257 2864 sollicitudiuem
1282 2799 1474 2863 laudabilem
1497 2800 1572 2864 huic
1593 2820 1693 2885 reguo

291 3008 411 3072 tatibus
425 3006 604 3089 fluctuanti,
627 3013 659 3071 et
681 3006 834 3071 terciam
856 3008 890 3069 in
905 3007 1053 3071 omnibus
1073 3008 1140 3071 suis
1162 3007 1306 3090 partibus
1328 3026 1432 3089 usque
1455 3007 1495 3070 ad
1517 3014 1694 3072 extremam

291 3112 542 3176 exinanitionem
564 3110 700 3174 deducto
724 3109 762 3173 ad
785 3109 1042 3175 reformationem
1064 3116 1097 3174 et
1118 3115 1237 3175 statum
1260 3110 1470 3192 tranquillum
1493 3110 1621 3175 salubre
1644 3130 1692 3175 re·

292 3215 432 3280 medium
455 3220 504 3279 est
524 3215 699 3298 provisum,
722 3213 854 3297 dignum
876 3214 945 3297 fuit,
968 3218 1006 3277 ut
1020 3214 1287 3279 remunerationis
1309 3233 1367 3278 seu
1390 3216 1694 3297 recompensationis

222 3328 257 3382 25
293 3319 504 3401 commodum,
527 3337 570 3383 ex
584 3324 674 3401 parte
688 3319 788 3401 regni,
811 3318 838 3381 si
853 3338 919 3381 nou
933 3320 967 3381 in
989 3323 1101 3401 totum
1124 3324 1231 3382 tamen
1253 3319 1287 3381 in
1302 3322 1391 3402 pa1te
1406 3319 1539 3383 sentiret
1554 3320 1694 3383 fructum

292 3426 386 3489 etiarn
407 3425 442 3487 in
464 3427 608 3507 posteros
624 3422 873 3486 diffundendum.
904 3423 1029 3487 Placuit
1049 3425 1158 3505 itaque
1184 3422 1345 3487 univorsis
1367 3427 1399 3485 et
1420 3422 1564 3505 singulis
1586 3423 1692 3506 ipsum

292 3528 456 3592 dominum
470 3526 674 3591 Albertinum
697 3532 729 3589 et
743 3544 801 3608 per
815 3544 889 3588 eum
913 3545 1023 3591 omnes
1045 3526 1085 3590 ab
1101 3546 1138 3590 eo
1161 3525 1389 3589 descendentes
1407 3531 1570 3608 tamquam
1586 3527 1691 3590 virum

292 3632 332 3695 ab
354 3632 487 3713 antiquo
509 3650 701 3713 generosum
729 3634 857 3692 nostrae
880 3629 1098 3693 universitatis
1123 3629 1227 3693 coetui
1258 3648 1429 3713 aggregare
1452 3636 1484 3694 et
1506 3636 1694 3713 aggregatos

293 3735 493 3818 congaudere
503 3733 678 3797 nobilitatis
687 3732 863 3816 privilegio,
879 3751 943 3815 quo
956 3734 1099 3797 universi
1110 3732 1246 3796 barones
1257 3739 1290 3797 et
1300 3731 1423 3797 nobiles
1435 3734 1523 3815 regni
1537 3733 1693 3817 Ougariae

221 3847 258 3901 30
293 3843 531 3902 consueverunt
544 3837 584 3900 ab
599 3837 732 3919 antiquo
747 3836 908 3919 gratulari.
930 3837 970 3900 In
984 3838 1077 3900 cuius
1093 3838 1138 3900 rei
1157 3837 1374 3899 testimonium
1388 3842 1572 3919 praesentes
1588 3837 1691 3901 eidem

293 3943 508 4007 concessimus
529 3942 637 4005 literas
652 3940 829 4024 sigillorum
851 3946 1034 4005 nostrorum
1050 3940 1305 4003 authenticorum
1320 3941 1497 4003 munimine
1520 3940 1692 4004 roboratas

292 4044 411 4109 Datum
432 4046 552 4129 Eudae,
575 4066 660 4109 anno
684 4044 804 4108 domini
826 4042 1014 4126 Moenum,
1038 4050 1152 4126 quarto
1174 4042 1335 4108 Kalendas
1356 4043 1505 4127 Augusti.

954 4392 1044 4480 262.

378 4575 477 4653 Trivia
507 4578 611 4652 1293
643 4573 787 4652 Oktober
818 4583 850 4650 6.
888 4577 964 4650 Der
995 4576 1287 4668 siebeuba‘irpiscbe
1321 4573 1492 4646 Woiwodc
1517 4571 1699 4644 Roluadm

227 4720 262 4775 35
297 4702 434 4774 ertbcilt
456 4703 522 4775 dea
539 4701 735 4775 Dcatscbeu
752 4722 817 4773 eoa
834 4699 925 4771 Deba
943 4698 1007 4770 das
1024 4697 1143 4786 Recbt,
1166 4697 1271 4787 jadera
1288 4694 1509 4785 Douacrstup
1534 4692 1698 4766 chbea·

297 4824 413 4894 morlct
439 4822 600 4895 abboltca
624 4845 669 4894 aa
694 4822 833 4910 dtirfea.

455 4987 531 5058 Oria.
550 4987 630 5057 Perp.
649 4983 826 5040 Stadtarcbio
843 4982 923 5038 Deis.
946 4982 1034 5052 Sieqel
1051 4982 1083 5037 iu
1100 4982 1149 5037 der
1169 4981 1275 5036 Gestalt
1292 4981 1365 5035 uass
1382 4979 1557 5033 balbruadcu
1569 4976 1699 5044 Sclsildcs,

401 5089 460 5126 war
478 5072 510 5125 in
527 5071 635 5126 weissea
658 5071 760 5125 Wacba
778 5070 836 5138 auf
847 5071 896 5125 der
914 5068 1059 5124 Rdckaeitc
1077 5069 1266 5138 auspedrdclct.

453 5193 565 5248 Druck:
596 5193 709 5248 Teatscb
731 5210 759 5246 u.
779 5192 940 5246 Firababer
963 5189 1035 5245 Sicb.
1059 5189 1141 5245 Urkb.
1160 5190 1186 5257 1,
1213 5194 1271 5244 185.
1308 5187 1509 5256 Sclvdssburpsr
1537 5185 1701 5255 Propramm

228 5281 265 5337 40
403 5284 480 5348 1862,
497 5283 541 5334 56.
570 5279 680 5334 wama
700 5278 765 5334 God.
783 5278 892 5348 Arpad.
916 5277 948 5345 V,
965 5281 1009 5332 91.

454 5437 475 5505 ¹)
497 5435 631 5505 Vorlape:
648 5436 840 5491 Germanorum
857 5433 1064 5503 (Cornanomm).

454 5526 476 5592 ³)
494 5522 593 5578 Leuke.

407 5641 598 5688 Urkuadsubuob.
