4084 6302
1025 564 1089 625 454

356 747 484 811 oraculo
514 749 608 813 vivae
639 750 727 814 vocis
757 755 952 833 protestatus
982 758 1039 833 est,
1070 753 1155 834 quod
1189 753 1264 833 quia
1286 754 1355 835 ipse
1378 752 1529 815 iustitiam
1553 773 1650 837 super
1672 755 1755 817 tacto

355 853 565 935 possessionis
587 873 664 918 snae
678 853 812 936 chyun
839 862 967 918 vocatae
987 861 1098 919 contra
1112 857 1292 920 Johannem
1314 855 1416 918 filiurn
1433 857 1519 920 Petri
1542 864 1574 920 ct
1589 857 1756 921 Nicolaum

355 957 473 1019 dictum
487 956 609 1037 Zabary
626 958 814 1022 castellanos
830 959 869 1022 de
885 959 1024 1023 Kuholm
1040 966 1289 1043 prosequeretur
1297 961 1318 1033 1)
1336 961 1411 1043 ipsis
1423 960 1444 1024 J
1446 961 1562 1023 ohanni
1578 967 1610 1023 et
1625 962 1754 1024 Nicolao

354 1061 610 1141 contradicendo,
639 1062 709 1125 ideo
733 1063 920 1145 magnificus
943 1065 993 1126 vir
1013 1065 1148 1127 Thomas
1172 1065 1307 1126 vaivoda
1328 1064 1573 1127 Transsiluanus
1597 1070 1629 1127 et
1651 1063 1756 1128 com'es

355 1164 393 1227 de
416 1164 528 1228 Zonuk
556 1173 686 1249 propter
708 1167 849 1230 favorem
872 1169 1106 1250 praedictorum
1129 1169 1285 1233 dohannis
1308 1176 1340 1231 et
1362 1168 1484 1231 Nicolai
1508 1168 1751 1233 castellanorum
1790 1179 1801 1227 .·

355 1287 486 1332 suorum
506 1270 683 1351 periculum
703 1270 763 1333 sibi
779 1272 1027 1336 comminaretur
1046 1279 1078 1335 et
1092 1274 1195 1356 ipsum
1213 1272 1345 1355 perdere
1360 1279 1537 1335 conaretur.
1562 1271 1655 1335 Unde
1671 1273 1755 1336 idem

353 1372 458 1435 Janka
490 1375 694 1457 protestando
729 1374 819 1457 dixit,
854 1377 939 1457 quod
970 1377 996 1439 si
1028 1378 1095 1459 ipse
1127 1377 1165 1440 de
1196 1376 1419 1459 prosecutione
1449 1375 1588 1439 iustitiae
1614 1395 1691 1439 suae
1713 1376 1754 1439 ad

354 1482 481 1560 tempus
503 1478 675 1541 cessaverit
694 1484 771 1541 tuuc
788 1486 917 1563 propter
932 1482 1104 1563 potentiam
1121 1481 1272 1564 praedicti
1288 1480 1424 1543 Thomae
1440 1479 1595 1543 vaivodae
1610 1479 1754 1559 cessabit

354 1586 386 1644 et
407 1582 432 1643 si
456 1582 537 1645 torte
561 1582 700 1664 aliquam
721 1584 951 1647 confessionem
975 1585 1013 1647 de
1029 1584 1189 1667 praedicta
1204 1605 1261 1647 sua
1278 1583 1477 1667 possessione
1493 1582 1624 1666 Legyun
1645 1589 1755 1646 vocata

354 1685 472 1765 fecerit,
495 1692 572 1749 tunc
595 1693 725 1770 propter
746 1692 867 1750 metum
891 1689 1018 1751 maioris
1034 1689 1221 1771 perditionis
1237 1707 1313 1751 suae
1328 1688 1430 1768 faciet,
1454 1694 1565 1770 petens
1581 1708 1678 1771 super
1693 1689 1752 1750 hoc
1812 1696 1818 1701 ’

354 1789 421 1872 ipse
442 1790 547 1853 danha
568 1790 676 1854 literas
699 1793 945 1874 protestatorias
970 1812 1050 1873 quas
1073 1793 1175 1855 eidem
1199 1793 1421 1855 concessimus.
1445 1791 1561 1855 Datum
1585 1792 1617 1853 in
1634 1792 1755 1854 octavis

354 1896 454 1957 sancti
473 1895 585 1959 Jacobi
608 1896 750 1979 apostoli,
773 1916 857 1959 anno
881 1897 1001 1959 domini
1024 1874 1065 1959 id.
1087 1875 1172 1960 0Οὸ
1193 1874 1302 1959 XXX.
1325 1897 1475 1960 secundo.

508 2034 583 2118 Auf
602 2033 657 2097 der
679 2033 853 2097 Rr'ielmer'te:
888 2035 949 2098 Pro
979 2034 1084 2098 Janka
1110 2034 1176 2098 filio
1208 2034 1339 2118 Gregori
1372 2043 1483 2099 contra
1512 2033 1691 2097 Johannem
1723 2040 1755 2097 et

353 2137 521 2202 Nicolaum
545 2139 733 2203 castellanos
756 2138 795 2203 de
818 2139 958 2202 Kuholm
983 2140 1229 2222 protestatoriae.

1006 2433 1102 2514 498.
1791 2460 1822 2509 15

412 2594 746 2687 Wisseqrad1332
773 2595 969 2686 September
995 2600 1052 2666 21.
1081 2597 1236 2688 Kdntqr'e
1259 2598 1439 2667 Elisabeth
1466 2596 1665 2685 beriaflropt
1692 2596 1756 2666 dos

361 2715 643 2807 Weisseabarper
664 2717 818 2807 Kapitel‚
847 2718 913 2787 dea
940 2717 1083 2788 Haltert
1110 2719 1173 2788 der
1198 2718 1388 2807 Besiteaap
1415 2717 1516 2787 Busd
1541 2741 1584 2787 aa
1612 2716 1754 2806 hepatia

351 2840 425 2908 ‘read
450 2840 487 2908 ia
514 2839 580 2909 dea
607 2840 737 2909 dritten
758 2837 857 2908 Theti
883 2837 1057 2908 derselbea
1075 2839 1141 2909 deu
1159 2839 1285 2929 Propst
1307 2838 1524 2909 Tatomerlas
1546 2838 1620 2909 aad
1637 2839 1754 2909 dessea

353 2961 495 3031 Brttder
521 2961 761 3049 ciaeufithrea.

509 3124 667 3193 Abscllre‘st:
692 3124 814 3191 Keme'uy
832 3123 954 3191 Diplom.
980 3123 1120 3191 appendes
1140 3124 1183 3189 II,
1208 3129 1240 3176 11
1267 3124 1335 3176 necle
1359 3124 1417 3176 (lem
1443 3123 1519 3192 θήρ.
1544 3123 1753 3191 Kapitelurcbir
1788 3132 1803 3173 ·.

354 3212 523 3280 Korlahurp.

508 3368 683 3450 Elyaabeth
701 3369 752 3431 dei
767 3369 868 3451 gratia
883 3369 992 3449 regina
1005 3369 1189 3451 Hungariae
1204 3367 1351 3431 fidelihus
1367 3370 1434 3431 suis
1450 3368 1588 3450 capitulo
1601 3368 1752 3432 ecclesiae

353 3475 436 3537 beati
459 3473 621 3536 Michaelis
644 3472 823 3553 archangeli
845 3471 1082 3552 Transylvanae
1105 3473 1239 3536 salutem
1264 3480 1296 3535 et
1318 3473 1458 3553 gratiam.
1489 3472 1624 3535 Noverit
1646 3478 1753 3534 vestra

351 3577 496 3655 fidelitas,
521 3577 607 3658 quod
630 3576 786 3639 discretus
808 3576 858 3638 vir
881 3577 1029 3658 magister
1046 3577 1210 3639 lohannes
1232 3582 1341 3639 custos
1357 3575 1506 3639 Albensis
1528 3575 1679 3639 ecclesiae
1694 3594 1751 3658 pro

353 3700 386 3743 se
409 3685 442 3743 et
456 3679 593 3742 Martino
610 3700 646 3741 ac
662 3681 811 3763 magistro
829 3680 928 3743 Paulo
944 3682 1097 3743 canonico
1113 3681 1255 3743 ciusdem
1271 3680 1421 3743 ecclesiae
1435 3680 1586 3743 Albensis
1600 3678 1751 3742 tratribus
1787 3687 1818 3736 ·..“

352 3784 419 3847 suis
450 3802 574 3847 necnon
607 3782 765 3866 Stephano
795 3783 859 3846 filio
891 3784 1050 3864 qnondam
1075 3784 1223 3867 Stephani
1256 3784 1362 3847 fratris
1390 3803 1501 3846 eorum
1534 3792 1566 3846 et
1587 3783 1752 3847 lohannes

352 3909 388 3952 ac
403 3888 554 3952 Nicolaus
577 3886 632 3950 filii
647 3888 796 3951 Andreae
812 3888 886 3950 dicti
901 3887 1016 3950 Mochlr
1039 3888 1174 3970 propriis
1197 3889 1337 3970 ipsorum
1361 3888 1393 3949 in
1417 3888 1562 3970 personis
1585 3907 1642 3970 pro
1666 3893 1752 3949 sect

351 3993 490 4073 andrea,
519 3992 617 4055 tratre
647 4010 756 4054 eorum
789 4011 893 4053 coram
927 3991 1018 4054 nohis
1048 3993 1210 4053 constituti
1244 3992 1371 4054 totalem
1394 3992 1518 4054 tertiam
1541 3991 1750 4073 possessionis

351 4097 495 4179 ipsorum
510 4096 607 4160 szd
626 4101 756 4157 vocatae
779 4096 811 4157 in
829 4096 980 4159 comitatu
996 4095 1129 4158 Albensi
1152 4096 1184 4157 in
1202 4095 1345 4178 partibus
1359 4095 1603 4176 Transsylvanis
1627 4095 1750 4158 habitae

355 4207 387 4263 et
409 4201 637 4284 pertinentium
665 4200 702 4262 ad
727 4200 860 4262 eandem
883 4220 919 4262 ac
943 4199 1130 4280 quorumvis
1154 4199 1325 4262 utilitatum
1349 4199 1491 4262 eiusdem
1515 4198 1690 4262 honorabili
1713 4218 1750 4261 ac
1786 4203 1821 4255 30

352 4305 488 4368 discreto
513 4306 581 4367 viro
596 4304 772 4367 Tatamerio
788 4303 938 4367 Albensis
953 4303 1104 4367 ecclesiae
1127 4305 1315 4387 praeposito,
1331 4303 1422 4366 aulae
1438 4302 1542 4385 regiae
1558 4301 1751 4365 vicecancel-

350 4408 430 4471 lario
461 4415 493 4473 et
518 4408 606 4472 Baro
638 4428 673 4471 ac
701 4407 859 4490 Stephano
889 4408 1039 4471 fratribus
1071 4408 1212 4471 eiusdem
1243 4408 1360 4470 domiui
1393 4407 1562 4490 praepositi
1593 4407 1751 4469 mediante

352 4510 518 4594 privilegio
542 4517 651 4573 nostro
675 4511 794 4574 efficaci
818 4511 858 4574 ob
882 4530 1020 4573 amorem
1040 4511 1198 4573 fraternae
1214 4511 1352 4573 caritatis
1369 4519 1401 4573 et
1416 4510 1557 4574 sincerae
1573 4509 1750 4573 dilectionis

352 4612 532 4676 fraternalis
554 4619 708 4696 perpetuo
731 4615 945 4678 contulerunt.
968 4614 1081 4695 Itaque
1104 4613 1247 4676 fidelitati
1271 4620 1394 4677 vestrae
1418 4614 1646 4696 praecipientes
1661 4631 1750 4674 man·

351 4716 472 4798 damus,
496 4723 655 4798 quatenns
677 4726 820 4782 vestrum
843 4719 973 4782 mittatis
989 4718 1149 4781 hominem
1164 4718 1314 4781 idoneum
1330 4738 1387 4801 pro
1405 4717 1584 4781 testimonio
1600 4714 1748 4777 videlicet
1784 4721 1818 4774 35

350 4840 452 4884 unum
479 4840 521 4884 ex
544 4820 643 4891 vobis,
675 4842 780 4883 coram
805 4841 869 4902 quo
892 4819 1079 4885 Dominicus
1108 4822 1147 4885 de
1171 4822 1332 4899 charrae
1364 4822 1403 4884 de
1425 4821 1545 4884 Eleius
1567 4818 1619 4881 vel
1643 4818 1750 4880 Petcw

351 4925 390 4987 de
414 4924 495 4987 Gald
517 4925 616 4988 altero
640 4924 770 4987 absente
793 4925 886 4986 homo
911 4930 1018 4987 noster
1038 4926 1167 4988 accedat
1182 4925 1221 4987 ad
1239 4926 1348 4988 taciem
1366 4925 1525 5007 praelatae
1540 4921 1750 5005 possessionis

350 5027 448 5092 szd
472 5034 602 5091 vocatae
632 5028 809 5109 vicinisque
838 5033 870 5091 et
899 5030 1125 5091 commetaneis
1155 5029 1297 5092 ciusdem
1331 5029 1514 5091 convocatis
1537 5025 1696 5089 universis
1719 5031 1750 5088 ct

350 5132 571 5215 praesentibus
593 5132 762 5216 praedictis
778 5130 915 5193 Martino
931 5138 963 5193 et
976 5131 997 5194 J
999 5132 1123 5195 ohanne
1140 5131 1340 5194 reambulent
1353 5132 1454 5214 ipsam
1470 5150 1528 5214 per
1543 5149 1635 5192 veras
1650 5133 1750 5191 aretas

351 5253 426 5297 suas
457 5240 488 5298 et
517 5236 665 5317 antiquas
693 5233 987 5315 reambulatamque
1019 5235 1162 5298 dividant
1190 5255 1262 5298 cunr
1290 5234 1438 5298 omnibus
1461 5235 1528 5297 suis
1551 5230 1748 5310 utilitatibus,
1783 5236 1819 5289 40

507 5371 527 5437 ¹)
551 5342 683 5438 Vorlape:
700 5374 911 5438 prosequeretur.

506 5458 527 5525 ⁸)
546 5456 628 5510 Feta
644 5456 694 5509 der
710 5473 746 5510 aa
763 5457 797 5511 de
815 5456 918 5511 letatus
934 5456 1061 5526 pebdripe
1079 5457 1308 5513 Peraeaeaaomc.
