4088 6292
969 611 1124 707 Q-

346 800 507 883 quandam
529 804 647 864 terram
668 819 757 863 suam
772 796 965 882 Milruzalal
1069 800 1112 886 Γ)
1129 805 1282 883 vocatam,
1306 818 1388 883 quae
1411 799 1627 865 aSaxonibus
1641 800 1746 865 Iuran-

345 903 501 967 hatelwke
534 909 755 987 nuncupatur,
788 909 826 967 ut
854 903 938 967 idem
969 904 1052 968 dixit
1080 906 1173 969 sitam
1201 904 1235 966 in
1270 903 1416 967 districtu
1446 903 1621 968 (libiniensi
1654 905 1747 970 terris

346 1005 513 1070 Saxonum
535 1006 575 1070 de
599 1003 650 1088 01[
857 1005 900 1090 Ρ)
924 1006 1129 1090 adiacentem,
1152 1027 1225 1071 cunr
1241 1007 1390 1070 omnibus
1411 1007 1602 1073 utilitatibus
1625 1010 1692 1073 suis
1715 1015 1747 1074 et

345 1111 545 1194 pertinentiis
576 1110 636 1173 sub
667 1111 786 1174 eisdem
816 1111 956 1192 antiquis
985 1113 1078 1176 metis
1107 1113 1207 1195 signis
1236 1131 1294 1176 seu
1322 1111 1475 1193 terminis,
1506 1112 1623 1193 quibus
1651 1109 1745 1197 [earn]

345 1215 430 1278 idern
452 1214 598 1291 Petrusl)
622 1220 655 1277 et
676 1215 790 1278 iratres
812 1214 863 1278 sui
885 1215 1038 1297 praedicti
1053 1215 1092 1278 ab
1115 1216 1248 1297 antiquo
1267 1215 1488 1299 possederunt,
1510 1221 1576 1278 tam
1598 1235 1640 1279 ex
1654 1222 1745 1300 parte
1780 1222 1797 1275 5

346 1338 415 1400 sua,
439 1338 535 1400 quam
567 1337 609 1382 ex
639 1323 728 1402 parte
751 1317 908 1381 dictorum
931 1318 1065 1382 fratrum
1089 1339 1220 1383 suorum
1242 1318 1388 1382 vendidit
1413 1322 1446 1381 et
1467 1318 1555 1381 dedit
1576 1318 1692 1383 Gerlah
1714 1327 1747 1384 et

346 1422 505 1505 Stephano
535 1422 705 1486 comitibus
728 1422 767 1485 de
790 1420 932 1485 Olchona
953 1442 1011 1506 pro
1034 1423 1148 1506 viginti
1178 1428 1315 1505 quatuor
1337 1421 1460 1504 marcis,
1490 1421 1529 1485 ab
1552 1422 1680 1507 eisdem,
1710 1430 1747 1486 ut

346 1526 430 1590 idem
457 1526 574 1591 Petrus
602 1522 705 1608 [dixit
734 1544 792 1609 per
818 1526 956 1591 eundem
978 1532 1011 1590 et
1032 1526 1145 1611 dictos]
1154 1526 1176 1602 ⁴)
1206 1526 1319 1589 tratres
1350 1544 1426 1589 suos
1453 1525 1547 1608 plene
1576 1526 1692 1591 habitis
1714 1532 1747 1591 et

345 1630 502 1715 perceptis
529 1628 753 1712 possidendam
784 1636 817 1693 et
839 1629 1015 1692 habendam
1037 1630 1108 1693 iure
1129 1635 1293 1714 perpetuo,
1322 1634 1475 1711 perante
1498 1629 1582 1693 dicto
1612 1629 1747 1714 Helweg

347 1731 358 1816 [
619 1732 662 1817 Γ)
685 1752 722 1795 ac
742 1751 800 1815 per
821 1730 903 1795 filios
916 1730 1056 1795 filiorum
1079 1733 1262 1814 eorundem,
1285 1732 1390 1796 dictus
1408 1738 1441 1796 et
1455 1732 1571 1797 Petrus
1594 1733 1747 1817 obligarit
1782 1738 1816 1793 10

346 1856 381 1901 ss
396 1842 429 1901 et
441 1843 633 1901 memoratos
648 1836 763 1899 tratres
777 1855 854 1900 suos
869 1835 1020 1919 expedire
1029 1834 1050 1914 ⁸)
1064 1836 1201 1919 propriis
1215 1835 1378 1899 laboribus
1393 1840 1425 1899 et
1440 1837 1591 1920 expensis
1605 1835 1745 1921 Helwez,

347 1939 482 2004 Gerlaah
504 1946 537 2005 et
558 1939 754 2023 Stephanum
776 1944 980 2023 praenotatos
1002 1937 1041 2001 ab
1065 1939 1151 2002 omni
1173 1939 1274 2021 gratia
1288 1945 1399 2003 contra
1413 1958 1469 2004 eos
1490 1959 1643 2023 processu
1657 1946 1746 2023 ,tem-

345 2046 433 2130 poris
454 2063 513 2129 per
535 2045 717 2128 quempiam
739 2044 905 2108 occasione
926 2043 1029 2107 dictae
1056 2040 1067 2125 [
1171 2041 1218 2128 ].l)
1240 2043 1286 2107 Ut
1307 2044 1406 2126 igitur
1421 2093 1521 2107 .....

1004 2318 1097 2403 258.

423 2489 521 2558 1291
545 2484 626 2557 Jutt
650 2486 701 2554 19
727 2483 778 2556 bia
803 2482 1071 2556 1301Joaaar
1096 2485 1155 2554 14.
1191 2483 1270 2556 Dae
1298 2481 1579 2575 Weieeeaburper
1604 2484 1749 2577 Καρία)
1782 2502 1816 2555 15

347 2607 538 2699 bephtalipt
563 2607 619 2678 die
644 2604 809 2678 Urtuade
834 2605 894 2677 des
920 2605 1054 2697 Kcatps
1075 2604 1237 2677 Andreas
1263 2603 1342 2676 ΙΙΙ.
1369 2627 1434 2677 voa
1455 2608 1553 2676 1291
1580 2603 1647 2677 Νν.
1666 2607 1748 2677 242

348 2728 534 2817 betreffcad
558 2728 614 2799 die
641 2726 767 2798 Recbte
793 2727 853 2799 dea
880 2724 985 2799 Adada
1019 2727 1094 2798 arad
1118 2727 1181 2799 der
1206 2726 1295 2799 abab
1321 2726 1384 2799 der
1416 2725 1530 2799 Wciae
1556 2728 1615 2800 dea
1641 2725 1749 2798 Adeo

348 2849 508 2922 lebenden
533 2847 849 2940 eiebeabttrpiscbea
876 2846 1036 2919 dacisca.

507 2995 583 3066 Oriq.
602 2995 683 3064 Perp.
706 2994 811 3065 Uapar.
829 2994 1038 3049 Laudeaarcla'v
1050 2993 1201 3063 Budapeat.
1220 2993 1309 3063 sapei
1320 3010 1380 3048 war
1391 3010 1431 3047 aa
1441 2993 1551 3049 weiaaer
1563 2993 1748 3061 Hanfsebaar

451 3082 615 3152 onpcbdnqt.
646 3081 702 3135 Die
719 3080 944 3135 Korroborata'oa
965 3081 1025 3135 und
1042 3081 1188 3151 Datiranq
1207 3080 1305 3148 fellea,
1328 3096 1359 3134 ao
1382 3081 1450 3136 dosa
1473 3080 1522 3135 der
1544 3081 1609 3134 Text
1631 3080 1664 3135 in
1687 3080 1747 3134 ἀιτι
1782 3080 1817 3136 20

454 3168 584 3238 Oripioal
605 3168 656 3222 mit
679 3168 739 3223 dem
757 3167 867 3222 Seliluaa
891 3168 940 3221 der
962 3168 1092 3223 Urtunde
1109 3167 1239 3221 Andreae
1257 3167 1329 3234 111,
1353 3166 1427 3235 regni
1450 3169 1539 3221 autem
1563 3167 1646 3221 nostri
1662 3166 1747 3235 primo

451 3271 520 3308 anno
538 3255 704 3309 abacblicsst.
739 3255 801 3309 Wie
825 3271 878 3309 aaa
901 3254 961 3309 dan
983 3256 1048 3309 Tact
1071 3254 1120 3308 der
1143 3254 1272 3309 Urtundc
1290 3254 1371 3308 aelhat
1388 3253 1554 3324 teroorpebt,
1578 3252 1616 3308 ist
1633 3253 1748 3307 dissolbe

450 3341 521 3394 wohl
537 3340 706 3411 pleicbaeitip
722 3341 773 3394 mit
789 3342 839 3395 der
856 3340 1080 3411 dapesdtaltetca
1102 3340 1232 3396 Urkuade
1249 3340 1379 3394 Andreas
1397 3340 1469 3407 111,
1490 3340 1578 3395 timer
1595 3339 1662 3393 aber
1680 3339 1749 3394 abab

452 3432 533 3480 unm
550 3428 646 3480 duacen
664 3427 822 3497 Beqicranp
840 3428 1002 3498 caeperunt.

504 3531 616 3586 muca:
639 3531 796 3586 Kamisa
813 3532 938 3586 nonum.
956 3538 1006 3587 aa
1024 3533 1139 3603 omar.
1158 3532 1184 3600 1,
1207 3536 1248 3587 13.
1279 3532 1436 3587 Kauana
1454 3531 1563 3602 synope
1580 3533 1747 3586 aaaron
1782 3530 1816 3584 ao

452 3616 539 3684 1,15.
564 3617 651 3685 aare
671 3617 761 3673 aaa
782 3619 852 3687 vn,
870 3624 896 3687 2,
915 3624 973 3675 147.
1002 3620 1114 3674 reuoca
1132 3636 1159 3672 a.
1179 3618 1340 3673 carnaea
1359 3615 1430 3673 sao.
1454 3617 1536 3673 urae.
1555 3619 1581 3685 1,
1600 3622 1660 3673 rra.

505 3776 687 3860 Capitulum
709 3778 860 3842 ecclesiae
876 3778 959 3842 beati
974 3777 1137 3842 Michaelis
1152 3776 1331 3860 archangeli
1346 3776 1573 3840 Transiluanae
1589 3775 1747 3840 universis

349 3879 466 3943 Christi
487 3878 636 3943 fidelibus
658 3899 809 3962 praesens
830 3882 983 3964 scriptum
1005 3881 1196 3964 inspecturis
1219 3880 1354 3945 salutem
1373 3882 1407 3943 in
1423 3881 1566 3945 omnium
1581 3880 1747 3944 salvatore.

347 3982 400 4045 Ad
429 3983 654 4047 universorum
684 3984 829 4047 notitiam
858 3984 971 4049 harum
998 3985 1079 4048 serie
1101 3984 1252 4048 volumus
1273 3984 1441 4067 pervenire
1463 3983 1636 4066 literarum,
1660 3982 1747 4064 quod

348 4105 422 4148 curn
450 4086 599 4149 dominus
619 4087 766 4150 Andreas
796 4087 847 4152 dei
877 4089 978 4171 gratia
998 4087 1133 4151 illustris
1154 4106 1214 4151 rex
1236 4087 1421 4169 Hungariae
1443 4086 1630 4169 conscriptis
1651 4085 1746 4149 liber·
1782 4089 1817 4144 30

284 4224 295 4241 .
348 4189 467 4252 tatibus
489 4188 644 4253 nobilium
660 4190 749 4273 regni
764 4190 949 4274 Hungariae
975 4191 1124 4272 antiquis,
1147 4191 1275 4254 insertis
1290 4191 1386 4254 etiam
1401 4190 1591 4272 quibusdam
1607 4189 1748 4253 articulis

348 4292 388 4356 de
417 4312 503 4356 novo
535 4294 703 4376 conoessie,
733 4293 853 4357 eisdem
875 4293 1035 4358 nobilibus
1064 4293 1267 4377 privilegium
1296 4294 1498 4376 concesserit,
1528 4299 1561 4357 et
1582 4312 1640 4376 per
1661 4294 1747 4376 ipsos

348 4396 472 4460 nobiles
501 4395 586 4460 idem
615 4397 819 4481 privilegium
842 4397 927 4479 apud
949 4416 1008 4459 nos
1031 4403 1194 4479 tamquam
1220 4398 1254 4459 in
1277 4397 1346 4461 loco
1369 4397 1541 4479 communi,
1570 4416 1628 4479 pro
1650 4415 1688 4459 eo
1711 4400 1748 4458 ut

348 4518 500 4563 recursus
521 4499 644 4563 facilior
665 4500 705 4563 ad
723 4501 831 4583 ipsum
846 4500 1008 4583 habeatur,
1031 4500 1073 4564 sit
1088 4501 1277 4584 depositum,
1292 4500 1416 4565 nobiles
1431 4502 1564 4584 praefati
1579 4520 1637 4585 per
1652 4519 1748 4583 quos·

349 4602 422 4665 darn
445 4621 487 4666 er
507 4602 586 4685 ipsis
607 4602 700 4667 nobis
722 4602 951 4687 supplicarunt,
974 4609 1012 4666 ut
1033 4608 1177 4667 tenorem
1199 4604 1381 4669 huiusmodi
1402 4604 1560 4689 privilegii
1574 4603 1748 4668 rescribere
1783 4607 1817 4661 35

350 4706 503 4770 facientes
532 4706 635 4789 sigillo
665 4711 775 4770 nostro
803 4704 922 4769 firmari
952 4706 1129 4770 laceremus
1158 4708 1198 4771 ad
1228 4708 1297 4791 hoc,
1327 4713 1367 4772 ut
1387 4714 1529 4791 tempore
1551 4706 1749 4771 necessitatis

353 4828 431 4873 suae
454 4829 491 4873 eo
514 4810 562 4874 uti
584 4814 722 4893 possent.
745 4810 846 4874 (luins
869 4809 998 4892 quidem
1024 4810 1181 4894 privilegii
1205 4816 1297 4876 tenor
1318 4811 1390 4875 talis
1412 4816 1468 4875 est
1489 4808 1594 4894 (11²0qu
1615 4810 1664 4874 dib
1690 4806 1749 4874 Ur·

349 4912 450 4977 bande
471 4912 523 4976 dae
543 4911 662 4997 Konipc
682 4912 826 4977 Andreas
847 4910 916 4977 111.
939 4934 996 4977 von
1017 4913 1101 4977 1291
1121 4911 1180 4978 Νν.
1205 4914 1297 4997 242).

506 5050 527 5119 ¹)
545 5049 645 5104 Lector
664 5048 757 5104 Βαατι
776 5051 818 5104 lo
839 5048 998 5105 Gentiaaeter
1015 5049 1093 5104 broit.

505 5140 527 5205 ³)
545 5136 645 5191 Lemr
663 5135 757 5190 Βαατι
773 5138 815 5190 al
838 5135 1005 5191 Gentiauter.

505 5226 527 5291 ⁸)
550 5223 682 5294 Vorlnpe:
699 5222 795 5292 quibus
813 5263 923 5277 .....
942 5222 1040 5278 domini
1059 5221 1162 5277 Petrus.

506 5314 529 5379 ⁴)
551 5310 686 5380 Vorlcpe:
705 5350 817 5364 .....

507 5398 528 5467 ⁵)
545 5397 646 5452 Lcercr
664 5397 758 5453 Βααπι
774 5400 819 5452 48
838 5396 1006 5453 Centimater.

506 5484 528 5553 ⁸)
550 5483 682 5553 Vorlape:
700 5485 876 5555 expedituros.

505 5573 528 5644 ¹)
545 5571 646 5628 Lara
663 5571 757 5627 &aaa
773 5574 791 5626 4
811 5570 979 5627 centimeter.
