4106 6294
988 588 1144 685 joa—

242 780 294 834 Pro
520 774 580 839 Die
602 774 695 839 Jovis
716 752 791 839 xli.
815 776 890 840 dicti
918 779 1038 843 mensis
1059 778 1150 842 Junii
1180 780 1438 864 comparentibus
1463 782 1496 843 in
1519 780 1637 845 iudicio
1660 800 1767 846 coram

208 862 328 930 capitulo.
366 880 449 943 dicto
473 879 601 943 domino
617 878 763 942 auditore
785 880 954 964 praedictis
974 882 1233 964 procuratoribus
1256 884 1437 947 substitutis
1467 885 1637 965 utriusque
1659 885 1766 968 partis,

366 983 442 1064 quia
464 983 568 1046 dictus
592 983 742 1065 magister
764 982 930 1066 Philippus
953 985 1079 1067 petebat
1108 1006 1229 1049 novum
1257 988 1427 1049 terminum
1453 988 1512 1050 sibi
1542 987 1610 1050 dari
1632 989 1671 1051 ad
1694 1007 1766 1072 pro·

363 1087 504 1150 bandum
519 1087 725 1170 exceptiones
741 1093 773 1150 et
795 1087 945 1152 articulos
964 1107 1039 1152 suos
1054 1089 1232 1173 praedictos
1254 1109 1408 1167 assereus,
1431 1111 1465 1154 so
1481 1092 1631 1174 petivisse
1647 1092 1765 1156 dictum

365 1192 537 1254 terminum
561 1191 638 1254 hora
659 1210 723 1272 qua
745 1191 948 1274 exceptiones
964 1212 1021 1256 seu
1037 1192 1188 1261 articulos
1208 1194 1293 1277 ipsos
1308 1194 1469 1278 produxit,
1492 1194 1567 1259 licet
1588 1214 1654 1258 non
1676 1215 1765 1279 repe·
1801 1202 1818 1253 o

364 1295 465 1359 riatur
491 1296 525 1358 in
555 1296 682 1378 scriptis
705 1294 808 1358 dictus
831 1295 980 1359 dominus
1003 1297 1130 1361 auditor
1150 1296 1405 1380 adprobandum
1429 1299 1633 1381 exceptiones
1655 1305 1688 1363 et
1718 1319 1767 1363 ar·

366 1399 480 1464 tioulos
496 1400 582 1483 ipsos
606 1418 663 1482 per
684 1404 788 1462 toturn
803 1418 873 1462 oras
890 1399 973 1463 dicto
991 1401 1139 1481 magistro
1157 1400 1303 1484 Philippo
1326 1402 1484 1484 praesenti
1508 1408 1540 1464 et
1561 1403 1683 1484 petenti
1705 1409 1767 1467 ter-

365 1504 489 1568 minum
513 1503 761 1587 peremptorium
784 1504 965 1586 assignavit.

520 1608 562 1671 Et
584 1608 690 1671 statim
713 1607 818 1671 dictrrs
841 1608 990 1690 magister
1013 1609 1178 1692 Philippus
1201 1611 1329 1673 nomine
1353 1629 1418 1691 quo
1441 1630 1539 1692 supra
1560 1610 1713 1692 produxit
1734 1612 1767 1673 in

366 1712 476 1775 eodem
500 1712 617 1775 iudicio
640 1712 680 1774 ad
703 1711 920 1794 probationem
952 1714 1107 1776 dictarum
1140 1715 1365 1797 exceptionum
1388 1719 1421 1777 et
1442 1715 1650 1778 articulorum
1671 1722 1767 1779 attes-
1805 1718 1838 1771 10

365 1816 503 1880 tationes
525 1816 655 1880 testium
677 1822 879 1899 receptorum
901 1835 998 1898 super
1019 1816 1104 1899 ipsis,
1136 1824 1167 1879 ct
1190 1817 1345 1898 quidquid
1369 1826 1476 1880 actum
1499 1825 1547 1881 est
1569 1826 1601 1882 ot
1623 1826 1766 1882 secutum

367 1940 386 1982 a
409 1919 460 1984 die
482 1925 514 1984 et
528 1920 607 1983 hora
630 1939 694 2001 qua
708 1919 890 1982 huiusmodi
905 1920 1055 1982 articulos
1071 1926 1103 1983 et
1126 1921 1330 2003 exceptiones
1345 1921 1506 2004 produxit
1523 1923 1606 1985 dicto
1624 1921 1767 2004 Vagnolo

366 2028 563 2107 protestante
589 2044 630 2087 ex
657 2023 801 2101 adverso,
831 2042 942 2086 omnes
965 2025 1169 2107 exceptiones
1178 2026 1198 2101 ¹)
1227 2044 1303 2087 suae
1333 2025 1431 2107 partis
1461 2025 1566 2088 salvas
1596 2044 1673 2101 esse,
1704 2032 1767 2088 tam

367 2133 479 2191 contra
499 2127 600 2191 dictos
623 2132 729 2207 testes,
759 2146 855 2208 quarn
882 2126 966 2190 diota
987 2128 1130 2211 ipsorum
1160 2134 1316 2191 ettotam
1348 2128 1544 2210 praedictum
1577 2148 1767 2211 processum.
1932 2192 1936 2197 .

522 2230 582 2295 Die
598 2231 734 2295 Veneris
757 2209 847 2294 xlii.
870 2231 989 2293 mensis
1003 2231 1103 2313 lunii,
1126 2233 1304 2314 praedictae
1325 2232 1508 2295 indictionis
1531 2233 1680 2315 magister
1695 2233 1768 2296 Phi·
1805 2238 1837 2287 12'1

366 2336 473 2421 lippus
495 2340 683 2420 procurator
704 2335 885 2418 praedictus
907 2336 1100 2399 constitutus
1122 2354 1228 2399 coram
1244 2338 1328 2399 dicto
1352 2336 1480 2399 domiuo
1503 2337 1656 2411 auditore,
1679 2355 1768 2419 prae·

367 2444 457 2504 sente
480 2439 564 2502 dicto
580 2438 725 2521 Vagnolo
741 2446 946 2520 procuratore
961 2439 1092 2503 alterius
1112 2441 1220 2522 partis,
1242 2439 1396 2523 produxit
1417 2440 1650 2522 infrascriptos
1673 2445 1769 2503 testes

367 2550 550 2628 praesentes
572 2543 606 2605 in
628 2542 718 2605 curia
740 2542 779 2604 ad
802 2541 1002 2624 probandum
1028 2544 1232 2625 exceptiones
1256 2549 1288 2607 et
1310 2544 1460 2607 articulos
1483 2562 1560 2605 suos
1582 2543 1768 2626 praedictos,

367 2654 479 2731 petens
500 2648 586 2730 ipsos
609 2652 707 2711 testes
728 2646 825 2728 recipi
848 2651 881 2710 et
895 2647 1071 2709 examinari
1094 2646 1261 2729 diligenter
1281 2667 1378 2731 super
1399 2645 1643 2730 exceptionibus
1665 2652 1698 2710 et
1719 2667 1768 2711 ar-

369 2751 475 2815 ticulis
497 2751 687 2829 memoratis,
711 2769 849 2831 quorum
872 2750 1002 2813 testium
1025 2751 1155 2813 nomina
1177 2751 1253 2814 haec
1275 2758 1358 2813 sunt
1803 2752 1839 2805 20

523 2853 722 2919 Venerabilis
736 2855 771 2916 iu
786 2853 910 2917 Christo
928 2860 1018 2938 pater
1032 2855 1180 2918 dominus
1196 2855 1361 2917 Emericus
1375 2856 1543 2938 episcopus
1556 2855 1769 2923 Varadiensis,

524 2958 676 3023 Nicolaus
698 2958 897 3041 praepositus
921 2958 1114 3037 Orodiensis

525 3061 696 3125 Mauritius
718 3060 874 3145 plebanus
896 3061 935 3124 de
959 3061 1060 3124 Cralro
1084 3068 1116 3125 et

525 3166 640 3230 Petrus
663 3170 770 3228 custos
793 3163 944 3228 ecclesiae
967 3164 1157 3229 colocensis.

525 3268 586 3345 Qui
610 3288 719 3332 omnes
742 3275 839 3331 testes
862 3276 995 3352 excepto
1020 3269 1102 3333 dicto
1126 3270 1253 3333 domino
1277 3314 1286 3332 .
1310 3315 1318 3331 .
1342 3271 1488 3353 episcopo
1508 3269 1693 3332 Varadiensi
1715 3270 1768 3332 oui
1803 3271 1837 3323 25

369 3374 409 3437 de
433 3374 597 3436 voluntate
620 3373 833 3456 procuratoris
853 3373 1021 3454 utriusque
1037 3374 1135 3455 partis
1150 3374 1364 3437 iuramentum
1388 3374 1555 3436 remissum
1578 3380 1626 3435 est
1648 3373 1769 3435 munna

370 3478 532 3561 dignitatis
555 3496 717 3559 personae,
747 3476 936 3539 iuraverunt
957 3477 997 3539 ad
1020 3484 1128 3541 sancta
1151 3477 1201 3540 dci
1224 3476 1397 3559 evangelia
1420 3497 1516 3560 super
1539 3476 1630 3539 dictis
1653 3496 1768 3560 excep-

370 3582 510 3645 tionibus
526 3600 583 3645 seu
600 3580 740 3643 articulis
756 3580 860 3643 dicere
876 3581 1050 3662 veritatem,
1070 3583 1199 3645 remotis
1216 3582 1297 3663 odio,
1321 3600 1436 3661 amore,
1459 3602 1560 3663 prece,
1575 3581 1723 3664 precibus
1738 3587 1771 3645 et

371 3687 491 3767 timore,
507 3690 673 3768 praesento
689 3683 926 3765 dictoVognolo
942 3692 974 3747 et
988 3690 1183 3767 protestante
1199 3705 1309 3747 omnes
1324 3705 1399 3747 suas
1415 3685 1625 3766 exceptiones,
1642 3686 1769 3749 nomine

371 3810 435 3871 quo
451 3809 547 3872 supra
562 3788 621 3851 sibi
644 3787 749 3850 salvas
771 3787 838 3850 lore
861 3794 971 3850 contra
986 3794 1084 3851 testes
1099 3788 1184 3872 ipsos
1200 3794 1232 3851 et
1254 3808 1364 3851 eorum
1388 3787 1471 3850 dicta
1493 3795 1525 3851 et
1540 3794 1651 3851 contra
1666 3794 1768 3852 toturn
1804 3788 1840 3841 30

371 3911 554 3976 processum
577 3892 783 3976 praedictum.
807 3892 862 3973 qui
886 3896 982 3953 testes
1006 3891 1120 3953 deinde
1143 3893 1327 3973 interrogati
1355 3892 1530 3967 seorsum²l
1554 3912 1665 3955 corum
1688 3893 1771 3956 dicta

372 3998 599 4080 deposuerunt,
622 3997 705 4059 siout
728 3996 861 4059 inferius
883 3994 1095 4058 continentur.

527 4099 726 4163 Venerabilis
741 4100 774 4161 in
791 4098 915 4162 Christo
931 4104 1021 4181 pater
1038 4099 1188 4161 domiuus
1202 4098 1368 4162 Emericus
1384 4099 1551 4181 episcopus
1567 4099 1771 4164 Varadiensis

372 4206 461 4270 testis
476 4206 690 4285 iuterrogatus
706 4203 874 4285 diligenter
896 4222 992 4286 super
1008 4203 1101 4265 dictis
1116 4202 1358 4285 exceptionibus
1380 4210 1412 4265 et
1433 4202 1575 4265 articulis
1591 4204 1673 4267 dixit
1687 4205 1770 4267 idem

371 4311 406 4373 in
428 4309 577 4372 omnibus
599 4315 631 4371 et
652 4327 710 4390 per
732 4307 846 4379 omnia,
869 4326 906 4370 ao
928 4307 967 4370 de
990 4306 1088 4369 verbo
1104 4306 1142 4369 ad
1169 4306 1310 4385 verbum,
1334 4305 1411 4367 nibil
1434 4306 1540 4369 addito
1564 4307 1614 4371 vel
1638 4314 1769 4377 nrumto,
1805 4311 1839 4361 35

372 4420 468 4497 prout
490 4413 567 4476 alias
589 4410 776 4476 testificatus
799 4417 966 4493 estsuper
988 4410 1073 4492 ipsis,
1098 4415 1133 4473 ut
1156 4410 1303 4492 superius
1326 4411 1516 4473 continetur.

527 4514 679 4580 Nicolaus
703 4514 901 4597 praepositus
924 4512 1108 4576 Orodiensis
1138 4515 1228 4578 testis
1250 4514 1463 4596 interrogatus
1486 4513 1653 4595 diligenter
1675 4534 1772 4598 super

373 4621 465 4684 dictis
487 4618 730 4702 exceptionibus
753 4625 785 4680 et
807 4616 948 4680 articulis
972 4616 1054 4680 dixit
1068 4617 1152 4681 idern
1175 4618 1208 4680 in
1232 4618 1379 4681 omnibus
1402 4625 1434 4680 et
1456 4636 1513 4701 per
1536 4618 1650 4700 omnia,
1672 4639 1710 4683 ac
1732 4620 1771 4683 de

373 4724 471 4789 verbo
494 4725 533 4787 ad
556 4722 690 4786 verbum
714 4720 791 4783 nihil
814 4720 921 4783 addito
945 4720 995 4784 vel
1019 4728 1150 4803 mumto,
1181 4728 1277 4805 prout
1298 4721 1374 4784 alias
1397 4721 1583 4784 testificatus
1605 4730 1772 4806 estsuper

373 4829 458 4913 ipsis,
482 4834 518 4891 ut
540 4826 688 4909 superius
710 4825 899 4888 continetur.
1806 4828 1841 4879 40

528 4930 698 4993 Mauritius
727 4928 882 5013 plebanus
912 4929 952 4991 de
981 4928 1082 4992 Cralro
1114 4929 1203 4991 testis
1233 4929 1447 5012 interrogatus
1477 4927 1645 5011 diligenter
1675 4949 1772 5013 super

373 5036 465 5099 dictis
488 5032 728 5117 exceptionibus
751 5038 784 5095 et
806 5031 946 5095 articulis
969 5031 1051 5094 dixit
1068 5032 1153 5095 idern
1176 5033 1209 5094 in
1232 5034 1380 5097 omnibus
1402 5039 1435 5097 et
1456 5051 1514 5115 per
1536 5032 1651 5113 omnia,
1674 5053 1710 5097 ac
1733 5034 1772 5097 de

375 5138 473 5203 verbo
497 5138 536 5200 ad
559 5135 694 5200 verbum
716 5136 795 5199 nihil
817 5135 924 5199 addito
948 5135 999 5199 vel
1022 5140 1153 5215 mutat0,
1181 5141 1277 5218 prout
1298 5137 1375 5200 alias
1398 5134 1584 5199 testificatus
1607 5142 1774 5219 estsuper

374 5242 461 5326 ipsis,
483 5248 521 5305 ut
542 5240 690 5324 superius
712 5241 902 5304 continetur.

532 5378 552 5443 ¹)
571 5376 700 5444 Hierasos
712 5375 878 5445 ptarmica:
895 5377 1029 5430 adversae.
1808 5370 1842 5423 45

531 5466 553 5532 ¹)
576 5462 661 5518 Ueber
678 5462 727 5517 der
745 5462 819 5517 Zeila
837 5462 1044 5533 mdnpetrapcn.
