4088 6292
989 602 1056 673 ‘lib

975 848 1069 932 264.

393 1032 499 1103 1293
525 1028 716 1103 November
748 1033 782 1101 7.
819 1030 937 1121 Kbeip
954 1029 1117 1102 Andreas
1144 1030 1222 1104 ΙΙΙ.
1252 1031 1514 1123 1111191111
1548 1029 1718 1103 Weissen-

317 1152 445 1244 barpcr
469 1152 615 1244 Kapitel
641 1152 707 1225 dea
724 1150 934 1241 Auseatbalt
959 1175 1025 1224 voa
1050 1152 1182 1243 11111119
1203 1152 1414 1225 Marsicam
1438 1150 1629 1224 chocben
1655 1153 1728 1241 aas

316 1274 382 1346 dea
408 1273 768 1365 Kopuettcsunmqen
795 1273 924 1366 Falesd
949 1275 1024 1345 aad
1049 1274 1167 1345 &aad

265 1439 282 1491 b
475 1437 640 1507 Bepioabiol
657 1453 711 1491 000
722 1437 845 1505 debona,
864 1438 1035 1506 Rebioobof
1047 1454 1100 1493 oon
1118 1437 1250 1506 Kaisesa,
1268 1438 1327 1492 aad
1340 1437 1479 1492 Gonoessa
1497 1442 1565 1494 1293
1583 1438 1625 1493 bie
1644 1441 1721 1508 1301,

425 1523 501 1593 Oria.
524 1523 628 1593 Uesper.
647 1523 857 1579 Landoscrcbie
874 1522 1027 1592 Budapest.

474 1644 586 1699 Druck:
607 1644 720 1699 Teatscb
737 1662 765 1699 a.
785 1644 946 1698 serenator
964 1642 1135 1700 81111111.
1154 1645 1258 1711 1185.
1283 1644 1392 1700 Wearel
1412 1645 1476 1700 Ood.
1494 1645 1603 1714 Arpad.
1626 1644 1658 1713 V,
1675 1648 1720 1700 81.

422 1730 607 1786 Deoausioaa
623 1731 791 1785 Documento
808 1736 869 1786 522.

470 1924 617 1988 Andreas
639 1924 690 1988 dei
712 1925 814 2008 gratia
827 1925 1021 2009 Hungariae,
1043 1924 1233 2007 Dalmaciae,
1256 1925 1413 2008 Graeciae,
1434 1924 1719 2009 Ramae‚Ser11iae,

248 2035 282 2090 10
318 2026 476 2109 Galliciae,
499 2027 714 2111 Lodomeriae,
737 2027 910 2093 Gumaniae
929 2028 1164 2112 Bulgariaeque
1186 2047 1245 2092 rex
1268 2029 1416 2095 omnibus
1432 2029 1549 2094 Christi
1570 2029 1720 2094 fidelibus

176 2205 189 2217 s
315 2138 500 2215 praesentes
522 2132 631 2196 literas
653 2132 844 2215 inspecturis
864 2132 1000 2197 sdutem
1022 2134 1057 2197 in
1079 2134 1191 2197 salutis
1213 2132 1371 2216 largitore.
1401 2130 1490 2197 Deus
1511 2134 1545 2196 in
1563 2133 1719 2218 ’1111110-

317 2235 476 2300 videntiae
498 2257 575 2301 suae
598 2236 728 2320 specula
743 2236 903 2320 sapienter
918 2236 1057 2321 dirigam
1081 2243 1114 2301 et
1129 2238 1270 2302 suaviter
1285 2237 1457 2319 disponens
1480 2238 1632 2323 universa
1645 2237 1720 2301 licet

316 2337 408 2402 nobis
431 2340 519 2422 regni
542 2341 736 2405 commiserit
757 2339 983 2424 gubernacula,
1006 2347 1112 2405 tamen
1134 2342 1168 2404 in
1190 2340 1332 2425 apicibus
1354 2339 1469 2423 regalis
1492 2341 1641 2404 culminis
1657 2341 1720 2405 ele·

315 2443 381 2506 vati
403 2443 505 2508 iustae
537 2445 724 2509 humilitatis
745 2445 847 2530 pretio
866 2445 1129 2509 inaestimabilem
1151 2446 1254 2509 vicem
1277 2445 1403 2509 divium
1425 2445 1545 2527 gratiae
1567 2443 1720 2508 debemus

248 2556 281 2607 15
316 2548 499 2629 promereri,
520 2547 554 2610 id
577 2554 683 2613 autem
706 2548 876 2612 efficaciter
898 2546 1116 2630 adimplemus,
1139 2548 1219 2611 siin
1242 2555 1384 2612 sanctam
1406 2554 1539 2611 matrem
1555 2548 1720 2612 ecclesiam

315 2648 554 2715 munificentem
576 2672 682 2716 ramos
704 2651 864 2735 longiores
887 2651 1092 2716 extendimus
1114 2656 1147 2714 et
1169 2669 1207 2715 ea
1229 2670 1312 2733 quae
1334 2652 1396 2736 ipsi
1417 2652 1470 2737 pia
1492 2651 1720 2717 deliberatione

316 2773 468 2818 concessa
489 2761 574 2839 sunt
603 2756 795 2821 inconvulsa
825 2774 1000 2820 servamus.
1037 2754 1085 2817 Ea
1109 2760 1240 2838 propter
1262 2755 1302 2818 ad
1324 2757 1552 2820 universorum
1574 2756 1720 2820 notitiam

315 2856 429 2922 harum
452 2860 533 2924 serie
555 2860 706 2924 volumus
728 2858 905 2944 pervenire,
929 2857 1016 2940 quod
1035 2878 1108 2922 cum
1132 2879 1191 2924 nos
1215 2860 1379 2923 constricti
1395 2860 1534 2944 suscepti
1556 2860 1720 2944 regiminis

316 2960 436 3025 aculeis
456 2961 563 3025 habito
594 2964 725 3028 consilio
749 2963 893 3027 omnium
915 2962 1072 3025 baronum
1102 2968 1285 3027 nostrorum
1315 2963 1481 3028 uobiscum
1511 2964 1721 3028 assidentium

245 3072 281 3127 20
317 3065 485 3129 universos
507 3065 621 3130 Olacos
640 3068 677 3129 iu
699 3066 955 3150 possessionibus
977 3064 1132 3129 nobilium
1155 3066 1208 3130 vel
1238 3067 1454 3148 quorumlibet
1475 3066 1611 3130 aliorum
1639 3067 1719 3130 resi-

315 3168 427 3233 dentes
449 3189 487 3233 ac
508 3169 674 3253 praedium
697 3176 843 3233 nostrum
865 3168 971 3252 regale
991 3168 1106 3234 Scekes
1121 3175 1281 3253 vocatum,
1304 3171 1540 3234 ordinassemus
1563 3171 1717 3251 revocari,

314 3273 423 3336 reduci
446 3279 478 3337 et
500 3274 596 3338 etiam
618 3274 773 3357 compelli,
804 3274 908 3338 redire
931 3275 1059 3355 inritos,
1089 3274 1116 3338 si
1139 3274 1220 3338 forte
1242 3281 1371 3339 nostrae
1398 3275 1433 3338 in
1460 3274 1519 3338 hac
1540 3279 1630 3357 parte
1652 3293 1718 3338 non

315 3377 555 3458 acquiescerent
577 3397 688 3462 parere
709 3378 852 3459 iussioni,
876 3379 953 3460 quia
975 3383 1080 3443 tamen
1100 3378 1193 3442 nobis
1216 3379 1359 3444 constitit
1373 3378 1537 3442 evidenter
1552 3377 1719 3441 dominum

315 3478 496 3544 ladislaum
532 3482 694 3563 quondam
728 3481 968 3545 serenissimum
999 3500 1108 3565 regem
1138 3482 1323 3565 Hungariae
1356 3482 1555 3545 caussinum
1589 3479 1719 3545 bamam

246 3591 280 3643 25
317 3590 461 3648 nostrum
492 3585 677 3668 patruelem,
707 3585 846 3668 capitulo
876 3585 1027 3649 Albensis
1056 3585 1208 3649 ecclesiae
1236 3585 1488 3667 Traussiluanae‚
1518 3584 1559 3648 ab
1587 3604 1720 3648 sucrum

314 3688 534 3752 remissionem
563 3694 766 3771 peccatorum
794 3690 977 3754 huiusmodi
1007 3689 1187 3753 donationis
1209 3688 1371 3753 beneficiis
1393 3689 1584 3770 excrevisse,
1615 3694 1651 3752 ut
1686 3689 1719 3751 in

315 3791 506 3873 quibusdam
530 3793 623 3857 terris
644 3792 746 3875 ipsius
775 3793 905 3876 capituli
931 3793 1049 3874 Fylesd
1072 3800 1104 3857 et
1125 3792 1222 3857 Enud
1243 3793 1373 3874 vocatis,
1396 3812 1415 3855 1
1437 3793 1530 3856 terris
1556 3793 1719 3876 episcopa-

314 3894 399 3959 libus
421 3895 579 3960 dmductis
602 3902 634 3959 et
656 3897 818 3980 separatis,
842 3898 1008 3980 sexaginta
1030 3898 1212 3961 mansiones
1236 3895 1406 3960 Olacorum
1428 3895 1528 3960 libere
1551 3899 1583 3960 et
1606 3915 1718 3960 secure

315 3998 444 4064 valeant
465 4001 663 4081 commorari,
695 3999 734 4063 ab
757 4000 909 4082 omnique
932 4000 1100 4065 exactione
1127 4019 1185 4064 seu
1207 3998 1340 4064 collecta
1360 4000 1459 4084 reguli
1481 3999 1602 4064 scilicet
1625 4001 1719 4082 quin-

245 4108 281 4163 30
317 4104 509 4186 quagesima,
525 4103 647 4168 decima
662 4103 714 4168 vel
730 4122 934 4185 quacumque
949 4103 1012 4167 alia
1026 4103 1120 4168 iidem
1135 4103 1223 4167 Olaci
1238 4109 1383 4167 extorres
1399 4103 1576 4167 habeantur
1590 4104 1719 4186 penitus

315 4210 347 4269 et
368 4206 537 4289 immunes,
558 4213 656 4291 prout
678 4208 755 4270 haec
779 4207 886 4270 omnia
906 4207 941 4269 in
963 4207 1064 4271 literis
1079 4207 1233 4292 praedicti
1248 4207 1331 4291 regis
1347 4205 1486 4270 Iadirlai
1509 4206 1627 4270 exinde
1643 4226 1719 4270 con·
1839 4231 1842 4235 ’

314 4309 405 4374 fectis
438 4315 471 4374 et
504 4311 599 4375 etiam
629 4310 747 4374 nostris
777 4309 1039 4375 confirmantibus
1068 4318 1212 4376 tenorem
1242 4311 1407 4375 literarum
1437 4311 1604 4374 memorati
1633 4310 1717 4393 regis

313 4412 453 4478 Iadizlai
482 4415 665 4499 plenissime
688 4413 827 4477 vidimus
853 4415 1018 4478 contineri.
1056 4414 1124 4479 Nos
1147 4415 1347 4479 attendentes
1369 4415 1451 4477 hanc
1474 4413 1678 4477 donationem
1701 4433 1720 4476 1

313 4519 455 4600 praefato
479 4538 553 4602 rege
575 4517 722 4582 Lodirlaa
741 4517 913 4581 salubriter
935 4535 1005 4581 esse
1027 4518 1153 4601 facum,
1175 4537 1250 4582 cum
1272 4518 1423 4582 ecclesiae
1444 4516 1593 4600 precibus
1614 4515 1715 4599 magis

245 4627 279 4679 35
315 4639 411 4701 quam
433 4621 572 4684 humano
595 4622 716 4685 auxilio
740 4628 887 4685 nostrum
908 4622 1078 4706 imperium
1100 4627 1238 4704 tueatur,
1262 4628 1294 4685 et
1316 4620 1355 4684 ob
1379 4622 1438 4684 hoc
1457 4620 1610 4704 praedicti
1632 4619 1716 4702 regis

313 4722 452 4787 Iadizlai
486 4725 628 4808 vestigiis
657 4726 692 4788 in
722 4726 780 4788 hac
809 4732 899 4809 parte
928 4726 1093 4790 inhaerere
1124 4726 1289 4809 cupientes
1319 4724 1524 4788 donationem
1554 4723 1720 4806 sexaginta

313 4828 516 4891 mansionum
540 4827 710 4892 Olacorum
742 4828 781 4892 ab
804 4830 915 4894 eodem
938 4829 1099 4912 praedicto
1127 4829 1266 4912 capitulo
1289 4827 1413 4909 iactam,
1443 4832 1544 4889 ratam
1566 4826 1720 4890 habemus

315 4938 347 4995 et
369 4938 530 5015 acceptam
561 4931 621 4997 sub
645 4950 682 4996 ea
703 4933 915 5015 immunitate,
947 4933 1093 4999 libertate
1115 4938 1149 4998 et
1170 4932 1379 5018 plenitudine,
1402 4949 1485 5013 quae
1507 4930 1655 5013 superius
1678 4929 1720 4993 si-

315 5035 448 5120 gillatim
478 5042 510 5100 et
539 5037 724 5119 expressius
750 5037 939 5121 explicatur,
970 5057 1105 5119 eamque
1128 5038 1317 5101 auctoritate
1339 5035 1441 5099 nostri
1462 5032 1621 5117 privilegii
1643 5052 1719 5096 con-

245 5147 281 5202 40
315 5139 487 5204 firmamus.
510 5139 606 5204 Unde
629 5140 780 5204 volumus
802 5145 835 5203 et
848 5140 1069 5223 praecipimus,
1094 5141 1181 5222 quod
1196 5141 1306 5204 nullus
1324 5138 1474 5203 collector
1488 5155 1547 5200 seu
1566 5140 1720 5204 executor

317 5244 431 5327 regalis
447 5243 587 5308 decimae
604 5264 662 5309 seu
685 5244 968 5328 quinquagesimae
983 5245 1035 5308 vel
1051 5245 1256 5308 collectarum
1272 5241 1488 5326 quarumlibet
1502 5260 1560 5325 pro
1576 5245 1718 5322 tempure

314 5348 508 5412 constitutus
532 5348 647 5411 Olacos
670 5348 771 5431 ipsius
794 5347 924 5431 capituli
950 5348 985 5410 in
1008 5348 1101 5411 terris
1124 5348 1191 5412 suis
1214 5346 1361 5429 superius
1383 5344 1620 5427 comprehensis
1642 5343 1720 5407 resi-

315 5450 426 5515 dentes
455 5470 561 5533 usque
588 5470 760 5515 numerum
783 5450 963 5536 praefixum
985 5451 1102 5515 audeat
1123 5450 1300 5532 molestare,
1330 5467 1390 5513 nec
1413 5447 1720 5531 quinquagesimam,

1567 5565 1616 5618 13·
