4084 6302
922 620 1077 718 *orp-

297 806 437 871 nendam
467 812 500 872 et
520 806 707 891 habendam,
736 808 781 872 ita
803 815 910 874 tamur
940 810 1036 893 quod,
1060 809 1137 892 quia
1161 809 1246 875 idem
1268 829 1375 876 comes
1400 810 1553 877 Nicolaus
1581 812 1617 876 in
1646 832 1698 878 ac·

298 910 470 993 quisitioue
499 917 532 975 et
560 912 779 996 redemptione
807 912 909 978 dictae
937 914 1147 998 possessionis
1179 913 1344 980 Gussubul
1365 915 1558 980 homullum
1584 915 1697 982 habuit

296 1014 438 1079 laborem
453 1020 486 1079 et
499 1015 716 1099 fatigationem
731 1013 883 1099 a[liquam
896 1016 939 1101 et]
956 1018 1164 1099 quantitatem
1179 1018 1334 1102 pecuniae
1349 1018 1431 1082 dixit
1445 1038 1480 1084 ae
1494 1020 1695 1104 expendisse,

297 1119 331 1180 in
354 1117 525 1200 aliqualem
553 1118 694 1203 ipsarum
723 1121 933 1204 pecuniarum
962 1121 1288 1205 recompensationem
1316 1121 1403 1187 idem
1431 1141 1538 1188 comes
1564 1122 1699 1189 Michael

245 1230 261 1280 5
299 1240 402 1303 usque
431 1222 472 1286 ad
501 1222 619 1287 festum
648 1223 731 1288 beati
757 1223 920 1289 Michaelis
949 1224 1129 1308 archangeli
1158 1226 1304 1308 proxime
1333 1230 1506 1291 venturum
1516 1225 1539 1305 1)
1568 1226 1699 1310 triginta

297 1326 377 1389 duas
399 1345 522 1390 marcas
544 1328 667 1409 argenti
689 1347 763 1391 cum
786 1328 916 1392 dimidia
936 1325 1099 1412 po[nden's
1121 1327 1295 1413 Budens]is
1317 1328 1442 1395 solvere
1462 1330 1625 1395 tenebitur
1645 1350 1699 1394 co·

297 1431 365 1494 miti
380 1429 512 1495 Nicolao
534 1437 609 1495 aute
630 1430 714 1495 dicto
736 1432 792 1496 tali
807 1432 989 1496 conditione
1005 1436 1110 1495 tamen
1129 1431 1304 1515 interiecta,
1327 1433 1415 1514 quod
1436 1433 1464 1498 si
1485 1434 1571 1499 idem
1591 1453 1698 1499 comes

296 1532 430 1598 Michael
460 1535 665 1618 praemissam
694 1555 850 1600 summam
873 1536 1028 1620 pecuniae
1049 1554 1155 1617 usque
1183 1535 1364 1619 praefixum
1393 1537 1566 1601 terminum
1594 1537 1698 1603 eidem

297 1638 405 1702 comiti
427 1637 559 1703 Nicolao
590 1639 715 1703 solvere
745 1659 811 1703 non
837 1647 964 1706 curaret
985 1641 1038 1705 rel
1059 1640 1166 1723 nollet,
1196 1659 1239 1705 ex
1267 1645 1346 1704 tuuc
1374 1640 1485 1705 eadem
1507 1637 1699 1722 dlirnidietas

230 1745 262 1800 10
298 1740 412 1826 dictale
434 1743 643 1825 possessionis
659 1742 824 1807 Gussubul
846 1743 909 1806 iam
931 1750 969 1808 ut
989 1744 1184 1828 praedicitur
1204 1743 1264 1807 sibi
1287 1743 1361 1807 data
1382 1748 1416 1809 et
1436 1744 1562 1809 conlata
1582 1745 1697 1810 iterato

297 1845 330 1907 in
346 1864 460 1909 manus
474 1847 599 1910 comitis
614 1845 737 1909 Nicolai
752 1846 942 1911 devolvetur
956 1852 1110 1931 perpetuo
1126 1847 1326 1931 possidenda,
1340 1866 1448 1931 neque
1461 1848 1598 1913 ulterius
1611 1848 1697 1913 idem

296 1967 402 2013 comes
416 1948 551 2013 Michael
573 1969 631 2033 pro
647 1950 732 2014 dicta
753 1949 952 2014 mutilatione
967 1968 1044 2014 suae
1063 1969 1178 2015 manus
1192 1951 1226 2013 iu
1241 1950 1359 2015 iudicio
1381 1947 1417 2034 ul
1574 1950 1697 2038 llium²l

296 2053 402 2136 ipsum
423 2054 570 2117 comitem
585 2052 752 2117 Nicolaum
775 2052 895 2118 valebit
909 2054 1086 2118 molestare.
1115 2053 1299 2118 Voluerunt
1313 2054 1441 2120 eaedem
1465 2056 1559 2121 etiam
1580 2062 1697 2141 partes,

297 2157 384 2239 quod
398 2157 432 2219 iu
447 2158 605 2221 territorio
621 2176 716 2242 saepe
737 2157 840 2221 dictae
862 2158 1071 2240 possessionis
1092 2158 1176 2221 idem
1199 2177 1306 2223 comes
1324 2158 1457 2224 Michael
1480 2159 1607 2224 nullum
1628 2178 1697 2224 mo-

229 2266 260 2318 15
294 2260 461 2325 leudinum
476 2260 641 2327 aedificare
656 2266 763 2345 posset
777 2258 899 2343 absque
918 2279 1077 2325 consensu
1100 2262 1224 2326 comitis
1239 2262 1362 2327 Nicolai
1377 2259 1583 2350 s[aepedicti]‚
1599 2268 1696 2350 prout

295 2364 372 2428 haec
395 2365 502 2428 omnia
522 2370 628 2448 partes
650 2364 830 2449 praedictae
852 2383 958 2428 coram
986 2363 1078 2428 nobis
1099 2364 1280 2430 retulerunt
1302 2367 1376 2431 riva
1398 2386 1486 2432 roos.
1519 2365 1638 2432 Datum
1662 2369 1696 2431 in

294 2466 404 2548 vigilia
424 2464 509 2531 beati
531 2465 681 2548 Mathyae
702 2466 847 2552 apostoli,
870 2487 955 2531 anuo
978 2468 1099 2531 domini
1121 2445 1162 2532 Nl.
1186 2447 1271 2533 006.
1295 2448 1440 2536 XXXX.
1462 2471 1573 2555 primo.

953 2815 1045 2900 565.

379 2993 705 3087 Wiascgrod1341
731 2997 838 3090 April
862 3002 920 3070 14.
949 2999 1067 3091 Kdaiy
1093 3001 1188 3073 Kcrl
1213 3000 1355 3074 verkibt
1378 2999 1498 3074 eomes
1525 3000 1696 3076 hlikoloaa

224 3131 260 3186 ao
294 3116 358 3187 dua
388 3116 461 3188 (iat
491 3116 699 3190 amiate.

455 3279 531 3352 cra.
541 3282 621 3352 rea.
639 3281 962 3352 squammeus
973 3282 1125 3353 Baaapat
1144 3283 1240 3355 seper,
1258 3286 1341 3354 aaa,
1358 3302 1419 3340 aar
1429 3286 1462 3339 a
1473 3286 1580 3341 aare
1594 3260 1696 3341 aaa

397 3366 454 3433 aas
466 3366 516 3421 der
533 3367 677 3422 Rllclracite
694 3368 883 3437 oufyadnlclct.

448 3487 561 3543 Druck.-
578 3488 760 3543 Malalbacbcr
777 3489 943 3559 Propromm
961 3493 1039 3560 1874,
1056 3495 1099 3547 29.

449 3664 517 3728 Nos
539 3662 679 3728 Karalus
702 3664 752 3728 dei
774 3664 876 3747 gratia
898 3685 956 3730 rex
971 3666 1157 3750 Hungariae
1180 3671 1291 3732 tenore
1305 3668 1522 3751 praesentium
1537 3667 1694 3752 significa·

224 3774 258 3825 25
294 3786 367 3830 mus
390 3766 508 3849 quibus
530 3766 661 3850 expedit
683 3767 852 3849 universis,
875 3769 961 3850 quod
985 3769 1172 3854 magnificus
1194 3773 1245 3834 vir
1265 3770 1400 3835 Thomas
1422 3770 1559 3834 vaivoda
1579 3769 1694 3834 Trans-

294 3869 438 3933 siluauus
461 3888 567 3933 comes
582 3870 622 3934 de
637 3870 750 3934 Zonulr
765 3890 880 3955 gerens
895 3871 1035 3937 officium
1058 3875 1229 3957 magisterii
1246 3874 1461 3939 tavernicatus
1476 3871 1577 3937 nostri
1590 3870 1693 3937 fidelis

292 3972 459 4056 proximus
489 3978 598 4038 noster
628 3993 701 4038 cum
732 3976 848 4039 comite
877 3974 1008 4040 Nicolao
1039 3975 1105 4041 filio
1127 3976 1257 4062 Lupreti
1294 3978 1334 4043 de
1356 3974 1461 4057 Dalya
1492 3975 1532 4040 ad
1566 3979 1693 4039 nostrae

293 4076 466 4140 maiestatis
488 4077 667 4140 accedendo
690 4078 902 4160 praesentiam
933 4076 1100 4145 fidelitates
1122 4085 1154 4144 et
1175 4079 1317 4146 fidelium
1347 4080 1551 4145 servitiorum
1581 4079 1694 4143 merita

293 4179 436 4243 eiusdem
459 4180 583 4244 comitis
605 4178 728 4244 Nicolai
749 4179 806 4243 lilii
827 4180 969 4265 Lupreti,
994 4200 1077 4264 quae
1098 4202 1155 4266 per
1184 4184 1320 4248 eundem
1344 4183 1492 4247 comitem
1522 4181 1692 4246 Nicolaum

223 4291 258 4345 30
293 4281 353 4346 sibi
375 4282 436 4366 ipsi
457 4281 592 4347 Thomas
615 4283 751 4347 vairoda
772 4282 805 4346 in
827 4302 965 4367 persona
985 4291 1114 4350 nostme
1136 4286 1308 4351 maiestatis
1330 4286 1475 4371 impensa
1496 4291 1529 4350 et
1550 4285 1693 4350 exhibita

292 4385 360 4450 fore
382 4387 519 4451 asseruit
539 4406 597 4471 per
619 4387 745 4470 singula
767 4407 900 4452 narrans
923 4393 956 4452 et
978 4388 1150 4472 declarans,
1164 4390 1397 4473 possessionem
1413 4387 1583 4471 Kyszybul
1598 4408 1692 4452 voea-

293 4494 358 4552 tam
381 4490 517 4554 interra
537 4490 761 4554 Traussiluaua
776 4490 810 4553 in
824 4489 889 4554 fine
909 4491 1047 4554 civitatis
1069 4498 1196 4556 nostrae
1219 4492 1321 4557 Sebus
1342 4494 1533 4557 existentem
1555 4492 1693 4556 habitam

294 4594 456 4674 quondam
467 4593 599 4678 Lupreti
620 4592 677 4657 filii
699 4594 882 4678 Hennengii
903 4593 962 4656 filii
983 4594 1090 4659 fratris
1104 4596 1205 4680 ipsius
1226 4595 1358 4680 Nicolai,
1373 4615 1470 4679 quem
1493 4596 1577 4660 idem
1592 4595 1693 4660 domi·

294 4715 357 4760 uus
378 4695 513 4761 Thomas
536 4697 673 4761 vaivoda
693 4698 728 4760 in
750 4696 878 4782 publico
900 4696 1066 4762 latrocinio
1089 4699 1316 4784 interemptum
1346 4699 1415 4765 fore
1445 4705 1478 4765 et
1509 4698 1571 4762 alia
1592 4698 1693 4763 multa

221 4809 256 4864 35
293 4797 487 4864 infidelitatis
517 4820 614 4885 opera
641 4801 753 4865 fechse
787 4800 924 4865 asseruit
945 4808 978 4866 et
1000 4800 1039 4866 ob
1063 4822 1192 4868 causam
1214 4803 1396 4867 huiusmodi
1419 4802 1537 4867 notorii
1552 4802 1693 4867 criminis

290 4903 434 4967 eiusdem
454 4904 689 4988 possessiouem
718 4904 852 4969 eandem
882 4905 922 4968 ad
952 4925 1067 4970 manus
1096 4926 1171 4971 suas
1200 4906 1380 4971 iudiciarias
1410 4907 1592 4971 devolutam
1623 4924 1692 4971 esse

290 5005 463 5070 declararit
484 5013 516 5072 et
542 5027 599 5092 per
627 5008 731 5093 ipsum
763 5009 911 5074 comitem
932 5009 1100 5074 Nicolaum
1131 5015 1294 5094 tamquam
1323 5011 1585 5096 propinquiorem
1615 5010 1692 5074 dicti

288 5108 419 5194 Lupreti
447 5108 505 5173 filii
534 5111 718 5197 Hennengii
746 5117 779 5176 et
808 5112 868 5176 sibi
897 5113 998 5197 magis
1027 5113 1182 5179 redimere
1212 5120 1441 5199 congruentem
1471 5102 1529 5198 pro
1560 5119 1691 5178 centum

290 5214 405 5279 marcis
421 5213 477 5279 lini
492 5216 615 5300 argenti
638 5217 678 5280 ad
701 5236 735 5281 se
757 5216 954 5302 redemptam
976 5216 1144 5300 fatebatur,
1166 5224 1235 5282 mm
1258 5237 1316 5303 pro
1332 5218 1524 5302 obsequiosa
1537 5217 1690 5283 fidelitate

219 5382 255 5438 ao
446 5385 698 5456 useaaoeao.

444 5472 914 5543 omar-rammam.
