<?xml version="1.0" encoding="UTF-8"?>
<!DOCTYPE html PUBLIC "-//W3C//DTD XHTML 1.0 Transitional//EN"
    "http://www.w3.org/TR/xhtml1/DTD/xhtml1-transitional.dtd">
<html xmlns="http://www.w3.org/1999/xhtml" xml:lang="en" lang="en">
 <head>
  <title>
</title>
<meta http-equiv="Content-Type" content="text/html;charset=utf-8" />
  <meta name='ocr-system' content='tesseract 3.04.00' />
  <meta name='ocr-capabilities' content='ocr_page ocr_carea ocr_par ocr_line ocrx_word'/>
</head>
<body>
  <div class='ocr_page' id='page_1' title='image "./urkundenbuchzur00mlgoog_0081.png"; bbox 0 0 4048 6284; ppageno 0'>
   <div class='ocr_carea' id='block_1_1' title="bbox 1000 621 1044 687">
    <p class='ocr_par' dir='ltr' id='par_1_1' title="bbox 1000 621 1044 687">
     <span class='ocr_line' id='line_1_1' title="bbox 1000 621 1044 687; baseline 0 0"><span class='ocrx_word' id='word_1_1' title='bbox 1000 621 1044 687; x_wconf 67' lang='lat'>44</span> 
     </span>
    </p>
   </div>
   <div class='ocr_carea' id='block_1_2' title="bbox 988 843 1054 927">
    <p class='ocr_par' dir='ltr' id='par_1_2' title="bbox 988 843 1054 927">
     <span class='ocr_line' id='line_1_2' title="bbox 988 843 1054 927; baseline 0.015 -1"><span class='ocrx_word' id='word_1_2' title='bbox 988 843 1054 927; x_wconf 81' lang='lat'>53.</span> 
     </span>
    </p>
   </div>
   <div class='ocr_carea' id='block_1_3' title="bbox 321 1023 1721 1237">
    <p class='ocr_par' dir='ltr' id='par_1_3' title="bbox 321 1023 1721 1237">
     <span class='ocr_line' id='line_1_3' title="bbox 399 1023 1721 1118; baseline -0.001 -22"><span class='ocrx_word' id='word_1_3' title='bbox 399 1023 488 1096; x_wconf 84' lang='lat' dir='ltr'>Rom</span> <span class='ocrx_word' id='word_1_4' title='bbox 505 1027 555 1096; x_wconf 80' lang='lat' dir='ltr'>im</span> <span class='ocrx_word' id='word_1_5' title='bbox 572 1024 729 1098; x_wconf 82' lang='lat' dir='ltr'>Lateran</span> <span class='ocrx_word' id='word_1_6' title='bbox 746 1029 853 1096; x_wconf 75' lang='lat'><em>1226</em></span> <span class='ocrx_word' id='word_1_7' title='bbox 870 1026 1030 1099; x_wconf 81' lang='lat' dir='ltr'>Februor</span> <span class='ocrx_word' id='word_1_8' title='bbox 1047 1030 1108 1096; x_wconf 90' lang='lat'>17.</span> <span class='ocrx_word' id='word_1_9' title='bbox 1136 1025 1246 1118; x_wconf 73' lang='lat' dir='ltr'>Papst</span> <span class='ocrx_word' id='word_1_10' title='bbox 1263 1024 1441 1098; x_wconf 83' lang='lat' dir='ltr'>Honorius</span> <span class='ocrx_word' id='word_1_11' title='bbox 1461 1024 1536 1095; x_wconf 90' lang='grc' dir='ltr'><em>ΙΙΙ.</em></span> <span class='ocrx_word' id='word_1_12' title='bbox 1563 1025 1721 1096; x_wconf 80' lang='lat' dir='ltr'>armabat</span> 
     </span>
     <span class='ocr_line' id='line_1_4' title="bbox 321 1144 1721 1237; baseline 0.002 -23"><span class='ocrx_word' id='word_1_13' title='bbox 321 1144 437 1237; x_wconf 78' lang='lat' dir='ltr'>Kdnip</span> <span class='ocrx_word' id='word_1_14' title='bbox 457 1146 616 1219; x_wconf 79' lang='lat' dir='ltr'><strong><em>Andreas</em></strong></span> <span class='ocrx_word' id='word_1_15' title='bbox 635 1145 701 1233; x_wconf 79' lang='lat'>11,</span> <span class='ocrx_word' id='word_1_16' title='bbox 730 1147 796 1218; x_wconf 83' lang='lat' dir='ltr'>dea</span> <span class='ocrx_word' id='word_1_17' title='bbox 822 1147 1003 1220; x_wconf 74' lang='lat' dir='ltr'><strong><em>deutschen</em></strong></span> <span class='ocrx_word' id='word_1_18' title='bbox 1026 1146 1142 1219; x_wconf 82' lang='lat' dir='ltr'>Orden</span> <span class='ocrx_word' id='word_1_19' title='bbox 1168 1150 1206 1218; x_wconf 79' lang='lat' dir='ltr'>ia</span> <span class='ocrx_word' id='word_1_20' title='bbox 1227 1149 1301 1219; x_wconf 83' lang='lat' dir='ltr'>sein</span> <span class='ocrx_word' id='word_1_21' title='bbox 1319 1145 1428 1217; x_wconf 76' lang='lat' dir='ltr'>Reicb</span> <span class='ocrx_word' id='word_1_22' title='bbox 1444 1146 1721 1234; x_wconf 74' lang='lat' dir='ltr'>aardebearusen</span> 
     </span>
    </p>
   </div>
   <div class='ocr_carea' id='block_1_4' title="bbox 321 1260 1508 1357">
    <p class='ocr_par' dir='ltr' id='par_1_4' title="bbox 321 1260 1508 1357">
     <span class='ocr_line' id='line_1_5' title="bbox 321 1260 1508 1357; baseline 0.001 -22"><span class='ocrx_word' id='word_1_23' title='bbox 321 1260 394 1336; x_wconf 79' lang='lat' dir='ltr'>aad</span> <span class='ocrx_word' id='word_1_24' title='bbox 418 1267 456 1338; x_wconf 83' lang='lat' dir='ltr'>in</span> <span class='ocrx_word' id='word_1_25' title='bbox 481 1269 598 1340; x_wconf 83' lang='lat' dir='ltr'>seinen</span> <span class='ocrx_word' id='word_1_26' title='bbox 617 1269 791 1357; x_wconf 77' lang='lat' dir='ltr'>sritberen</span> <span class='ocrx_word' id='word_1_27' title='bbox 817 1268 936 1341; x_wconf 78' lang='lat' dir='ltr'>Beeite</span> <span class='ocrx_word' id='word_1_28' title='bbox 961 1271 1010 1339; x_wconf 81' lang='lat' dir='ltr'>im</span> <span class='ocrx_word' id='word_1_29' title='bbox 1036 1269 1265 1341; x_wconf 76' lang='lat' dir='ltr'>Boreenlaad</span> <span class='ocrx_word' id='word_1_30' title='bbox 1289 1269 1508 1339; x_wconf 67' lang='lat' dir='ltr'>dneasetaen.</span> 
     </span>
    </p>
   </div>
   <div class='ocr_carea' id='block_1_5' title="bbox 477 1440 1771 1511">
    <p class='ocr_par' dir='ltr' id='par_1_5' title="bbox 477 1440 1771 1511">
     <span class='ocr_line' id='line_1_6' title="bbox 477 1440 1771 1511; baseline -0.004 -15"><span class='ocrx_word' id='word_1_31' title='bbox 477 1440 603 1511; x_wconf 62' lang='lat' dir='ltr'>&amp;pitter</span> <span class='ocrx_word' id='word_1_32' title='bbox 627 1441 835 1496; x_wconf 78' lang='lat' dir='ltr'>Vatilccniscbee</span> <span class='ocrx_word' id='word_1_33' title='bbox 852 1442 963 1495; x_wconf 73' lang='lat' dir='ltr'>Arelate.</span> <span class='ocrx_word' id='word_1_34' title='bbox 1755 1440 1771 1491; x_wconf 82' lang='lat'>5</span> 
     </span>
    </p>
   </div>
   <div class='ocr_carea' id='block_1_6' title="bbox 424 1561 1720 1717">
    <p class='ocr_par' dir='ltr' id='par_1_6' title="bbox 424 1561 1720 1717">
     <span class='ocr_line' id='line_1_7' title="bbox 476 1561 1720 1631; baseline -0.001 -15"><span class='ocrx_word' id='word_1_35' title='bbox 476 1561 586 1616; x_wconf 77' lang='lat' dir='ltr'>Druck:</span> <span class='ocrx_word' id='word_1_36' title='bbox 606 1562 692 1630; x_wconf 76' lang='lat' dir='ltr'>Fejtr</span> <span class='ocrx_word' id='word_1_37' title='bbox 706 1563 796 1618; x_wconf 71' lang='lat' dir='ltr'>Cedat</span> <span class='ocrx_word' id='word_1_38' title='bbox 814 1563 877 1629; x_wconf 87' lang='lat' dir='ltr'>III,</span> <span class='ocrx_word' id='word_1_39' title='bbox 894 1568 920 1631; x_wconf 82' lang='lat'>2,</span> <span class='ocrx_word' id='word_1_40' title='bbox 942 1567 981 1617; x_wconf 75' lang='lat'>74.</span> <span class='ocrx_word' id='word_1_41' title='bbox 1006 1562 1129 1617; x_wconf 82' lang='lat' dir='ltr'>Scballer</span> <span class='ocrx_word' id='word_1_42' title='bbox 1140 1562 1243 1617; x_wconf 73' lang='lat' dir='ltr'>Arabio</span> <span class='ocrx_word' id='word_1_43' title='bbox 1261 1562 1287 1627; x_wconf 92' lang='lat' dir='ltr'>I,</span> <span class='ocrx_word' id='word_1_44' title='bbox 1305 1566 1364 1616; x_wconf 82' lang='lat'><em>250.</em></span> <span class='ocrx_word' id='word_1_45' title='bbox 1388 1563 1500 1617; x_wconf 67' lang='lat' dir='ltr'>Tenmcb</span> <span class='ocrx_word' id='word_1_46' title='bbox 1518 1580 1545 1615; x_wconf 84' lang='lat' dir='ltr'>u.</span> <span class='ocrx_word' id='word_1_47' title='bbox 1559 1562 1720 1616; x_wconf 79' lang='lat' dir='ltr'>Firababer</span> 
     </span>
     <span class='ocr_line' id='line_1_8' title="bbox 424 1646 1620 1717; baseline -0.001 -15"><span class='ocrx_word' id='word_1_48' title='bbox 424 1646 496 1702; x_wconf 71' lang='lat' dir='ltr'>aab.</span> <span class='ocrx_word' id='word_1_49' title='bbox 519 1648 601 1704; x_wconf 77' lang='lat' dir='ltr'>urei.</span> <span class='ocrx_word' id='word_1_50' title='bbox 621 1649 646 1715; x_wconf 87' lang='lat' dir='ltr'>I,</span> <span class='ocrx_word' id='word_1_51' title='bbox 664 1653 707 1703; x_wconf 77' lang='lat'>33.</span> <span class='ocrx_word' id='word_1_52' title='bbox 736 1649 852 1703; x_wconf 73' lang='lat' dir='ltr'>ibatner</span> <span class='ocrx_word' id='word_1_53' title='bbox 869 1648 947 1702; x_wconf 82' lang='lat' dir='ltr'>Mon.</span> <span class='ocrx_word' id='word_1_54' title='bbox 966 1648 1062 1717; x_wconf 76' lang='lat' dir='ltr'>Hanp.</span> <span class='ocrx_word' id='word_1_55' title='bbox 1081 1649 1107 1715; x_wconf 87' lang='lat'>1,</span> <span class='ocrx_word' id='word_1_56' title='bbox 1125 1652 1167 1703; x_wconf 76' lang='lat'>64.</span> <span class='ocrx_word' id='word_1_57' title='bbox 1192 1648 1375 1702; x_wconf 79' lang='lat' dir='ltr'>Denausiana</span> <span class='ocrx_word' id='word_1_58' title='bbox 1393 1649 1561 1704; x_wconf 77' lang='lat' dir='ltr'>Documenta</span> <span class='ocrx_word' id='word_1_59' title='bbox 1578 1653 1620 1705; x_wconf 86' lang='lat'>96.</span> 
     </span>
    </p>
   </div>
   <div class='ocr_carea' id='block_1_7' title="bbox 477 1770 1032 1840">
    <p class='ocr_par' dir='ltr' id='par_1_7' title="bbox 477 1770 1032 1840">
     <span class='ocr_line' id='line_1_9' title="bbox 477 1770 1032 1840; baseline 0 -17"><span class='ocrx_word' id='word_1_60' title='bbox 477 1770 589 1840; x_wconf 74' lang='lat' dir='ltr'>Repest:</span> <span class='ocrx_word' id='word_1_61' title='bbox 608 1770 734 1824; x_wconf 79' lang='lat' dir='ltr'>Pcttltost</span> <span class='ocrx_word' id='word_1_62' title='bbox 753 1771 870 1840; x_wconf 74' lang='lat' dir='ltr'>Repeeta</span> <span class='ocrx_word' id='word_1_63' title='bbox 888 1770 942 1823; x_wconf 85' lang='lat' dir='ltr'>Nr.</span> <span class='ocrx_word' id='word_1_64' title='bbox 958 1773 1032 1823; x_wconf 82' lang='lat'><em>7531.</em></span> 
     </span>
    </p>
   </div>
   <div class='ocr_carea' id='block_1_8' title="bbox 313 1953 1790 5361">
    <p class='ocr_par' dir='ltr' id='par_1_8' title="bbox 313 1953 1790 5361">
     <span class='ocr_line' id='line_1_10' title="bbox 475 1953 1716 2038; baseline 0.001 -21"><span class='ocrx_word' id='word_1_65' title='bbox 475 1953 639 2018; x_wconf 89' lang='lat' dir='ltr'>Honorius</span> <span class='ocrx_word' id='word_1_66' title='bbox 661 1955 829 2038; x_wconf 88' lang='lat' dir='ltr'>episcopus</span> <span class='ocrx_word' id='word_1_67' title='bbox 852 2004 980 2018; x_wconf 92' lang='grc'><strong>.....</strong></span> <span class='ocrx_word' id='word_1_68' title='bbox 1003 1955 1164 2018; x_wconf 88' lang='lat' dir='ltr'>carissimo</span> <span class='ocrx_word' id='word_1_69' title='bbox 1194 1955 1229 2017; x_wconf 88' lang='lat' dir='ltr'>in</span> <span class='ocrx_word' id='word_1_70' title='bbox 1252 1955 1376 2019; x_wconf 83' lang='lat' dir='ltr'>Christo</span> <span class='ocrx_word' id='word_1_71' title='bbox 1407 1955 1471 2018; x_wconf 89' lang='lat' dir='ltr'>filio</span> <span class='ocrx_word' id='word_1_72' title='bbox 1495 1999 1504 2017; x_wconf 88' lang='lat'><strong>.</strong></span> <span class='ocrx_word' id='word_1_73' title='bbox 1528 1956 1567 2031; x_wconf 79' lang='lat' dir='ltr'>.¹l</span> <span class='ocrx_word' id='word_1_74' title='bbox 1601 1955 1716 2019; x_wconf 86' lang='lat' dir='ltr'>illustri</span> 
     </span>
     <span class='ocr_line' id='line_1_11' title="bbox 320 2056 1790 2141; baseline 0.002 -23"><span class='ocrx_word' id='word_1_75' title='bbox 320 2056 387 2139; x_wconf 87' lang='lat' dir='ltr'>regi</span> <span class='ocrx_word' id='word_1_76' title='bbox 417 2057 577 2141; x_wconf 86' lang='lat' dir='ltr'>Ungan&#39;ee</span> <span class='ocrx_word' id='word_1_77' title='bbox 606 2058 741 2123; x_wconf 88' lang='lat' dir='ltr'>salutem</span> <span class='ocrx_word' id='word_1_78' title='bbox 764 2108 891 2121; x_wconf 86' lang='grc'><strong>.....</strong></span> <span class='ocrx_word' id='word_1_79' title='bbox 915 2059 1004 2122; x_wconf 87' lang='lat' dir='ltr'>Sicut</span> <span class='ocrx_word' id='word_1_80' title='bbox 1032 2059 1194 2123; x_wconf 86' lang='lat' dir='ltr'>serenitati</span> <span class='ocrx_word' id='word_1_81' title='bbox 1225 2066 1299 2122; x_wconf 88' lang='lat' dir='ltr'>tuae</span> <span class='ocrx_word' id='word_1_82' title='bbox 1331 2059 1394 2122; x_wconf 90' lang='lat' dir='ltr'>iam</span> <span class='ocrx_word' id='word_1_83' title='bbox 1428 2059 1590 2122; x_wconf 83' lang='lat' dir='ltr'>multoties</span> <span class='ocrx_word' id='word_1_84' title='bbox 1620 2058 1720 2122; x_wconf 84' lang='lat' dir='ltr'>literis</span> <span class='ocrx_word' id='word_1_85' title='bbox 1757 2060 1790 2112; x_wconf 86' lang='lat'>10</span> 
     </span>
     <span class='ocr_line' id='line_1_12' title="bbox 319 2160 1719 2246; baseline 0.002 -24"><span class='ocrx_word' id='word_1_86' title='bbox 319 2161 438 2225; x_wconf 89' lang='lat' dir='ltr'>nostris</span> <span class='ocrx_word' id='word_1_87' title='bbox 459 2162 639 2226; x_wconf 80' lang='lat' dir='ltr'>insinuasse</span> <span class='ocrx_word' id='word_1_88' title='bbox 660 2163 839 2242; x_wconf 89' lang='lat' dir='ltr'>recolimus,</span> <span class='ocrx_word' id='word_1_89' title='bbox 861 2162 1012 2246; x_wconf 88' lang='lat' dir='ltr'>inspectis</span> <span class='ocrx_word' id='word_1_90' title='bbox 1033 2162 1208 2246; x_wconf 88' lang='lat' dir='ltr'>privilegiis</span> <span class='ocrx_word' id='word_1_91' title='bbox 1242 2163 1306 2226; x_wconf 89' lang='lat' dir='ltr'>tuis</span> <span class='ocrx_word' id='word_1_92' title='bbox 1327 2162 1450 2243; x_wconf 92' lang='lat' dir='ltr'>liquido</span> <span class='ocrx_word' id='word_1_93' title='bbox 1473 2160 1719 2241; x_wconf 68' lang='lat' dir='ltr'>continentibus</span> 
     </span>
     <span class='ocr_line' id='line_1_13' title="bbox 319 2264 1720 2330; baseline 0.001 -4"><span class='ocrx_word' id='word_1_94' title='bbox 319 2267 350 2326; x_wconf 90' lang='lat' dir='ltr'>te</span> <span class='ocrx_word' id='word_1_95' title='bbox 373 2268 491 2326; x_wconf 83' lang='lat' dir='ltr'>terram</span> <span class='ocrx_word' id='word_1_96' title='bbox 512 2264 598 2328; x_wconf 82' lang='lat' dir='ltr'>Bone</span> <span class='ocrx_word' id='word_1_97' title='bbox 620 2284 657 2327; x_wconf 89' lang='lat' dir='ltr'>ao</span> <span class='ocrx_word' id='word_1_98' title='bbox 686 2264 918 2329; x_wconf 87' lang='lat' dir='ltr'>ultramontes</span> <span class='ocrx_word' id='word_1_99' title='bbox 940 2267 1064 2329; x_wconf 84' lang='lat' dir='ltr'>nivium</span> <span class='ocrx_word' id='word_1_100' title='bbox 1087 2266 1211 2330; x_wconf 87' lang='lat' dir='ltr'>dilectis</span> <span class='ocrx_word' id='word_1_101' title='bbox 1231 2266 1305 2329; x_wconf 89' lang='lat' dir='ltr'>filiis</span> <span class='ocrx_word' id='word_1_102' title='bbox 1331 2266 1484 2329; x_wconf 80' lang='lat' dir='ltr'>iratribus</span> <span class='ocrx_word' id='word_1_103' title='bbox 1511 2266 1625 2330; x_wconf 89' lang='lat' dir='ltr'>domus</span> <span class='ocrx_word' id='word_1_104' title='bbox 1648 2266 1720 2328; x_wconf 90' lang='lat' dir='ltr'>hos-</span> 
     </span>
     <span class='ocr_line' id='line_1_14' title="bbox 320 2366 1719 2453; baseline 0.003 -24"><span class='ocrx_word' id='word_1_105' title='bbox 320 2366 425 2449; x_wconf 87' lang='lat' dir='ltr'>pitalis</span> <span class='ocrx_word' id='word_1_106' title='bbox 448 2375 576 2432; x_wconf 82' lang='lat' dir='ltr'>sanctae</span> <span class='ocrx_word' id='word_1_107' title='bbox 592 2368 711 2432; x_wconf 86' lang='lat' dir='ltr'>Mariae</span> <span class='ocrx_word' id='word_1_108' title='bbox 725 2368 993 2433; x_wconf 88' lang='lat' dir='ltr'>Theutonicorum</span> <span class='ocrx_word' id='word_1_109' title='bbox 1014 2371 1102 2453; x_wconf 86' lang='lat' dir='ltr'>regia</span> <span class='ocrx_word' id='word_1_110' title='bbox 1116 2369 1304 2434; x_wconf 85' lang='lat' dir='ltr'>liberalitate</span> <span class='ocrx_word' id='word_1_111' title='bbox 1321 2369 1464 2450; x_wconf 86' lang='lat' dir='ltr'>donasse,</span> <span class='ocrx_word' id='word_1_112' title='bbox 1489 2375 1605 2432; x_wconf 79' lang='lat' dir='ltr'>terram</span> <span class='ocrx_word' id='word_1_113' title='bbox 1619 2370 1719 2452; x_wconf 90' lang='lat' dir='ltr'>ipsam</span> 
     </span>
     <span class='ocr_line' id='line_1_15' title="bbox 320 2470 1720 2557; baseline 0.002 -24"><span class='ocrx_word' id='word_1_114' title='bbox 320 2470 361 2533; x_wconf 90' lang='lat' dir='ltr'>ad</span> <span class='ocrx_word' id='word_1_115' title='bbox 382 2491 513 2554; x_wconf 86' lang='lat' dir='ltr'>precum</span> <span class='ocrx_word' id='word_1_116' title='bbox 543 2478 671 2537; x_wconf 86' lang='lat' dir='ltr'>tuarum</span> <span class='ocrx_word' id='word_1_117' title='bbox 693 2474 877 2536; x_wconf 88' lang='lat' dir='ltr'>instantiam</span> <span class='ocrx_word' id='word_1_118' title='bbox 899 2474 960 2537; x_wconf 92' lang='lat' dir='ltr'>sub</span> <span class='ocrx_word' id='word_1_119' title='bbox 983 2473 1173 2557; x_wconf 88' lang='lat' dir='ltr'>apostolicae</span> <span class='ocrx_word' id='word_1_120' title='bbox 1196 2474 1280 2537; x_wconf 85' lang='lat' dir='ltr'>sedis</span> <span class='ocrx_word' id='word_1_121' title='bbox 1302 2474 1499 2556; x_wconf 83' lang='lat' dir='ltr'>protectione</span> <span class='ocrx_word' id='word_1_122' title='bbox 1522 2473 1720 2556; x_wconf 82' lang='lat' dir='ltr'>suscepimus</span> 
     </span>
     <span class='ocr_line' id='line_1_16' title="bbox 319 2575 1787 2660; baseline 0.001 -22"><span class='ocrx_word' id='word_1_123' title='bbox 319 2592 453 2656; x_wconf 87' lang='lat' dir='ltr'>eamque</span> <span class='ocrx_word' id='word_1_124' title='bbox 475 2575 620 2639; x_wconf 87' lang='lat' dir='ltr'>libertate</span> <span class='ocrx_word' id='word_1_125' title='bbox 643 2576 832 2639; x_wconf 84' lang='lat' dir='ltr'>donavimus</span> <span class='ocrx_word' id='word_1_126' title='bbox 855 2576 992 2659; x_wconf 90' lang='lat' dir='ltr'>speciali,</span> <span class='ocrx_word' id='word_1_127' title='bbox 1015 2578 1184 2641; x_wconf 84' lang='lat' dir='ltr'>statuendo</span> <span class='ocrx_word' id='word_1_128' title='bbox 1207 2596 1275 2641; x_wconf 93' lang='lat' dir='ltr'>eam</span> <span class='ocrx_word' id='word_1_129' title='bbox 1299 2576 1379 2640; x_wconf 90' lang='lat' dir='ltr'>nulli</span> <span class='ocrx_word' id='word_1_130' title='bbox 1403 2578 1464 2640; x_wconf 88' lang='lat' dir='ltr'>nisi</span> <span class='ocrx_word' id='word_1_131' title='bbox 1479 2577 1623 2640; x_wconf 85' lang='lat' dir='ltr'>Romano</span> <span class='ocrx_word' id='word_1_132' title='bbox 1639 2596 1718 2660; x_wconf 93' lang='lat' dir='ltr'>pon·</span> <span class='ocrx_word' id='word_1_133' title='bbox 1756 2580 1787 2631; x_wconf 80' lang='lat'>15</span> 
     </span>
     <span class='ocr_line' id='line_1_17' title="bbox 319 2676 1719 2764; baseline 0.003 -24"><span class='ocrx_word' id='word_1_134' title='bbox 319 2676 395 2740; x_wconf 89' lang='lat' dir='ltr'>tifioi</span> <span class='ocrx_word' id='word_1_135' title='bbox 417 2676 590 2761; x_wconf 87' lang='lat' dir='ltr'>subiacere,</span> <span class='ocrx_word' id='word_1_136' title='bbox 622 2685 781 2760; x_wconf 85' lang='lat' dir='ltr'>quatenus</span> <span class='ocrx_word' id='word_1_137' title='bbox 803 2679 914 2743; x_wconf 90' lang='lat' dir='ltr'>eadem</span> <span class='ocrx_word' id='word_1_138' title='bbox 943 2699 1001 2763; x_wconf 88' lang='lat' dir='ltr'>per</span> <span class='ocrx_word' id='word_1_139' title='bbox 1022 2681 1082 2743; x_wconf 94' lang='lat' dir='ltr'>hoc</span> <span class='ocrx_word' id='word_1_140' title='bbox 1104 2682 1226 2745; x_wconf 85' lang='lat' dir='ltr'>colonis</span> <span class='ocrx_word' id='word_1_141' title='bbox 1256 2682 1351 2745; x_wconf 89' lang='lat' dir='ltr'>citius</span> <span class='ocrx_word' id='word_1_142' title='bbox 1373 2681 1569 2764; x_wconf 87' lang='lat' dir='ltr'>impleretur,</span> <span class='ocrx_word' id='word_1_143' title='bbox 1591 2688 1624 2744; x_wconf 88' lang='lat' dir='ltr'>et</span> <span class='ocrx_word' id='word_1_144' title='bbox 1645 2686 1719 2744; x_wconf 89' lang='lat' dir='ltr'>tuae</span> 
     </span>
     <span class='ocr_line' id='line_1_18' title="bbox 319 2781 1720 2868; baseline 0.004 -25"><span class='ocrx_word' id='word_1_145' title='bbox 319 2782 389 2864; x_wconf 88' lang='lat' dir='ltr'>piae</span> <span class='ocrx_word' id='word_1_146' title='bbox 410 2781 587 2865; x_wconf 75' lang='lat' dir='ltr'>largitionis</span> <span class='ocrx_word' id='word_1_147' title='bbox 616 2783 764 2846; x_wconf 90' lang='lat' dir='ltr'>meritum</span> <span class='ocrx_word' id='word_1_148' title='bbox 796 2803 834 2847; x_wconf 89' lang='lat' dir='ltr'>eo</span> <span class='ocrx_word' id='word_1_149' title='bbox 866 2784 964 2847; x_wconf 90' lang='lat' dir='ltr'>ultius</span> <span class='ocrx_word' id='word_1_150' title='bbox 995 2791 1149 2867; x_wconf 80' lang='lat' dir='ltr'>surgeret,</span> <span class='ocrx_word' id='word_1_151' title='bbox 1181 2804 1245 2865; x_wconf 90' lang='lat' dir='ltr'>quo</span> <span class='ocrx_word' id='word_1_152' title='bbox 1275 2787 1366 2868; x_wconf 90' lang='lat' dir='ltr'>pium</span> <span class='ocrx_word' id='word_1_153' title='bbox 1388 2784 1624 2848; x_wconf 86' lang='lat' dir='ltr'>munificentiae</span> <span class='ocrx_word' id='word_1_154' title='bbox 1646 2790 1720 2848; x_wconf 87' lang='lat' dir='ltr'>tuae</span> 
     </span>
     <span class='ocr_line' id='line_1_19' title="bbox 319 2884 1719 2970; baseline 0.002 -22"><span class='ocrx_word' id='word_1_155' title='bbox 319 2884 439 2949; x_wconf 90' lang='lat' dir='ltr'>donum</span> <span class='ocrx_word' id='word_1_156' title='bbox 462 2892 565 2950; x_wconf 88' lang='lat' dir='ltr'>terrae</span> <span class='ocrx_word' id='word_1_157' title='bbox 587 2893 724 2969; x_wconf 87' lang='lat' dir='ltr'>sanctae,</span> <span class='ocrx_word' id='word_1_158' title='bbox 747 2888 840 2952; x_wconf 88' lang='lat' dir='ltr'>cuius</span> <span class='ocrx_word' id='word_1_159' title='bbox 863 2888 1024 2970; x_wconf 91' lang='lat' dir='ltr'>obsequiis</span> <span class='ocrx_word' id='word_1_160' title='bbox 1056 2888 1267 2952; x_wconf 72' lang='lat' dir='ltr'>nonnanes</span> <span class='ocrx_word' id='word_1_161' title='bbox 1290 2909 1324 2953; x_wconf 89' lang='lat' dir='ltr'>se</span> <span class='ocrx_word' id='word_1_162' title='bbox 1347 2890 1487 2953; x_wconf 88' lang='lat' dir='ltr'>totaliter</span> <span class='ocrx_word' id='word_1_163' title='bbox 1509 2890 1719 2969; x_wconf 83' lang='lat' dir='ltr'>devoverunt,</span> 
     </span>
     <span class='ocr_line' id='line_1_20' title="bbox 318 2987 1721 3076; baseline 0.003 -25"><span class='ocrx_word' id='word_1_164' title='bbox 318 2987 449 3053; x_wconf 82' lang='lat' dir='ltr'>uberius</span> <span class='ocrx_word' id='word_1_165' title='bbox 471 2991 662 3073; x_wconf 82' lang='lat' dir='ltr'>proveniret</span> <span class='ocrx_word' id='word_1_166' title='bbox 685 2990 809 3054; x_wconf 88' lang='lat' dir='ltr'>Deinde</span> <span class='ocrx_word' id='word_1_167' title='bbox 830 2998 904 3074; x_wconf 90' lang='lat' dir='ltr'>post</span> <span class='ocrx_word' id='word_1_168' title='bbox 924 2992 1042 3056; x_wconf 87' lang='lat' dir='ltr'>multas</span> <span class='ocrx_word' id='word_1_169' title='bbox 1065 2993 1253 3056; x_wconf 85' lang='lat' dir='ltr'>vexationes</span> <span class='ocrx_word' id='word_1_170' title='bbox 1276 2999 1308 3056; x_wconf 90' lang='lat' dir='ltr'>et</span> <span class='ocrx_word' id='word_1_171' title='bbox 1327 2993 1497 3073; x_wconf 71' lang='lat' dir='ltr'>molestiae,</span> <span class='ocrx_word' id='word_1_172' title='bbox 1522 3012 1602 3074; x_wconf 87' lang='lat' dir='ltr'>quas</span> <span class='ocrx_word' id='word_1_173' title='bbox 1625 3012 1721 3076; x_wconf 90' lang='lat' dir='ltr'>super</span> 
     </span>
     <span class='ocr_line' id='line_1_21' title="bbox 318 3093 1789 3179; baseline 0.003 -24"><span class='ocrx_word' id='word_1_174' title='bbox 318 3093 402 3157; x_wconf 89' lang='lat' dir='ltr'>diota</span> <span class='ocrx_word' id='word_1_175' title='bbox 424 3100 508 3158; x_wconf 88' lang='lat' dir='ltr'>terra</span> <span class='ocrx_word' id='word_1_176' title='bbox 535 3093 690 3159; x_wconf 87' lang='lat' dir='ltr'>dicebaris</span> <span class='ocrx_word' id='word_1_177' title='bbox 719 3094 797 3177; x_wconf 89' lang='lat' dir='ltr'>ipsis</span> <span class='ocrx_word' id='word_1_178' title='bbox 826 3095 979 3161; x_wconf 79' lang='lat' dir='ltr'>iratribus</span> <span class='ocrx_word' id='word_1_179' title='bbox 1007 3097 1173 3179; x_wconf 86' lang='lat' dir='ltr'>irrogasse,</span> <span class='ocrx_word' id='word_1_180' title='bbox 1196 3116 1293 3179; x_wconf 90' lang='lat' dir='ltr'>super</span> <span class='ocrx_word' id='word_1_181' title='bbox 1323 3097 1440 3178; x_wconf 90' lang='lat' dir='ltr'>quibus</span> <span class='ocrx_word' id='word_1_182' title='bbox 1471 3096 1527 3160; x_wconf 92' lang='lat' dir='ltr'>tibi</span> <span class='ocrx_word' id='word_1_183' title='bbox 1557 3096 1719 3160; x_wconf 88' lang='lat' dir='ltr'>multoties</span> <span class='ocrx_word' id='word_1_184' title='bbox 1755 3096 1789 3149; x_wconf 81' lang='lat'>20</span> 
     </span>
     <span class='ocr_line' id='line_1_22' title="bbox 318 3196 1719 3283; baseline 0.002 -25"><span class='ocrx_word' id='word_1_185' title='bbox 318 3196 493 3261; x_wconf 81' lang='lat' dir='ltr'>direximus</span> <span class='ocrx_word' id='word_1_186' title='bbox 523 3197 642 3281; x_wconf 84' lang='lat' dir='ltr'>scripta</span> <span class='ocrx_word' id='word_1_187' title='bbox 670 3203 787 3279; x_wconf 90' lang='lat' dir='ltr'>nostra,</span> <span class='ocrx_word' id='word_1_188' title='bbox 818 3203 850 3261; x_wconf 88' lang='lat' dir='ltr'>te</span> <span class='ocrx_word' id='word_1_189' title='bbox 881 3198 1009 3263; x_wconf 90' lang='lat' dir='ltr'>demum</span> <span class='ocrx_word' id='word_1_190' title='bbox 1039 3200 1157 3263; x_wconf 88' lang='lat' dir='ltr'>nostris</span> <span class='ocrx_word' id='word_1_191' title='bbox 1185 3199 1317 3263; x_wconf 90' lang='lat' dir='ltr'>auribus</span> <span class='ocrx_word' id='word_1_192' title='bbox 1349 3200 1524 3281; x_wconf 77' lang='lat' dir='ltr'>intimante,</span> <span class='ocrx_word' id='word_1_193' title='bbox 1549 3199 1635 3282; x_wconf 93' lang='lat' dir='ltr'>quod</span> <span class='ocrx_word' id='word_1_194' title='bbox 1658 3200 1719 3283; x_wconf 86' lang='lat' dir='ltr'>ipsi</span> 
     </span>
     <span class='ocr_line' id='line_1_23' title="bbox 317 3300 1718 3386; baseline 0.001 -22"><span class='ocrx_word' id='word_1_195' title='bbox 317 3300 431 3364; x_wconf 81' lang='lat' dir='ltr'>fratres</span> <span class='ocrx_word' id='word_1_196' title='bbox 452 3300 533 3365; x_wconf 88' lang='lat' dir='ltr'>lines</span> <span class='ocrx_word' id='word_1_197' title='bbox 561 3302 800 3384; x_wconf 83' lang='lat' dir='ltr'>possessionum</span> <span class='ocrx_word' id='word_1_198' title='bbox 823 3322 842 3366; x_wconf 94' lang='lat' dir='ltr'>a</span> <span class='ocrx_word' id='word_1_199' title='bbox 864 3308 895 3367; x_wconf 87' lang='lat' dir='ltr'>te</span> <span class='ocrx_word' id='word_1_200' title='bbox 918 3302 977 3367; x_wconf 89' lang='lat' dir='ltr'>sibi</span> <span class='ocrx_word' id='word_1_201' title='bbox 1007 3322 1231 3368; x_wconf 82' lang='lat' dir='ltr'>concessarum</span> <span class='ocrx_word' id='word_1_202' title='bbox 1258 3305 1386 3386; x_wconf 76' lang='lat' dir='ltr'>agressi,</span> <span class='ocrx_word' id='word_1_203' title='bbox 1410 3304 1564 3385; x_wconf 87' lang='lat' dir='ltr'>quasdam</span> <span class='ocrx_word' id='word_1_204' title='bbox 1587 3322 1630 3367; x_wconf 92' lang='lat' dir='ltr'>ex</span> <span class='ocrx_word' id='word_1_205' title='bbox 1653 3304 1718 3367; x_wconf 86' lang='lat' dir='ltr'>tuis</span> 
     </span>
     <span class='ocr_line' id='line_1_24' title="bbox 314 3405 1718 3491; baseline 0.001 -23"><span class='ocrx_word' id='word_1_206' title='bbox 314 3405 569 3489; x_wconf 88' lang='lat' dir='ltr'>possessionibus</span> <span class='ocrx_word' id='word_1_207' title='bbox 600 3412 802 3489; x_wconf 78' lang='lat' dir='ltr'>occuparant,</span> <span class='ocrx_word' id='word_1_208' title='bbox 834 3426 908 3470; x_wconf 89' lang='lat' dir='ltr'>eum</span> <span class='ocrx_word' id='word_1_209' title='bbox 938 3426 995 3491; x_wconf 88' lang='lat' dir='ltr'>per</span> <span class='ocrx_word' id='word_1_210' title='bbox 1024 3407 1132 3472; x_wconf 85' lang='lat' dir='ltr'>literas</span> <span class='ocrx_word' id='word_1_211' title='bbox 1160 3412 1286 3471; x_wconf 89' lang='lat' dir='ltr'>nostras</span> <span class='ocrx_word' id='word_1_212' title='bbox 1315 3407 1557 3471; x_wconf 87' lang='lat' dir='ltr'>mandassemus</span> <span class='ocrx_word' id='word_1_213' title='bbox 1588 3406 1718 3488; x_wconf 84' lang='lat' dir='ltr'>eisdem,</span> 
     </span>
     <span class='ocr_line' id='line_1_25' title="bbox 316 3510 1718 3594; baseline 0.001 -22"><span class='ocrx_word' id='word_1_214' title='bbox 316 3515 354 3573; x_wconf 88' lang='lat' dir='ltr'>ut</span> <span class='ocrx_word' id='word_1_215' title='bbox 374 3510 459 3593; x_wconf 85' lang='lat' dir='ltr'>ipsas</span> <span class='ocrx_word' id='word_1_216' title='bbox 481 3511 698 3594; x_wconf 87' lang='lat' dir='ltr'>possessiones</span> <span class='ocrx_word' id='word_1_217' title='bbox 721 3517 795 3573; x_wconf 87' lang='lat' dir='ltr'>tuae</span> <span class='ocrx_word' id='word_1_218' title='bbox 810 3510 991 3574; x_wconf 83' lang='lat' dir='ltr'>celsitudini</span> <span class='ocrx_word' id='word_1_219' title='bbox 1011 3512 1224 3592; x_wconf 88' lang='lat' dir='ltr'>restituerent,</span> <span class='ocrx_word' id='word_1_220' title='bbox 1248 3516 1280 3574; x_wconf 92' lang='lat' dir='ltr'>et</span> <span class='ocrx_word' id='word_1_221' title='bbox 1303 3510 1341 3574; x_wconf 92' lang='lat' dir='ltr'>ab</span> <span class='ocrx_word' id='word_1_222' title='bbox 1359 3510 1566 3594; x_wconf 82' lang='lat' dir='ltr'>occupatione</span> <span class='ocrx_word' id='word_1_223' title='bbox 1581 3511 1718 3574; x_wconf 87' lang='lat' dir='ltr'>aliorum</span> 
     </span>
     <span class='ocr_line' id='line_1_26' title="bbox 315 3612 1786 3697; baseline 0 -21"><span class='ocrx_word' id='word_1_224' title='bbox 315 3612 474 3676; x_wconf 90' lang='lat' dir='ltr'>bonorum</span> <span class='ocrx_word' id='word_1_225' title='bbox 497 3618 627 3677; x_wconf 88' lang='lat' dir='ltr'>tuorum</span> <span class='ocrx_word' id='word_1_226' title='bbox 649 3613 688 3677; x_wconf 92' lang='lat' dir='ltr'>de</span> <span class='ocrx_word' id='word_1_227' title='bbox 710 3619 815 3677; x_wconf 86' lang='lat' dir='ltr'>cetero</span> <span class='ocrx_word' id='word_1_228' title='bbox 839 3613 1043 3697; x_wconf 86' lang='lat' dir='ltr'>abstinerent,</span> <span class='ocrx_word' id='word_1_229' title='bbox 1066 3622 1111 3695; x_wconf 89' lang='lat' dir='ltr'>tu,</span> <span class='ocrx_word' id='word_1_230' title='bbox 1128 3615 1214 3696; x_wconf 93' lang='lat' dir='ltr'>quod</span> <span class='ocrx_word' id='word_1_231' title='bbox 1236 3614 1463 3697; x_wconf 85' lang='lat' dir='ltr'>intelleximus,</span> <span class='ocrx_word' id='word_1_232' title='bbox 1482 3614 1521 3676; x_wconf 87' lang='lat' dir='ltr'>de</span> <span class='ocrx_word' id='word_1_233' title='bbox 1543 3614 1717 3697; x_wconf 88' lang='lat' dir='ltr'>possessio·</span> <span class='ocrx_word' id='word_1_234' title='bbox 1753 3614 1786 3668; x_wconf 83' lang='lat'>25</span> 
     </span>
     <span class='ocr_line' id='line_1_27' title="bbox 316 3714 1719 3801; baseline 0.003 -24"><span class='ocrx_word' id='word_1_235' title='bbox 316 3715 412 3780; x_wconf 89' lang='lat' dir='ltr'>nibus</span> <span class='ocrx_word' id='word_1_236' title='bbox 427 3715 499 3797; x_wconf 90' lang='lat' dir='ltr'>illis,</span> <span class='ocrx_word' id='word_1_237' title='bbox 517 3735 598 3796; x_wconf 89' lang='lat' dir='ltr'>quas</span> <span class='ocrx_word' id='word_1_238' title='bbox 617 3714 804 3781; x_wconf 87' lang='lat' dir='ltr'>dicebantur</span> <span class='ocrx_word' id='word_1_239' title='bbox 819 3724 913 3782; x_wconf 88' lang='lat' dir='ltr'>extra</span> <span class='ocrx_word' id='word_1_240' title='bbox 926 3738 1150 3783; x_wconf 83' lang='lat' dir='ltr'>concessarum</span> <span class='ocrx_word' id='word_1_241' title='bbox 1170 3717 1230 3782; x_wconf 91' lang='lat' dir='ltr'>sibi</span> <span class='ocrx_word' id='word_1_242' title='bbox 1249 3718 1401 3782; x_wconf 88' lang='lat' dir='ltr'>terminos</span> <span class='ocrx_word' id='word_1_243' title='bbox 1417 3737 1597 3801; x_wconf 79' lang='lat' dir='ltr'>occupasse,</span> <span class='ocrx_word' id='word_1_244' title='bbox 1614 3718 1719 3781; x_wconf 85' lang='lat' dir='ltr'>nitens</span> 
     </span>
     <span class='ocr_line' id='line_1_28' title="bbox 315 3819 1719 3905; baseline 0.001 -22"><span class='ocrx_word' id='word_1_245' title='bbox 315 3826 502 3901; x_wconf 87' lang='lat' dir='ltr'>retorquere</span> <span class='ocrx_word' id='word_1_246' title='bbox 524 3819 564 3883; x_wconf 86' lang='lat' dir='ltr'>ad</span> <span class='ocrx_word' id='word_1_247' title='bbox 586 3819 665 3904; x_wconf 87' lang='lat' dir='ltr'>illas,</span> <span class='ocrx_word' id='word_1_248' title='bbox 696 3840 777 3903; x_wconf 86' lang='lat' dir='ltr'>quas</span> <span class='ocrx_word' id='word_1_249' title='bbox 799 3822 845 3885; x_wconf 89' lang='lat' dir='ltr'>eis</span> <span class='ocrx_word' id='word_1_250' title='bbox 863 3822 916 3905; x_wconf 94' lang='lat' dir='ltr'>pia</span> <span class='ocrx_word' id='word_1_251' title='bbox 940 3821 1127 3886; x_wconf 88' lang='lat' dir='ltr'>liberalitate</span> <span class='ocrx_word' id='word_1_252' title='bbox 1154 3822 1288 3904; x_wconf 90' lang='lat' dir='ltr'>donasti,</span> <span class='ocrx_word' id='word_1_253' title='bbox 1323 3826 1355 3885; x_wconf 90' lang='lat' dir='ltr'>et</span> <span class='ocrx_word' id='word_1_254' title='bbox 1383 3840 1473 3904; x_wconf 86' lang='lat' dir='ltr'>quae,</span> <span class='ocrx_word' id='word_1_255' title='bbox 1501 3829 1538 3885; x_wconf 88' lang='lat' dir='ltr'>ut</span> <span class='ocrx_word' id='word_1_256' title='bbox 1569 3821 1719 3903; x_wconf 85' lang='lat' dir='ltr'>diximus,</span> 
     </span>
     <span class='ocr_line' id='line_1_29' title="bbox 316 3923 1719 4010; baseline 0 -23"><span class='ocrx_word' id='word_1_257' title='bbox 316 3923 362 3987; x_wconf 87' lang='lat' dir='ltr'>eis</span> <span class='ocrx_word' id='word_1_258' title='bbox 385 3923 425 3986; x_wconf 89' lang='lat' dir='ltr'>ad</span> <span class='ocrx_word' id='word_1_259' title='bbox 439 3942 550 4007; x_wconf 85' lang='lat' dir='ltr'>preces</span> <span class='ocrx_word' id='word_1_260' title='bbox 566 3931 637 3987; x_wconf 85' lang='lat' dir='ltr'>tuas</span> <span class='ocrx_word' id='word_1_261' title='bbox 660 3931 736 3988; x_wconf 88' lang='lat' dir='ltr'>sunt</span> <span class='ocrx_word' id='word_1_262' title='bbox 758 3926 946 3990; x_wconf 88' lang='lat' dir='ltr'>auctoritate</span> <span class='ocrx_word' id='word_1_263' title='bbox 966 3925 1139 4009; x_wconf 87' lang='lat' dir='ltr'>apostolica</span> <span class='ocrx_word' id='word_1_264' title='bbox 1160 3924 1373 4007; x_wconf 85' lang='lat' dir='ltr'>confirmatae,</span> <span class='ocrx_word' id='word_1_265' title='bbox 1388 3926 1575 4010; x_wconf 89' lang='lat' dir='ltr'>praecepisti</span> <span class='ocrx_word' id='word_1_266' title='bbox 1591 3925 1719 4003; x_wconf 88' lang='lat' dir='ltr'>eisdem,</span> 
     </span>
     <span class='ocr_line' id='line_1_30' title="bbox 316 4028 1721 4113; baseline 0 -22"><span class='ocrx_word' id='word_1_267' title='bbox 316 4034 354 4091; x_wconf 91' lang='lat' dir='ltr'>ut</span> <span class='ocrx_word' id='word_1_268' title='bbox 376 4032 492 4091; x_wconf 77' lang='lat' dir='ltr'>terram</span> <span class='ocrx_word' id='word_1_269' title='bbox 516 4028 616 4111; x_wconf 90' lang='lat' dir='ltr'>ipsam</span> <span class='ocrx_word' id='word_1_270' title='bbox 640 4049 659 4091; x_wconf 90' lang='lat' dir='ltr'>a</span> <span class='ocrx_word' id='word_1_271' title='bbox 681 4034 721 4110; x_wconf 88' lang='lat' dir='ltr'>te,</span> <span class='ocrx_word' id='word_1_272' title='bbox 751 4035 849 4113; x_wconf 87' lang='lat' dir='ltr'>prout</span> <span class='ocrx_word' id='word_1_273' title='bbox 869 4030 932 4092; x_wconf 89' lang='lat' dir='ltr'>iam</span> <span class='ocrx_word' id='word_1_274' title='bbox 956 4030 1106 4111; x_wconf 88' lang='lat' dir='ltr'>diximus,</span> <span class='ocrx_word' id='word_1_275' title='bbox 1141 4029 1200 4093; x_wconf 92' lang='lat' dir='ltr'>sibi</span> <span class='ocrx_word' id='word_1_276' title='bbox 1223 4029 1375 4092; x_wconf 88' lang='lat' dir='ltr'>donatam</span> <span class='ocrx_word' id='word_1_277' title='bbox 1397 4029 1518 4092; x_wconf 91' lang='lat' dir='ltr'>intuitu</span> <span class='ocrx_word' id='word_1_278' title='bbox 1539 4028 1666 4111; x_wconf 84' lang='lat' dir='ltr'>pietatis</span> <span class='ocrx_word' id='word_1_279' title='bbox 1688 4035 1721 4092; x_wconf 90' lang='lat' dir='ltr'>et</span> 
     </span>
     <span class='ocr_line' id='line_1_31' title="bbox 317 4131 1788 4216; baseline 0.001 -23"><span class='ocrx_word' id='word_1_280' title='bbox 317 4151 336 4193; x_wconf 92' lang='lat' dir='ltr'>a</span> <span class='ocrx_word' id='word_1_281' title='bbox 356 4131 432 4196; x_wconf 89' lang='lat' dir='ltr'>sede</span> <span class='ocrx_word' id='word_1_282' title='bbox 455 4132 628 4214; x_wconf 87' lang='lat' dir='ltr'>apostolica</span> <span class='ocrx_word' id='word_1_283' title='bbox 642 4131 869 4215; x_wconf 86' lang='lat' dir='ltr'>confirmatam,</span> <span class='ocrx_word' id='word_1_284' title='bbox 885 4132 942 4197; x_wconf 90' lang='lat' dir='ltr'>tibi</span> <span class='ocrx_word' id='word_1_285' title='bbox 957 4134 1110 4198; x_wconf 91' lang='lat' dir='ltr'>continuo</span> <span class='ocrx_word' id='word_1_286' title='bbox 1126 4134 1333 4216; x_wconf 82' lang='lat' dir='ltr'>resignarent,</span> <span class='ocrx_word' id='word_1_287' title='bbox 1349 4133 1395 4195; x_wconf 92' lang='lat' dir='ltr'>eis</span> <span class='ocrx_word' id='word_1_288' title='bbox 1417 4133 1478 4195; x_wconf 89' lang='lat' dir='ltr'>nisi</span> <span class='ocrx_word' id='word_1_289' title='bbox 1495 4138 1568 4195; x_wconf 88' lang='lat' dir='ltr'>tuae</span> <span class='ocrx_word' id='word_1_290' title='bbox 1583 4131 1717 4196; x_wconf 87' lang='lat' dir='ltr'>iussioni</span> <span class='ocrx_word' id='word_1_291' title='bbox 1753 4134 1788 4187; x_wconf 83' lang='lat'>30</span> 
     </span>
     <span class='ocr_line' id='line_1_32' title="bbox 315 4236 1718 4320; baseline 0 -21"><span class='ocrx_word' id='word_1_292' title='bbox 315 4243 464 4319; x_wconf 88' lang='lat' dir='ltr'>parerent</span> <span class='ocrx_word' id='word_1_293' title='bbox 485 4238 595 4320; x_wconf 81' lang='lat' dir='ltr'>gravia</span> <span class='ocrx_word' id='word_1_294' title='bbox 623 4237 854 4301; x_wconf 88' lang='lat' dir='ltr'>comminando.</span> <span class='ocrx_word' id='word_1_295' title='bbox 892 4236 964 4300; x_wconf 87' lang='lat' dir='ltr'>Hils</span> <span class='ocrx_word' id='word_1_296' title='bbox 991 4237 1100 4319; x_wconf 88' lang='lat' dir='ltr'>itaque</span> <span class='ocrx_word' id='word_1_297' title='bbox 1122 4238 1163 4301; x_wconf 90' lang='lat' dir='ltr'>ad</span> <span class='ocrx_word' id='word_1_298' title='bbox 1185 4237 1377 4300; x_wconf 87' lang='lat' dir='ltr'>audientiam</span> <span class='ocrx_word' id='word_1_299' title='bbox 1411 4244 1553 4299; x_wconf 86' lang='lat' dir='ltr'>nostram</span> <span class='ocrx_word' id='word_1_300' title='bbox 1576 4236 1718 4319; x_wconf 89' lang='lat' dir='ltr'>ipsorum</span> 
     </span>
     <span class='ocr_line' id='line_1_33' title="bbox 315 4339 1718 4425; baseline 0 -23"><span class='ocrx_word' id='word_1_301' title='bbox 315 4340 450 4403; x_wconf 69' lang='lat' dir='ltr'>nanum</span> <span class='ocrx_word' id='word_1_302' title='bbox 471 4340 687 4405; x_wconf 87' lang='lat' dir='ltr'>insinuatione</span> <span class='ocrx_word' id='word_1_303' title='bbox 715 4341 855 4425; x_wconf 76' lang='lat' dir='ltr'>perlatiS,</span> <span class='ocrx_word' id='word_1_304' title='bbox 885 4359 945 4404; x_wconf 92' lang='lat' dir='ltr'>nos</span> <span class='ocrx_word' id='word_1_305' title='bbox 974 4340 1088 4403; x_wconf 89' lang='lat' dir='ltr'>honori</span> <span class='ocrx_word' id='word_1_306' title='bbox 1116 4348 1149 4404; x_wconf 89' lang='lat' dir='ltr'>et</span> <span class='ocrx_word' id='word_1_307' title='bbox 1179 4340 1273 4404; x_wconf 88' lang='lat' dir='ltr'>saluti</span> <span class='ocrx_word' id='word_1_308' title='bbox 1303 4347 1378 4404; x_wconf 85' lang='lat' dir='ltr'>tuae</span> <span class='ocrx_word' id='word_1_309' title='bbox 1408 4340 1529 4403; x_wconf 84' lang='lat' dir='ltr'>aeluri</span> <span class='ocrx_word' id='word_1_310' title='bbox 1560 4339 1718 4403; x_wconf 89' lang='lat' dir='ltr'>dictorum</span> 
     </span>
     <span class='ocr_line' id='line_1_34' title="bbox 316 4443 1718 4527; baseline -0.001 -20"><span class='ocrx_word' id='word_1_311' title='bbox 316 4443 452 4507; x_wconf 78' lang='lat' dir='ltr'>fratrum</span> <span class='ocrx_word' id='word_1_312' title='bbox 478 4443 633 4525; x_wconf 77' lang='lat' dir='ltr'>volentes,</span> <span class='ocrx_word' id='word_1_313' title='bbox 663 4450 760 4527; x_wconf 88' lang='lat' dir='ltr'>prout</span> <span class='ocrx_word' id='word_1_314' title='bbox 790 4443 830 4507; x_wconf 86' lang='lat' dir='ltr'>ad</span> <span class='ocrx_word' id='word_1_315' title='bbox 860 4449 1007 4507; x_wconf 90' lang='lat' dir='ltr'>nostrum</span> <span class='ocrx_word' id='word_1_316' title='bbox 1037 4449 1160 4527; x_wconf 87' lang='lat' dir='ltr'>spectat</span> <span class='ocrx_word' id='word_1_317' title='bbox 1188 4443 1337 4526; x_wconf 86' lang='lat' dir='ltr'>officium,</span> <span class='ocrx_word' id='word_1_318' title='bbox 1371 4445 1548 4527; x_wconf 86' lang='lat' dir='ltr'>providere,</span> <span class='ocrx_word' id='word_1_319' title='bbox 1583 4445 1718 4507; x_wconf 76' lang='lat' dir='ltr'>cucum-</span> 
     </span>
     <span class='ocr_line' id='line_1_35' title="bbox 317 4547 1717 4632; baseline -0.002 -20"><span class='ocrx_word' id='word_1_320' title='bbox 317 4549 512 4632; x_wconf 88' lang='lat' dir='ltr'>spectionem</span> <span class='ocrx_word' id='word_1_321' title='bbox 535 4555 623 4612; x_wconf 86' lang='lat' dir='ltr'>tuam</span> <span class='ocrx_word' id='word_1_322' title='bbox 645 4567 702 4632; x_wconf 91' lang='lat' dir='ltr'>per</span> <span class='ocrx_word' id='word_1_323' title='bbox 724 4548 832 4613; x_wconf 88' lang='lat' dir='ltr'>literas</span> <span class='ocrx_word' id='word_1_324' title='bbox 854 4553 980 4612; x_wconf 88' lang='lat' dir='ltr'>nostras</span> <span class='ocrx_word' id='word_1_325' title='bbox 1002 4567 1133 4612; x_wconf 87' lang='lat' dir='ltr'>mouere</span> <span class='ocrx_word' id='word_1_326' title='bbox 1148 4568 1185 4612; x_wconf 87' lang='lat' dir='ltr'>ac</span> <span class='ocrx_word' id='word_1_327' title='bbox 1200 4549 1319 4612; x_wconf 86' lang='lat' dir='ltr'>hortari</span> <span class='ocrx_word' id='word_1_328' title='bbox 1342 4548 1524 4612; x_wconf 88' lang='lat' dir='ltr'>studuimus</span> <span class='ocrx_word' id='word_1_329' title='bbox 1540 4547 1717 4630; x_wconf 86' lang='lat' dir='ltr'>diligenter,</span> 
     </span>
     <span class='ocr_line' id='line_1_36' title="bbox 315 4651 1787 4736; baseline -0.002 -20"><span class='ocrx_word' id='word_1_330' title='bbox 315 4658 353 4716; x_wconf 91' lang='lat' dir='ltr'>ut</span> <span class='ocrx_word' id='word_1_331' title='bbox 381 4652 555 4735; x_wconf 91' lang='lat' dir='ltr'>prudenter</span> <span class='ocrx_word' id='word_1_332' title='bbox 585 4652 761 4733; x_wconf 88' lang='lat' dir='ltr'>attendens,</span> <span class='ocrx_word' id='word_1_333' title='bbox 793 4652 880 4734; x_wconf 91' lang='lat' dir='ltr'>quod</span> <span class='ocrx_word' id='word_1_334' title='bbox 909 4652 988 4715; x_wconf 90' lang='lat' dir='ltr'>nihil</span> <span class='ocrx_word' id='word_1_335' title='bbox 1017 4653 1050 4714; x_wconf 91' lang='lat' dir='ltr'>in</span> <span class='ocrx_word' id='word_1_336' title='bbox 1075 4658 1145 4715; x_wconf 85' lang='lat' dir='ltr'>tuto</span> <span class='ocrx_word' id='word_1_337' title='bbox 1168 4652 1341 4735; x_wconf 87' lang='lat' dir='ltr'>reponitur,</span> <span class='ocrx_word' id='word_1_338' title='bbox 1374 4652 1434 4716; x_wconf 89' lang='lat' dir='ltr'>nisi</span> <span class='ocrx_word' id='word_1_339' title='bbox 1458 4652 1545 4734; x_wconf 91' lang='lat' dir='ltr'>quod</span> <span class='ocrx_word' id='word_1_340' title='bbox 1566 4652 1619 4736; x_wconf 89' lang='lat' dir='ltr'>pia</span> <span class='ocrx_word' id='word_1_341' title='bbox 1640 4651 1718 4714; x_wconf 90' lang='lat' dir='ltr'>libe-</span> <span class='ocrx_word' id='word_1_342' title='bbox 1753 4652 1787 4705; x_wconf 80' lang='lat'>35</span> 
     </span>
     <span class='ocr_line' id='line_1_37' title="bbox 314 4755 1716 4839; baseline -0.001 -19"><span class='ocrx_word' id='word_1_343' title='bbox 314 4756 438 4820; x_wconf 85' lang='lat' dir='ltr'>ralitate</span> <span class='ocrx_word' id='word_1_344' title='bbox 461 4757 607 4837; x_wconf 86' lang='lat' dir='ltr'>donatur,</span> <span class='ocrx_word' id='word_1_345' title='bbox 637 4777 674 4819; x_wconf 87' lang='lat' dir='ltr'>ac</span> <span class='ocrx_word' id='word_1_346' title='bbox 702 4756 861 4839; x_wconf 80' lang='lat' dir='ltr'>praelatas</span> <span class='ocrx_word' id='word_1_347' title='bbox 890 4755 999 4820; x_wconf 87' lang='lat' dir='ltr'>literas</span> <span class='ocrx_word' id='word_1_348' title='bbox 1030 4760 1154 4819; x_wconf 82' lang='lat' dir='ltr'>nostras</span> <span class='ocrx_word' id='word_1_349' title='bbox 1177 4756 1354 4819; x_wconf 88' lang='lat' dir='ltr'>secundum</span> <span class='ocrx_word' id='word_1_350' title='bbox 1382 4776 1495 4820; x_wconf 87' lang='lat' dir='ltr'>sanum</span> <span class='ocrx_word' id='word_1_351' title='bbox 1519 4756 1716 4820; x_wconf 85' lang='lat' dir='ltr'>intellectum</span> 
     </span>
     <span class='ocr_line' id='line_1_38' title="bbox 316 4860 1719 4945; baseline -0.001 -22"><span class='ocrx_word' id='word_1_352' title='bbox 316 4862 463 4945; x_wconf 91' lang='lat' dir='ltr'>superius</span> <span class='ocrx_word' id='word_1_353' title='bbox 494 4879 683 4943; x_wconf 88' lang='lat' dir='ltr'>expressum</span> <span class='ocrx_word' id='word_1_354' title='bbox 710 4860 877 4943; x_wconf 86' lang='lat' dir='ltr'>accipiens,</span> <span class='ocrx_word' id='word_1_355' title='bbox 900 4861 1002 4923; x_wconf 90' lang='lat' dir='ltr'>dictos</span> <span class='ocrx_word' id='word_1_356' title='bbox 1024 4861 1138 4924; x_wconf 74' lang='lat' dir='ltr'>batres</span> <span class='ocrx_word' id='word_1_357' title='bbox 1168 4878 1234 4922; x_wconf 90' lang='lat' dir='ltr'>non</span> <span class='ocrx_word' id='word_1_358' title='bbox 1256 4860 1442 4924; x_wconf 87' lang='lat' dir='ltr'>molestares</span> <span class='ocrx_word' id='word_1_359' title='bbox 1465 4860 1600 4923; x_wconf 88' lang='lat' dir='ltr'>ulterius</span> <span class='ocrx_word' id='word_1_360' title='bbox 1622 4878 1719 4943; x_wconf 89' lang='lat' dir='ltr'>super</span> 
     </span>
     <span class='ocr_line' id='line_1_39' title="bbox 313 4963 1718 5047; baseline -0.001 -19"><span class='ocrx_word' id='word_1_361' title='bbox 313 4972 398 5028; x_wconf 88' lang='lat' dir='ltr'>terra</span> <span class='ocrx_word' id='word_1_362' title='bbox 420 4964 480 5028; x_wconf 90' lang='lat' dir='ltr'>sibi</span> <span class='ocrx_word' id='word_1_363' title='bbox 502 4984 522 5027; x_wconf 89' lang='lat' dir='ltr'>a</span> <span class='ocrx_word' id='word_1_364' title='bbox 544 4971 575 5028; x_wconf 90' lang='lat' dir='ltr'>te</span> <span class='ocrx_word' id='word_1_365' title='bbox 597 4965 651 5047; x_wconf 89' lang='lat' dir='ltr'>pia</span> <span class='ocrx_word' id='word_1_366' title='bbox 672 4963 859 5029; x_wconf 85' lang='lat' dir='ltr'>liberalitate</span> <span class='ocrx_word' id='word_1_367' title='bbox 882 4965 1008 5047; x_wconf 89' lang='lat' dir='ltr'>donata,</span> <span class='ocrx_word' id='word_1_368' title='bbox 1039 4965 1095 5027; x_wconf 88' lang='lat' dir='ltr'>sed</span> <span class='ocrx_word' id='word_1_369' title='bbox 1121 4983 1190 5028; x_wconf 89' lang='lat' dir='ltr'>eam</span> <span class='ocrx_word' id='word_1_370' title='bbox 1220 4963 1350 5047; x_wconf 84' lang='lat' dir='ltr'>pacifice</span> <span class='ocrx_word' id='word_1_371' title='bbox 1373 4964 1433 5028; x_wconf 89' lang='lat' dir='ltr'>sibi</span> <span class='ocrx_word' id='word_1_372' title='bbox 1465 4965 1647 5028; x_wconf 85' lang='lat' dir='ltr'>demitteres</span> <span class='ocrx_word' id='word_1_373' title='bbox 1669 4983 1718 5027; x_wconf 90' lang='lat' dir='ltr'>se·</span> 
     </span>
     <span class='ocr_line' id='line_1_40' title="bbox 315 5068 1719 5152; baseline 0 -21"><span class='ocrx_word' id='word_1_374' title='bbox 315 5069 458 5132; x_wconf 87' lang='lat' dir='ltr'>cundum</span> <span class='ocrx_word' id='word_1_375' title='bbox 487 5068 603 5132; x_wconf 89' lang='lat' dir='ltr'>limites</span> <span class='ocrx_word' id='word_1_376' title='bbox 633 5068 667 5130; x_wconf 92' lang='lat' dir='ltr'>in</span> <span class='ocrx_word' id='word_1_377' title='bbox 697 5068 863 5152; x_wconf 84' lang='lat' dir='ltr'>privilegio</span> <span class='ocrx_word' id='word_1_378' title='bbox 894 5075 968 5132; x_wconf 88' lang='lat' dir='ltr'>tuae</span> <span class='ocrx_word' id='word_1_379' title='bbox 999 5069 1187 5131; x_wconf 91' lang='lat' dir='ltr'>donationis.</span> <span class='ocrx_word' id='word_1_380' title='bbox 1209 5087 1387 5150; x_wconf 85' lang='lat' dir='ltr'>expressos,</span> <span class='ocrx_word' id='word_1_381' title='bbox 1422 5088 1459 5132; x_wconf 87' lang='lat' dir='ltr'>ao</span> <span class='ocrx_word' id='word_1_382' title='bbox 1491 5068 1638 5132; x_wconf 87' lang='lat' dir='ltr'>restituto</span> <span class='ocrx_word' id='word_1_383' title='bbox 1672 5068 1719 5131; x_wconf 88' lang='lat' dir='ltr'>eis</span> 
     </span>
     <span class='ocr_line' id='line_1_41' title="bbox 317 5168 1788 5254; baseline -0.001 -19"><span class='ocrx_word' id='word_1_384' title='bbox 317 5172 456 5254; x_wconf 88' lang='lat' dir='ltr'>quodam</span> <span class='ocrx_word' id='word_1_385' title='bbox 478 5177 591 5254; x_wconf 89' lang='lat' dir='ltr'>castro,</span> <span class='ocrx_word' id='word_1_386' title='bbox 615 5191 680 5253; x_wconf 88' lang='lat' dir='ltr'>quo</span> <span class='ocrx_word' id='word_1_387' title='bbox 703 5171 856 5254; x_wconf 90' lang='lat' dir='ltr'>spoliasse</span> <span class='ocrx_word' id='word_1_388' title='bbox 879 5171 1034 5235; x_wconf 88' lang='lat' dir='ltr'>dicebaris</span> <span class='ocrx_word' id='word_1_389' title='bbox 1056 5172 1193 5251; x_wconf 90' lang='lat' dir='ltr'>eosdem,</span> <span class='ocrx_word' id='word_1_390' title='bbox 1224 5172 1422 5235; x_wconf 85' lang='lat' dir='ltr'>satisfaceres</span> <span class='ocrx_word' id='word_1_391' title='bbox 1445 5173 1491 5236; x_wconf 90' lang='lat' dir='ltr'>eis</span> <span class='ocrx_word' id='word_1_392' title='bbox 1513 5191 1549 5234; x_wconf 89' lang='lat' dir='ltr'>ao</span> <span class='ocrx_word' id='word_1_393' title='bbox 1573 5171 1717 5236; x_wconf 84' lang='lat' dir='ltr'>satisfieri</span> <span class='ocrx_word' id='word_1_394' title='bbox 1753 5168 1788 5223; x_wconf 76' lang='lat'>40</span> 
     </span>
     <span class='ocr_line' id='line_1_42' title="bbox 315 5273 1719 5361; baseline 0.002 -23"><span class='ocrx_word' id='word_1_395' title='bbox 315 5276 436 5340; x_wconf 85' lang='lat' dir='ltr'>laceres</span> <span class='ocrx_word' id='word_1_396' title='bbox 459 5276 498 5339; x_wconf 88' lang='lat' dir='ltr'>de</span> <span class='ocrx_word' id='word_1_397' title='bbox 521 5275 645 5339; x_wconf 88' lang='lat' dir='ltr'>damnis</span> <span class='ocrx_word' id='word_1_398' title='bbox 667 5273 737 5338; x_wconf 86' lang='lat' dir='ltr'>aliis</span> <span class='ocrx_word' id='word_1_399' title='bbox 767 5281 799 5338; x_wconf 87' lang='lat' dir='ltr'>et</span> <span class='ocrx_word' id='word_1_400' title='bbox 820 5274 946 5339; x_wconf 90' lang='lat' dir='ltr'>iniuriis</span> <span class='ocrx_word' id='word_1_401' title='bbox 968 5294 1025 5358; x_wconf 87' lang='lat' dir='ltr'>per</span> <span class='ocrx_word' id='word_1_402' title='bbox 1048 5282 1079 5340; x_wconf 88' lang='lat' dir='ltr'>te</span> <span class='ocrx_word' id='word_1_403' title='bbox 1101 5296 1137 5339; x_wconf 86' lang='lat' dir='ltr'>eo</span> <span class='ocrx_word' id='word_1_404' title='bbox 1159 5281 1233 5339; x_wconf 88' lang='lat' dir='ltr'>tuos</span> <span class='ocrx_word' id='word_1_405' title='bbox 1260 5275 1414 5338; x_wconf 85' lang='lat' dir='ltr'>haetenus</span> <span class='ocrx_word' id='word_1_406' title='bbox 1436 5276 1591 5360; x_wconf 78' lang='lat' dir='ltr'>irrogatis.</span> <span class='ocrx_word' id='word_1_407' title='bbox 1635 5276 1719 5361; x_wconf 92' lang='lat' dir='ltr'>Ipsis</span> 
     </span>
    </p>
   </div>
   <div class='ocr_carea' id='block_1_9' title="bbox 473 5445 704 5512">
    <p class='ocr_par' dir='ltr' id='par_1_9' title="bbox 473 5445 704 5512">
     <span class='ocr_line' id='line_1_43' title="bbox 473 5445 704 5512; baseline -0.004 -13"><span class='ocrx_word' id='word_1_408' title='bbox 473 5446 494 5512; x_wconf 85' lang='lat'>¹)</span> <span class='ocrx_word' id='word_1_409' title='bbox 511 5445 641 5500; x_wconf 76' lang='lat' dir='ltr'>Andreas</span> <span class='ocrx_word' id='word_1_410' title='bbox 659 5445 704 5499; x_wconf 86' lang='grc' dir='ltr'>ΙΙ.</span> 
     </span>
    </p>
   </div>
   <div class='ocr_carea' id='block_1_10' title="bbox 0 0 2028 6277">
    <p class='ocr_par' dir='ltr' id='par_1_10' title="bbox 0 0 2028 6277">
     <span class='ocr_line' id='line_1_44' title="bbox 0 0 2028 6277; baseline 0 0"><span class='ocrx_word' id='word_1_411' title='bbox 0 0 2028 6277; x_wconf 95' lang='lat' dir='ltr'> </span> 
     </span>
    </p>
   </div>
  </div>
 </body>
</html>
