4086 6300
912 598 1067 694 -s—os-

284 782 461 867 Henningii
491 803 529 848 ac
558 784 629 849 aliis
659 784 916 868 quibuscumque
946 787 1084 871 deipsis
1105 785 1361 871 possessionibus
1382 786 1507 870 litigare
1529 806 1587 852 seu
1609 807 1688 853 ven·

285 888 391 952 dicare
406 907 537 971 quoquo
553 888 647 952 modo
664 888 845 953 volentibus
860 896 1052 975 perpetuum
1066 890 1229 954 silentium
1244 890 1465 974 praesentibus
1478 892 1689 975 imponentes,

285 990 362 1055 dum
383 991 480 1056 iidem
503 991 636 1076 orphani
658 992 835 1076 praedictas
855 995 1073 1077 possessiones
1096 992 1188 1057 titulo
1211 992 1381 1076 emptionis
1403 995 1540 1077 pecunia
1561 996 1689 1060 anobis

284 1096 477 1161 redemerint
496 1102 535 1160 ut
555 1097 784 1182 praemisimus
807 1096 847 1160 In
861 1097 955 1161 cuius
976 1098 1023 1161 rei
1039 1097 1223 1162 memoriam
1239 1103 1491 1181 perpetuamque
1505 1097 1688 1163 firmitatem

232 1206 250 1259 5
285 1204 468 1283 praesentes
490 1199 644 1265 duximus
667 1200 769 1285 sigillo
785 1206 895 1265 nostro
911 1200 1123 1265 communitas
1136 1200 1365 1265 concedendas
1389 1199 1508 1265 Datum
1530 1202 1565 1265 in
1579 1200 1690 1285 Deua,

284 1302 364 1367 feria
394 1308 487 1367 sexta
518 1303 666 1386 proxima
697 1308 771 1368 ante
804 1310 933 1370 octavas
970 1303 1212 1371 resurrectionis
1250 1302 1386 1388 domini,
1424 1324 1508 1370 anno
1545 1304 1688 1371 eiusdem

284 1383 413 1471 hooc.
434 1383 511 1472 nil.
534 1406 656 1492 quinto.

940 1701 1037 1785 433.

361 1881 468 1953 1325
485 1879 592 1972 April
613 1883 678 1953 20.
705 1881 784 1954 Dua
809 1881 1089 1973 Weisseaburpcr
1105 1883 1254 1975 Kapitel
1271 1882 1463 1974 beptuabipt
1488 1883 1545 1956 dic
1571 1883 1690 1957 beiden

215 2018 250 2074 10
291 2000 480 2076 Urbaadea
506 2002 565 2075 des
595 2000 790 2075 Woiwodea
818 2003 967 2075 Timauus
991 2026 1057 2075 oca
1082 2006 1189 2077 1325
1216 2003 1283 2076 Νν.
1311 2005 1486 2077 431aud
1511 2004 1578 2077 Nr.
1605 2009 1687 2078 432

284 2123 470 2214 betreffead
494 2122 677 2215 Heuuinpa
703 2148 768 2198 von
793 2122 1005 2214 Petcrsdorf
1028 2124 1139 2198 Gatter
1157 2126 1229 2215 fiir
1254 2125 1374 2198 &saca
1399 2126 1530 2199 Erbeu.

441 2287 518 2357 Orio.
536 2289 618 2357 Pcrp.
641 2286 747 2358 Uapur.
764 2288 973 2344 Luadeaarcbiv
990 2289 1142 2359 Budapest.
1165 2288 1254 2360 Siepel
1271 2304 1332 2344 war
1348 2290 1512 2360 unpebdupt.

439 2408 552 2463 Druck:
570 2408 658 2477 Fejtr
669 2407 760 2464 (lodex
768 2408 858 2478 VIII,
866 2414 892 2477 2,
904 2413 964 2466 651.
977 2410 1100 2480 Keretapa
1109 2409 1255 2478 NotitiuI,
1267 2413 1310 2465 99.
1327 2409 1684 2480 Tbaaaiiooniu1871‚152.

439 2583 622 2669 Capitulum
651 2584 803 2649 ecclesiae
823 2585 1066 2651 Thanssiluanae
1096 2587 1246 2651 omnibus
1273 2585 1388 2651 Christi
1418 2585 1567 2651 fidelibus
1595 2606 1687 2672 prae·

214 2695 249 2749 15
284 2692 406 2753 sentem
427 2688 576 2771 paginam
597 2689 790 2772 inspecturis
811 2688 947 2753 salutem
969 2689 1003 2753 in
1026 2690 1170 2754 omnium
1192 2690 1358 2754 salvatore.
1386 2689 1437 2754 Ad
1459 2691 1685 2755 universorum

283 2791 429 2855 notitiam
451 2797 517 2855 tam
538 2791 755 2875 praesentium
778 2810 874 2874 quam
897 2792 1082 2857 futurorum
1104 2795 1216 2857 harum
1232 2794 1313 2859 serie
1336 2794 1487 2858 volumus
1508 2794 1688 2879 pervenire,

284 2895 371 2978 quod
401 2896 556 2960 accedens
588 2895 629 2959 ad
658 2900 801 2959 nostram
829 2898 1041 2980 praesentiam
1074 2897 1190 2962 nobilis
1223 2899 1275 2962 vir
1304 2898 1451 2980 Mychael
1480 2898 1689 2963 ricevaivoda

284 2998 356 3062 vice
378 3003 412 3062 et
436 2998 566 3062 nomine
587 2998 748 3082 magnifici
776 2999 838 3062 viri
859 2998 996 3064 Thomas
1018 3002 1173 3066 vaivodae
1194 3002 1411 3066 Transsiluani
1440 3008 1473 3066 et
1500 3003 1626 3067 comitis
1648 3003 1688 3068 de

282 3102 395 3166 Zonulr
418 3102 539 3166 domini
560 3103 612 3167 sui
641 3103 788 3168 exhibuit
815 3102 909 3167 nobis
939 3103 1082 3187 duplices
1111 3106 1218 3170 literas
1243 3106 1345 3190 ipsius
1366 3105 1503 3169 Thomae
1531 3107 1687 3171 vairodae

72 3272 80 3286 ⁸
214 3212 250 3266 20
283 3205 407 3270 clausas
436 3206 558 3271 scilieet
584 3212 617 3270 et
644 3212 791 3290 patentes
820 3226 917 3291 super
939 3209 1140 3273 restitutione
1170 3215 1202 3273 et
1229 3208 1447 3291 redemptione
1474 3207 1685 3273 hereditatum

283 3307 460 3374 Salomonis
481 3315 515 3374 et
535 3310 668 3393 Nicolai‚
690 3309 830 3374 filiorum
852 3330 909 3375 seu
932 3312 1148 3395 orphanorum
1177 3312 1339 3393 quondam
1362 3312 1488 3375 comitia
1509 3311 1685 3395 Henningii

283 3412 322 3477 de
344 3412 422 3477 villa
442 3413 529 3478 Petri
559 3414 680 3478 scilicet
708 3413 866 3496 villarum,
897 3421 1055 3479 terrarum
1084 3415 1261 3498 arabilium,
1290 3415 1471 3479 fenetorum
1501 3421 1534 3479 et
1566 3416 1687 3480 molen·

283 3517 432 3581 diuorum
453 3536 491 3581 ac
521 3518 689 3583 domorum
719 3538 845 3583 necnon
867 3519 1002 3583 aliorum
1033 3519 1191 3583 banorum
1220 3519 1385 3582 mobilium
1416 3524 1448 3583 et
1473 3520 1685 3585 immobilium

282 3621 366 3686 lacta
386 3622 557 3704 confectas,
578 3626 691 3705 petens
721 3641 780 3686 nos
808 3622 892 3686 idem
915 3622 1062 3705 Mychael
1084 3622 1292 3687 vicevaivoda
1320 3642 1394 3685 oum
1416 3623 1577 3705 instantia,
1601 3624 1685 3688 sicut

83 3730 89 3739 ’
213 3730 248 3786 26
283 3725 378 3788 etiam
399 3724 485 3789 idem
498 3725 633 3789 Thomas
655 3724 793 3789 vaivoda
812 3744 870 3810 per
892 3725 999 3790 literas
1025 3747 1100 3791 suas
1127 3746 1186 3790 nos
1200 3726 1322 3808 petivit,
1344 3730 1383 3790 ut
1402 3727 1562 3810 praelatas
1577 3728 1685 3793 literas

284 3848 358 3893 suas
381 3828 500 3893 nostris
514 3828 614 3894 literis
629 3828 879 3913 privilegialibus
894 3829 934 3892 ad
956 3829 1114 3894 cautelam
1129 3835 1162 3893 et
1177 3829 1328 3892 maiorem
1345 3829 1570 3895 certitudinem
1586 3831 1683 3895 inseri

282 3931 427 3997 iaciendo
451 3932 640 3997 deberemus
669 3931 857 3996 confirmare
887 3939 920 3996 et
942 3933 1045 4016 sigillo
1069 3938 1178 3996 nostro
1201 3933 1407 3997 communire.
1446 3932 1589 4010 Quarum
1613 3935 1683 3999 lite-

282 4055 390 4099 rarum
411 4036 592 4100 clausarum
614 4041 647 4101 et
668 4037 846 4120 patentium
874 4042 1003 4100 tenores
1032 4036 1112 4101 tales
1134 4041 1220 4100 sunt.
1257 4034 1362 4121 (sous
1383 4035 1433 4100 die
1463 4035 1610 4103 Uriamde
1631 4038 1683 4102 dea

290 4137 460 4204 Woiwedm
486 4138 618 4204 Timum
637 4160 695 4204 oon
715 4140 803 4203 1325
824 4137 883 4203 Nr.
909 4139 971 4202 431
999 4139 1066 4203 aad
1087 4140 1282 4205 unmittelbur
1307 4139 1433 4223 duraacf
1448 4140 1594 4205 desselben
1625 4139 1684 4205 Ur-

213 4249 249 4303 30
282 4241 384 4307 buotde
411 4263 469 4308 von
489 4244 577 4307 1325
598 4241 656 4307 Nr.
681 4243 774 4324 432.)
808 4243 877 4307 Nos
904 4243 1003 4327 igitur
1032 4243 1240 4327 petitionibus
1270 4245 1372 4328 ipsius
1393 4243 1568 4325 Mychaelis
1599 4244 1685 4309 vice·

284 4347 440 4411 vaivodae
451 4352 483 4411 et
492 4348 629 4412 Thomas
640 4346 795 4410 vaivodae
810 4346 930 4410 domini
946 4348 997 4411 sui
1011 4347 1105 4412 iustis
1120 4354 1153 4412 et
1166 4347 1262 4412 licitis
1282 4368 1320 4411 ac
1333 4347 1482 4430 legitimis
1496 4354 1685 4431 annuentes,

283 4451 360 4532 qnia
379 4451 465 4535 ipsas
485 4450 594 4516 literas
608 4451 821 4535 comperimus
835 4450 976 4534 mtegras
994 4450 1030 4514 in
1045 4451 1162 4516 chartis
1185 4456 1217 4516 et
1232 4450 1344 4534 sigillis
1358 4455 1392 4514 et
1406 4469 1470 4512 non
1487 4450 1685 4535 cancellatas,

282 4572 349 4617 non
371 4554 508 4637 abrasas,
537 4574 604 4618 nou
626 4554 760 4619 abolitas
781 4574 841 4619 nec
862 4554 897 4617 in
919 4554 1028 4637 aliqua
1049 4555 1100 4619 sui
1122 4560 1212 4639 parte
1241 4555 1370 4617 vitiatas
1393 4559 1521 4618 tenores
1542 4555 1682 4638 ipsarum

282 4656 445 4721 literarum
470 4656 509 4720 de
532 4657 630 4721 verbo
653 4658 693 4721 ad
715 4658 850 4722 verbum
872 4658 1096 4742 praesentibus
1117 4658 1216 4723 inseri
1239 4657 1373 4721 lecimus
1396 4662 1429 4721 et
1450 4657 1553 4740 sigillo
1572 4662 1683 4722 nostro

213 4768 248 4822 35
283 4761 464 4826 authentico
495 4762 683 4846 consignari.
720 4760 837 4825 Datum
868 4760 1026 4826 Sabbatha
1057 4762 1204 4846 proximo
1238 4768 1312 4826 ante
1346 4761 1526 4844 quindenas
1555 4760 1683 4842 Pascae,

283 4884 367 4928 anno
390 4864 511 4928 domini
525 4843 567 4929 il.
586 4843 671 4930 006.
690 4843 766 4929 XX.
783 4866 904 4948 quinto.
926 4864 1059 4930 Nicolao
1070 4865 1259 4950 praeposito,
1279 4863 1391 4928 Santto
1406 4869 1545 4948 cantore,
1566 4865 1685 4928 Thoma

282 4968 424 5053 custode,
445 4968 620 5037 Benedicta
641 4968 777 5053 plebano
800 4969 840 5033 de
855 4968 1000 5037 Gluswar
1015 4969 1134 5033 deceno
1150 4967 1301 5033 ecelesiae
1316 4972 1444 5032 nostrae
1460 4967 1683 5033 existentibus.
