4064 6288
993 592 1147 686 *eo-

368 774 509 853 nissima)
541 777 776 859 ingratitudinis
801 779 927 842 silentio
950 782 1129 862 praeterire,
1159 781 1233 845 licet
1255 800 1312 865 pro
1335 782 1458 844 modico
1488 788 1673 865 reputemus
1695 784 1764 863 hoc,

368 879 454 959 quod
476 880 509 941 in
531 883 690 962 praesenti
713 883 836 964 agimus
855 889 1001 965 respectu
1025 903 1144 965 eorum,
1168 903 1249 965 quae
1266 886 1368 948 tacere
1391 885 1588 967 deberemus,
1611 887 1764 967 quasdam

366 985 467 1045 terras
488 983 736 1048 udvarnicorum
759 992 940 1049 nostrorum
961 987 993 1049 in
1016 987 1232 1051 Transiluanis
1254 988 1397 1071 partibus
1419 989 1593 1053 existentes
1616 990 1764 1073 legitimis

366 1086 433 1149 suis
455 1086 566 1151 incolis
588 1096 732 1152 carentes
751 1089 832 1171 Wir,
855 1089 1000 1171 Munera,
1022 1090 1174 1171 Hassach,
1197 1091 1342 1173 Nogrech
1367 1098 1398 1155 et
1420 1092 1497 1155 alias
1519 1093 1559 1156 ad
1581 1092 1682 1155 dictos
1704 1093 1763 1156 ud·

367 1190 513 1253 varnicos
544 1197 670 1255 nostros
698 1193 731 1254 in
760 1192 823 1255 illis
845 1194 989 1277 partibus
1018 1196 1213 1278 pertinentes
1243 1196 1482 1279 praenominato
1509 1197 1658 1279 magistro
1688 1196 1763 1260 Jule
1798 1204 1814 1255 5

366 1293 613 1358 irrevocabiliter
634 1297 858 1379 concessimus,
886 1298 1031 1361 dedimus
1053 1305 1085 1362 et
1107 1299 1297 1362 donavimus
1321 1305 1384 1362 tam
1408 1300 1466 1362 sibi
1490 1320 1586 1382 quam
1620 1301 1763 1363 1111111-

365 1396 495 1461 redibus
519 1398 735 1480 heredumque
751 1401 988 1465 successoribus
1003 1402 1072 1465 iure
1095 1408 1248 1485 perpetuo
1264 1403 1480 1485 possidendas.
1509 1403 1553 1467 Ut
1574 1404 1672 1487 igitur
1686 1404 1763 1468 haec

367 1500 500 1564 anobis
522 1502 583 1585 ipsi
605 1502 755 1584 magistro
777 1502 852 1567 Jule
874 1504 1013 1586 legitime
1036 1506 1119 1568 facta
1142 1506 1269 1568 donatio
1293 1506 1391 1569 robur
1413 1514 1583 1590 perpetuae
1605 1506 1763 1570 firmitatis

366 1603 507 1668 obtineat
532 1624 591 1668 nec
613 1625 767 1688 umquam
790 1626 942 1689 processu
965 1614 1144 1691 temporum
1167 1628 1223 1691 per
1246 1611 1426 1693 quempiam
1456 1611 1560 1675 valeat
1581 1613 1615 1673 in
1637 1612 1763 1675 irritum

364 1709 515 1787 revocari,
538 1710 729 1791 saepedicto
753 1711 903 1793 magistro
918 1712 993 1775 Jule
1016 1718 1048 1776 et
1069 1731 1127 1794 per
1148 1732 1223 1776 eum
1245 1714 1312 1777 suis
1326 1713 1496 1778 heredibus
1518 1722 1643 1778 nostras
1666 1714 1762 1777 tradi-
1798 1720 1832 1774 10

365 1810 470 1874 dimus
493 1810 599 1876 literas
622 1813 757 1896 duplicis
784 1814 877 1897 sigilli
900 1817 1000 1879 nostri
1027 1816 1203 1879 munimine
1225 1816 1396 1880 roboratas.
1430 1817 1549 1881 Datum
1570 1839 1628 1901 per
1649 1839 1763 1882 manus

364 1915 506 1997 magistri
528 1916 692 1981 Benedicti
715 1919 887 2001 praepositi
906 1918 1099 2000 orodiensis,
1122 1918 1213 1982 aulae
1236 1927 1363 1984 nostrae
1386 1922 1635 1985 vicecancellarii
1657 1922 1763 1987 dilecti

365 2025 397 2083 et
417 2018 520 2084 fidelis
541 2020 651 2103 nostri,
674 2039 758 2084 anno
782 2021 902 2085 domini
924 2021 1091 2086 millesimo
1115 2022 1331 2087 ducentesimo
1354 2026 1552 2107 sexagesimo
1576 2026 1676 2090 tertio.

1022 2315 1113 2400 1113.

449 2477 935 2551 0111111141111113.
972 2481 1082 2571 Papat
1116 2479 1235 2551 Urboo
1263 2479 1331 2550 IV.
1366 2481 1508 2551 cerbild
1533 2482 1610 2552 dem
1637 2480 1760 2554 Arabi-
1798 2499 1831 2553 11

367 2598 494 2671 diolcon
518 2599 673 2672 Jooaolre
699 2624 763 2672 von
790 2599 976 2673 Saotbmor
1001 2601 1057 2672 die
1083 2600 1214 2689 Pforre
1249 2598 1381 2673 Winch.

519 2764 630 2818 Dmclr:
652 2765 764 2819 Teutacb
781 2782 808 2818 u.
828 2764 989 2819 Firmato
1007 2764 1078 2819 Sao.
1102 2764 1184 2820 orto.
1203 2765 1229 2831 I,
1246 2769 1281 2818 61
1303 2764 1374 2818 aad»
1396 2764 1472 2818 einer
1489 2764 1677 2833 Haadacbrist
1694 2765 1762 2820 otae

470 2848 547 2916 Tiar,
569 2849 666 2918 aare,
690 2850 885 2919 Battydn’arbc
903 2850 1058 2904 Bibliotbrlr
1075 2850 1243 2920 Korlaburp,
1267 2851 1316 2904 mit
1336 2851 1385 2904 der
1403 2850 1539 2919 Signatur
1556 2849 1593 2904 K.
1611 2854 1637 2905 5.
1656 2851 1700 2905 II.
1719 2855 1761 2918 16,

467 2933 538 2988 Seite
557 2940 615 3003 174,
633 2936 727 2990 welrbc
746 2937 789 2990 bia
806 2938 875 2991 noda
892 2937 966 2991 sidat
983 2936 1083 2990 wieder
1100 2938 1290 3006 aufprfandcn
1307 2936 1418 2990 worden
1432 2936 1478 2990 iat.
1505 2936 1561 2990 Dic
1578 2936 1761 3006 pepenwdrtip

466 3019 539 3073 dicae
557 3019 692 3090 Signatur
710 3023 840 3091 trapeade
859 3023 1046 3090 Handacbrt'st
1064 3023 1167 3076 eathdlt
1184 3023 1257 3077 dicae
1280 3022 1409 3077 Urtunde
1428 3022 1509 3076 nicht.
1797 3023 1832 3076 20

520 3141 631 3211 Repert:
649 3141 777 3197 Portica
795 3143 912 3214 Rcyesta
930 3144 983 3199 Nr.
1004 3148 1097 3198 18826.

518 3315 669 3380 Urbanus
685 3367 769 3381 .....
785 3319 898 3382 dilecto
913 3318 978 3381 filio
994 3320 1143 3402 magistro
1158 3318 1301 3382 Joanche
1312 3319 1532 3383 archidiacono
1544 3319 1584 3382 de
1596 3318 1758 3397 Sassvar1)

361 3418 394 3480 in
418 3418 634 3484 Uitrasilvana
663 3422 795 3486 ecclesia
824 3423 967 3486 salutem
1001 3421 1123 3485 Meritis
1149 3420 1316 3486 laudabilis
1338 3423 1590 3486 conversationis
1621 3428 1653 3486 et
1675 3423 1759 3485 vitae

362 3542 399 3584 ac
421 3522 515 3585 etiam
537 3523 670 3589 literatis
693 3526 842 3590 scientiae
864 3525 968 3588 iuvari
991 3524 1114 3606 diceris
1146 3533 1182 3589 ut
1204 3545 1223 3588 a
1244 3525 1439 3608 benignitate
1462 3526 1758 3609 sedisapostolicae

362 3626 529 3708 specialem
560 3630 692 3710 gratiam
722 3631 936 3711 consequaris.
974 3629 1011 3691 In
1043 3636 1152 3692 nostra
1181 3630 1338 3710 siquidem
1365 3629 1559 3693 constitutus
1581 3630 1760 3712 praesentia
1795 3638 1828 3689 25

362 3728 507 3810 retulisti
531 3732 705 3812 quodcum
721 3734 993 3797 archidiaconatus
1008 3739 1084 3795 tuus
1100 3733 1139 3796 de
1154 3732 1288 3796 Sassrar
1305 3752 1416 3795 euram
1437 3732 1557 3796 habens
1580 3734 1758 3796 animarum

361 3852 521 3896 annexam
536 3836 582 3898 sic
599 3837 633 3899 in
655 3837 767 3900 ultima
787 3844 877 3921 parte
899 3838 989 3919 regni
1005 3835 1164 3917 Ungariae
1187 3837 1380 3899 constitutus
1401 3836 1447 3899 ita
1470 3837 1556 3918 quod
1577 3838 1662 3900 inter
1684 3856 1758 3899 eum

362 3942 394 4000 et
409 3937 571 4019 regionem
585 3939 787 4003 Tartarorum
802 3941 891 4005 nulla
905 3942 1070 4004 hominum
1088 3938 1239 4003 habitatio
1262 3958 1394 4022 prorsus
1420 3939 1545 4020 existat
1568 3938 1760 4004 venerabilis

361 4040 458 4104 trater
478 4049 587 4106 noster
610 4087 618 4105 .
642 4087 650 4105 .
673 4045 840 4128 episcopus
863 4045 1099 4109 Ultrasilvanus
1128 4047 1259 4126 paterno
1290 4043 1404 4107 affectu
1434 4042 1639 4107 considerans
1672 4042 1759 4123 quod

361 4148 397 4206 tu
420 4144 459 4208 de
482 4146 658 4211 redditibus
680 4149 953 4212 archidiaconatus
976 4148 1118 4211 eiusdem
1141 4151 1251 4228 utpote
1274 4165 1339 4208 non
1365 4146 1595 4210 excedentibus
1617 4147 1758 4210 valorem
1794 4154 1829 4209 30

361 4267 506 4312 annuum
516 4268 633 4313 novem
645 4271 823 4315 marcarum
835 4252 956 4335 argenti
968 4251 1207 4315 commodanon
1219 4256 1345 4332 poteras
1357 4251 1537 4331 sustentari,
1548 4249 1759 4333 parochialem

362 4352 527 4415 ecclesiam
542 4373 600 4417 seu
615 4354 794 4438 plebaniam
813 4355 852 4418 de
867 4354 984 4418 Winch
1007 4373 1083 4417 suae
1106 4353 1240 4417 diocesis
1263 4372 1372 4416 curam
1386 4352 1556 4417 habentem
1573 4355 1759 4435 animamm,

361 4459 439 4518 tunc
461 4462 628 4521 vacantem
649 4458 795 4540 nullique
818 4459 871 4522 alii
893 4459 932 4521 de
954 4458 1024 4521 iure
1043 4457 1181 4520 debitam
1196 4455 1254 4519 tibi
1276 4463 1373 4540 prout
1395 4456 1557 4540 spectabat
1579 4476 1650 4520 eam
1664 4456 1760 4520 duxit

362 4560 513 4623 canonice
535 4561 768 4625 conterendam.
803 4561 885 4638 Quia
906 4581 983 4625 vero
1006 4561 1131 4625 tructus
1147 4580 1205 4624 seu
1227 4566 1403 4644 proventus
1419 4562 1520 4644 ipsius
1542 4561 1692 4624 ecclesiae
1708 4562 1759 4625 vel

361 4660 534 4744 plebaniae,
564 4664 647 4728 siout
672 4667 795 4747 asseris,
826 4673 946 4748 septem
976 4684 1154 4728 marcarum
1183 4665 1305 4747 argenti
1336 4684 1475 4727 annuam
1505 4664 1676 4742 valentiam
1699 4664 1756 4727 vix
1791 4672 1825 4725 35

361 4765 530 4848 excedunt,
562 4787 620 4832 nos
642 4770 761 4832 intuitu
784 4769 937 4832 carissimi
966 4770 1000 4831 in
1023 4768 1148 4832 Christo
1170 4767 1227 4830 filii
1250 4768 1351 4831 nostri
1373 4767 1469 4831 Belae
1492 4768 1652 4850 Ungariae
1674 4769 1759 4852 regis

361 4866 502 4950 illustria,
525 4870 617 4933 cuius
638 4871 671 4933 in
695 4878 726 4937 te
750 4873 867 4936 nuncio
891 4893 949 4935 suo
973 4873 1123 4936 volumus
1146 4872 1300 4935 honorare
1322 4891 1491 4954 personam
1514 4873 1579 4935 tuis
1601 4872 1759 4955 supplica·

518 5028 538 5089 ¹)
556 5023 674 5093 Sassvar,
693 5024 1013 5092 Sadaaodroa=Brooa
1031 5041 1091 5078 war
1109 5024 1282 5078 bekanntlicb
1298 5024 1362 5078 kain
1379 5024 1608 5078 Archidioltoaot.
1628 5025 1670 5078 Ea
1688 5024 1759 5079 wird

359 5108 419 5162 bier
437 5108 582 5164 Stathmor
604 5127 641 5166 aa
663 5112 736 5165 lesen
759 5112 828 5178 aria,
851 5112 902 5179 far
919 5112 1028 5165 welches
1050 5112 1095 5166 die
1119 5111 1200 5165 Stella
1223 5110 1261 5164 sic
1285 5111 1312 5163 in
1335 5109 1426 5163 ultima
1443 5112 1517 5178 parte
1534 5110 1609 5179 regni
1626 5110 1758 5179 Ungariae

360 5197 517 5249 constitutus
540 5197 584 5266 ita,
608 5198 678 5265 quod
701 5197 770 5250 inter
793 5214 853 5251 eum
878 5202 906 5251 et
928 5198 1062 5267 regionem
1079 5198 1244 5251 Tartamrum
1265 5196 1338 5250 nulla
1355 5196 1491 5250 hominurn
1509 5197 1634 5251 habitatio
1652 5213 1759 5266 prorsus
1793 5198 1829 5251 40

361 5281 458 5336 existat
475 5282 585 5351 aprr'cbt,
604 5283 734 5338 wdbrand
751 5283 810 5338 dica
829 5301 880 5339 ooo
895 5285 986 5339 Brooa
1004 5285 1077 5338 nicht
1093 5285 1167 5339 batte
1183 5289 1277 5354 yeecgt
1294 5283 1401 5337 werden
1417 5283 1533 5336 lrdnoaa.
1558 5282 1618 5336 Eia
1636 5283 1761 5352 magister

359 5369 376 5423 J
377 5385 474 5423 oannes
491 5370 688 5424 archidiaconus
706 5371 738 5425 de
751 5370 875 5425 Zathnrar
886 5371 957 5424 reird
972 5388 1008 5424 aa
1023 5371 1082 5423 dem
1094 5370 1168 5424 Jatr
1181 5373 1250 5423 1268
1261 5369 1426 5423 artandla'cb
1436 5374 1559 5438 peccant
1570 5385 1624 5423 oon
1636 5368 1759 5438 Saphar

360 5456 404 5511 ola
421 5471 470 5511 raa
487 5456 591 5524 iunior,
612 5455 688 5526 Ortp.
707 5456 929 5512 Konoantorcbiv
947 5456 1049 5510 Latera
1068 5455 1133 5510 Stat
1150 5454 1275 5524 Mapyor
1292 5455 1443 5510 tdrttaelmi
1461 5455 1507 5509 tdr
1525 5454 1582 5523 IX,
1601 5459 1660 5510 103.
