4048 6284
956 631 998 696 29

898 719 1054 730 ——-——

276 833 402 891 vantur.
424 825 507 890 (lum
529 831 636 890 sutem
651 824 778 906 aliquae
799 824 883 887 inter
905 843 964 887 vos
992 822 1195 906 quaestiones
1218 819 1412 901 emerserint,
1436 837 1518 901 quae
1541 817 1679 881 auctori·

277 936 373 994 tatem
404 929 648 994 ecclesiasticam
677 927 873 991 iudiciumve
903 927 1077 1008 requirant,
1110 925 1150 988 ad
1183 922 1494 1008 archipresbyterum
1526 928 1679 1001 vestrum,

279 1052 374 1115 quem
397 1033 437 1095 ad
459 1033 519 1096 boc
540 1032 647 1115 ipsum
668 1028 796 1114 praefici
818 1030 960 1111 fecimus,
983 1029 1164 1110 recurratis,
1192 1034 1230 1091 ut
1252 1027 1493 1109 quaestionibus
1524 1027 1601 1110 ipsis
1622 1044 1680 1108 pcr

278 1137 522 1201 sollicitudinem
552 1136 622 1199 eius
651 1133 822 1198 concordia
850 1133 1009 1197 iudiciove
1039 1132 1159 1215 sopitis,
1189 1150 1254 1214 pax
1276 1136 1309 1194 et
1338 1131 1551 1212 tranquillitas
1573 1135 1681 1193 vestra

224 1250 243 1302 o
279 1241 632 1305 inconcussaservetur.
643 1238 937 1303 Undevolumuset
948 1236 1040 1300 vobis
1050 1236 1248 1318 iniungimus
1257 1236 1445 1299 auctoritate
1455 1234 1680 1319 praesentium,

281 1352 319 1408 ut
340 1344 443 1408 eidem
465 1342 749 1427 archipresbytero,
771 1343 824 1405 cui
846 1340 1026 1423 corrigendi
1048 1358 1200 1403 excessus
1223 1340 1365 1403 omnium
1393 1346 1535 1403 vestrum
1558 1345 1590 1404 et
1611 1358 1682 1423 spe·

279 1449 400 1512 cialiter
422 1447 610 1511 clericorum
638 1445 855 1510 concessimus
882 1450 1081 1529 potestatem,
1111 1450 1274 1525 tamquam
1304 1444 1424 1526 pastori
1453 1450 1560 1508 vestro
1591 1462 1681 1507 reve·

280 1553 414 1617 rentiam
436 1569 611 1634 congruam
633 1550 830 1631 exhibentes,
861 1547 1042 1612 salubribus
1065 1548 1193 1611 monitis
1215 1554 1248 1611 et
1277 1547 1435 1610 mandatis
1456 1546 1557 1630 ipsius
1577 1548 1681 1610 inten-

280 1657 362 1721 datis
391 1663 424 1720 et
453 1654 608 1719 obediatis
630 1653 792 1717 humiliter
814 1658 847 1717 et
868 1654 991 1716 devote.
1032 1651 1152 1716 Datum
1173 1650 1329 1724 laterani,
1352 1649 1391 1713 II.
1415 1649 1575 1714 Kalendas
1597 1650 1681 1732 Maii,

209 1766 246 1821 10
281 1779 367 1823 anno
390 1765 512 1822 octavo.

948 1944 1019 2027 40.

362 2111 451 2184 Rom
477 2112 526 2182 im
545 2109 702 2183 Lotcrou
721 2112 824 2181 1224
843 2108 948 2201 April
977 2111 1039 2180 30.
1066 2109 1176 2200 Pcpst
1193 2107 1370 2181 Honorius
1397 2108 1474 2181 ΙΙΙ.
1503 2111 1594 2183 suto
1620 2111 1684 2185 dos

289 2233 407 2305 Getici
441 2234 501 2305 das
536 2231 717 2304 cauata
749 2229 882 2302 Ordeas
916 2232 965 2303 im
993 2229 1219 2302 Burmzlcod
1252 2236 1354 2302 cumr
1379 2230 1446 2302 dea
1473 2230 1599 2303 Scitote
1624 2231 1685 2305 das

278 2355 496 2447 popotliclsen
523 2353 660 2425 Stadios
693 2353 768 2423 aad
801 2351 970 2438 cerbietet
1012 2352 1093 2422 dass
1127 2350 1252 2441 irpcod
1285 2351 1342 2422 eia
1367 2351 1581 2441 Ersdiocbof
1602 2353 1686 2426 oder

211 2495 246 2548 15
284 2475 437 2564 Biscltos
455 2466 603 2547 doeclbst
626 2472 802 2565 paulula
832 2471 1123 2545 Gcrfcbtsbarlreit
1148 2469 1284 2543 cumbe.

440 2638 565 2709 Rapistar
587 2635 796 2690 Votikauiscbes
814 2634 925 2689 Archiv.

439 2759 552 2815 Druck:
570 2758 686 2812 Katoua
704 2757 780 2812 Hist.
798 2757 858 2811 crit.
883 2755 915 2823 V,
933 2759 993 2810 460.
1021 2754 1146 2811 δώῐόιιν
1164 2756 1239 2810 Krif.
1258 2756 1454 2828 Samnaluoym
1471 2762 1531 2813 321.
1555 2759 1687 2829 Bdrdosy

389 2845 525 2915 Supplm.
543 2848 604 2899 413.
629 2844 715 2911 Fejer
736 2843 826 2898 Codex
844 2844 898 2911 111,
919 2848 943 2910 1,
967 2847 1027 2898 459.
1051 2843 1165 2897 Bethlem
1185 2844 1278 2898 Germ.
1297 2844 1480 2915 Darstcllunp
1496 2850 1539 2899 91.
1564 2845 1687 2901 Schuller

389 2932 491 2987 Archiv
502 2933 526 3001 1,
543 2935 603 2987 226.
625 2930 738 2985 Teutoclt
750 2948 778 2986 u.
791 2929 953 2985 Firnltober
971 2928 1043 2983 soc.
1060 2929 1143 2983 Urso.
1161 2931 1184 2997 1,
1201 2933 1244 2985 26.
1272 2930 1388 2985 lbeiuer
1406 2930 1483 2985 Mora
1497 2931 1592 3002 Hunc.
1605 2933 1631 3001 1,
1644 2936 1687 2987 60.

390 3017 573 3075 Densusiuoa
591 3017 758 3072 Documento
775 3020 818 3073 35.

442 3139 630 3193 Bracbstslclt:
648 3139 782 3208 Royoold
799 3138 904 3194 Amaci.
923 3138 1003 3204 XIII,
1022 3140 1082 3192 312.
1109 3137 1258 3192 Wottericb
1279 3137 1460 3194 Ονᾱιπσείααὶ
1479 3144 1538 3196 107.

442 3260 555 3330 Regem:
568 3259 690 3315 Strsltlke
702 3260 824 3315 Tabulae
837 3264 869 3316 15
874 3264 895 3315 7.
914 3259 1041 3319 Poritos
1050 3259 1166 3329 Rapum
1179 3259 1233 3313 Nr.
1243 3264 1317 3314 7232.
1330 3261 1474 3331 Petteueyq
1487 3261 1638 3315 Urkoadea
1645 3265 1689 3317 28.

443 3420 609 3484 Honorius
638 3420 806 3503 episcopus
829 3467 957 3483 .....
980 3418 1103 3481 dilectis
1131 3416 1205 3482 filiis
1227 3463 1268 3482 ..
1298 3421 1450 3503 magistro
1479 3427 1512 3486 ct
1540 3421 1692 3486 iratribus

289 3524 452 3607 hospitalis
482 3529 610 3587 sanctae
632 3522 750 3587 Mariae
771 3523 1016 3587 'l'eotonicorum
1036 3521 1286 3586 derosobmitani
1315 3525 1451 3589 salutem
1474 3575 1572 3590 .....
1596 3526 1693 3590 Grata

215 3634 253 3688 25
289 3627 349 3692 deo
371 3633 405 3691 et
425 3626 607 3691 bominibus
635 3625 756 3690 ordinis
778 3626 877 3690 vestri
899 3625 1008 3708 religio
1030 3631 1240 3708 promeretur,
1269 3630 1443 3695 utvestris
1465 3629 1692 3694 favorabilibus

289 3730 453 3794 desideriis
474 3730 691 3795 favorabiliter
712 3748 901 3809 annuamus,
924 3736 1085 3811 quatenus
1112 3730 1255 3795 eiusdem
1285 3731 1406 3796 ordinis
1433 3752 1518 3797 nova
1539 3733 1692 3817 plantatio

289 3852 328 3897 eo
350 3833 474 3898 felicius
496 3835 693 3898 incremento
722 3834 882 3917 suscipiat,
911 3852 975 3915 quo
1006 3833 1126 3916 largius
1147 3833 1244 3898 fuerit
1265 3853 1337 3899 rore
1362 3837 1552 3920 apostolicae
1574 3838 1692 3920 gratiae

290 3938 426 4021 irrigata
471 3938 600 4002 Potistis
629 3938 796 4021 siquidem,
827 3944 863 4000 ut
884 3943 1001 4001 terram
1023 3937 1109 4002 Boze
1133 3945 1165 4002 et
1187 3938 1272 4002 ultra
1292 3946 1418 4004 montes
1441 3941 1572 4021 nivium,
1596 3960 1693 4023 quam

290 4048 420 4126 proptcr
441 4062 638 4125 paganorum
661 4041 800 4105 insultus
823 4048 946 4105 vastam
968 4060 1073 4122 usque
1096 4042 1136 4104 ad
1150 4043 1298 4127 proxima
1320 4050 1463 4128 tempora
1485 4051 1517 4108 et
1535 4046 1691 4109 desertam

217 4151 256 4206 30
292 4145 458 4228 largitione
480 4147 634 4210 carissimi
656 4148 688 4209 in
713 4145 838 4210 Christo
860 4144 917 4208 filii
940 4146 1041 4209 nostri
1059 4146 1207 4210 Andreae
1229 4146 1313 4229 regis
1335 4145 1540 4230 Ungarorum
1561 4148 1694 4213 illustris

292 4249 398 4335 adepti
428 4269 499 4315 esse
528 4250 697 4315 noscimini
730 4255 763 4313 et
795 4250 922 4313 noviter
949 4249 1127 4314 inhabitare
1156 4251 1293 4334 cepistis,
1321 4251 1464 4335 ipsorum
1497 4272 1693 4336 paganorum

292 4354 414 4438 impetu
443 4373 508 4418 non
531 4355 600 4418 sine
629 4354 731 4418 multo
760 4373 969 4437 personarum
991 4360 1172 4417 vestrarum
1195 4355 1376 4419 discrimine
1397 4356 1567 4439 refrenato,
1588 4358 1622 4421 in
1643 4359 1695 4422 ius

294 4464 326 4522 et
348 4458 573 4541 proprietatem
588 4457 779 4541 apostolicae
795 4457 879 4520 sedis
894 4458 1035 4541 recipere
1054 4457 1268 4541 dignaremur,
1282 4466 1469 4541 asserentes,
1484 4461 1572 4542 quod
1586 4461 1695 4525 fideles

292 4561 445 4626 libentius
468 4561 651 4626 transibunt
672 4561 706 4624 in
728 4562 798 4625 eius
820 4561 986 4643 coloniam
1005 4562 1032 4625 si
1055 4580 1125 4625 eam
1147 4561 1287 4626 viderint
1307 4564 1498 4647 apostolicae
1520 4566 1604 4629 sedis
1626 4584 1696 4630 esse

222 4672 259 4724 35
295 4665 424 4750 speciali
446 4665 655 4730 dominationi
684 4663 869 4745 subiectam,
900 4666 1011 4747 sicque
1040 4664 1105 4747 fiet,
1136 4675 1172 4729 ut
1195 4672 1287 4748 terra,
1310 4686 1393 4749 quac
1415 4667 1480 4732 lata
1501 4675 1533 4733 et
1558 4670 1698 4752 spatiosa

295 4769 472 4834 cultoribus
501 4769 631 4853 indiget,
661 4769 752 4833 facile
782 4770 955 4852 populetur
983 4775 1016 4833 et
1047 4788 1202 4833 numerus
1231 4770 1441 4836 habitantium
1467 4773 1505 4839 in
1525 4773 1635 4837 eadem
1657 4774 1697 4837 ad

293 4874 437 4957 ipsorum
457 4892 655 4958 paganorum
690 4879 844 4936 terrorem
873 4879 906 4937 et
936 4874 1138 4937 securitatem
1159 4873 1301 4937 fidelium
1331 4881 1429 4958 atque
1458 4875 1498 4938 ad
1527 4875 1698 4940 utilitatem

295 4997 360 5040 non
381 4976 538 5040 modicam
560 4982 664 5040 terrae
686 4982 814 5040 sanctae
837 4976 970 5040 feliciter
999 4983 1162 5060 augeatur.
1208 4977 1332 5043 Vestris
1362 4998 1437 5063 ergo
1467 4980 1527 5063 piis
1549 4980 1697 5063 precibus

295 5079 465 5164 benignius
486 5085 675 5161 annuentes,
705 5082 879 5170 praefatam
909 5088 1027 5145 terram
1055 5083 1090 5145 in
1118 5082 1170 5145 ius
1199 5088 1232 5146 et
1253 5082 1478 5166 proprietatem
1505 5082 1588 5147 beati
1610 5083 1698 5147 Petn'

225 5188 263 5243 40
297 5185 498 5269 suscipimus,
520 5191 554 5251 et
581 5204 652 5249 cam
681 5184 741 5249 sub
763 5184 891 5268 speciali
913 5186 1104 5268 apostolicae
1127 5186 1211 5250 sedis
1237 5187 1433 5270 protectione
1454 5206 1492 5249 sc
1514 5185 1698 5251 defensione

296 5289 458 5372 perpetuis
479 5289 676 5373 temporibus
704 5307 891 5373 permanere
913 5290 1081 5353 sancimus.
1126 5291 1178 5353 Ad
1200 5291 1277 5355 haec
1306 5310 1380 5354 cum
1402 5289 1513 5354 eadem
1542 5294 1628 5353 terra
1649 5309 1699 5354 se·

296 5390 439 5454 cundum
468 5390 682 5475 indulgentias
712 5392 804 5456 vobis
834 5392 873 5455 ab
904 5392 1079 5478 apostolica
1108 5393 1183 5457 sede
1211 5412 1386 5476 concessas,
1416 5392 1543 5457 nullum
1572 5399 1699 5479 praeter

296 5492 477 5558 Romanum
490 5491 673 5579 pontificem
683 5492 799 5560 habeat
813 5495 998 5580 episcopum
1014 5496 1066 5561 vel
1078 5494 1266 5581 praelatum,
1277 5498 1496 5580 praesentium
1510 5499 1700 5565 auctoritate
