4086 6300
893 643 1048 739 Α

426 829 494 894 Nos
521 829 663 895 Kaudos
697 831 748 895 dei
778 833 879 914 gratia
906 852 966 896 rex
995 832 1180 916 Hungariae
1210 834 1381 898 memoriae
1414 833 1673 897 commendantes

271 939 382 998 tenore
411 935 627 1018 praesentium
658 936 776 1018 quibus
806 937 936 1020 expedit
966 937 1182 1020 significamus
1211 938 1380 1017 universis,
1413 936 1500 1019 quod
1523 936 1673 1018 magister

271 1039 424 1103 Nicolaus
454 1039 493 1102 de
516 1039 632 1104 Brasso
659 1059 765 1104 comes
789 1040 991 1121 cybiniensis
1014 1047 1046 1104 et
1069 1041 1221 1106 Nicolaus
1242 1041 1329 1105 filius
1352 1040 1496 1104 Balbuch
1519 1061 1556 1104 ac
1579 1040 1673 1104 Nico-

272 1143 342 1207 laus
364 1142 450 1207 filius
468 1143 557 1224 Vytlr
580 1163 705 1207 necnon
728 1143 896 1208 Renerdns
919 1145 958 1208 de
974 1144 1084 1210 chent
1100 1145 1139 1208 de
1154 1144 1299 1228 partibus
1315 1144 1548 1210 transsiluauis
1564 1144 1675 1209 fideles

219 1253 236 1305 5
273 1247 373 1310 nostri
400 1248 468 1311 suis
490 1247 626 1331 propriis
649 1252 681 1311 et
703 1248 801 1311 totius
824 1248 1041 1312 universitatis
1065 1247 1232 1313 Saxonum
1255 1248 1295 1312 de
1317 1248 1464 1312 districtu
1488 1247 1673 1329 cybiniensi

272 1357 304 1414 et
330 1351 370 1414 ad
396 1351 480 1414 idem
507 1350 576 1415 aliis
602 1350 797 1415 districtibus
820 1351 1054 1434 pertinentibus
1077 1352 1285 1416 existentium
1308 1352 1502 1434 nominibus,
1534 1371 1671 1434 quorum

272 1455 366 1519 etiam
390 1455 602 1538 legationibus
624 1455 719 1518 iidem
742 1455 782 1518 ad
805 1475 864 1519 nos
886 1460 1050 1537 venerant,
1076 1456 1167 1519 virae
1190 1456 1278 1519 vocis
1298 1456 1473 1519 ministerio
1490 1455 1583 1520 nobis
1598 1475 1674 1519 con·

273 1559 378 1641 questi
405 1559 607 1641 exstiterunt,
640 1559 725 1642 quod
750 1559 905 1641 quaedam
929 1560 1086 1643 possessio
1110 1559 1283 1624 Heesfolra
1305 1565 1418 1624 vocata
1440 1558 1618 1624 Salomonis
1641 1565 1673 1623 at

272 1662 431 1727 Herbordi
463 1661 604 1727 filiorum
637 1663 785 1727 Cristiani
820 1664 860 1727 de
893 1663 998 1727 insula
1029 1663 1177 1727 cristiani
1209 1669 1242 1727 et
1268 1663 1439 1748 Hennengi
1471 1664 1529 1728 filii
1555 1664 1673 1729 Ermen

204 1772 238 1827 10
273 1767 462 1832 hereditaria
491 1787 549 1850 per
570 1766 737 1831 Danielem
758 1766 861 1830 filium
883 1767 1039 1831 Vosmoth
1065 1766 1206 1831 indebite
1229 1772 1261 1831 at
1283 1768 1498 1852 potentialiter
1520 1773 1674 1851 occupata

272 1872 305 1934 in
335 1871 565 1955 praeiudicium
596 1871 772 1936 eorundem
800 1870 940 1935 filiorum
972 1871 1120 1935 Cristiani
1152 1876 1184 1935 et
1212 1871 1383 1955 Hannengi
1414 1870 1611 1934 detineretur
1643 1875 1676 1934 et

275 1975 363 2057 quod
385 1994 443 2058 per
464 1975 535 2038 falsi
550 1976 787 2059 suggestionem
811 1975 906 2039 tacita
927 1975 1070 2057 veritate,
1093 1995 1112 2038 a
1133 1973 1300 2058 magnifico
1315 1976 1384 2038 viro
1399 1975 1519 2038 Thoma
1542 1973 1677 2037 vaivoda

271 2078 496 2142 transsiluano
520 2085 552 2143 et
573 2080 689 2143 comite
712 2078 751 2142 da
770 2078 895 2142 Zolnulr
917 2078 977 2142 sibi
1001 2078 1069 2141 dari
1092 2078 1290 2160 obtinuisset
1312 2084 1457 2163 petentes
1480 2098 1540 2142 nos
1563 2078 1676 2141 humili

273 2201 404 2266 precum
434 2183 594 2266 instantia,
625 2188 662 2246 ut
689 2182 823 2247 eandem
855 2182 1088 2266 possessionem
1115 2182 1161 2245 sic
1183 2182 1323 2247 indebite
1347 2187 1532 2266 occupatam
1555 2182 1674 2246 eisdem

205 2292 238 2345 15
273 2284 347 2349 filiis
370 2285 518 2350 cristiani
540 2293 572 2351 et
591 2286 771 2370 Hennengo
794 2286 834 2349 da
856 2285 1053 2369 benignitate
1075 2292 1204 2350 nostrae
1227 2287 1332 2370 regiae
1354 2286 1528 2350 maiestatis
1543 2286 1676 2350 reddere

274 2396 306 2454 et
328 2391 496 2455 restituere
519 2391 731 2475 dignaremur.
754 2391 859 2473 Igitur
881 2410 941 2453 nos
963 2390 1002 2453 ab
1026 2391 1146 2454 eisdem
1165 2391 1280 2454 comite
1296 2390 1427 2454 Nicolao
1447 2396 1479 2454 et
1499 2390 1592 2453 sociis
1608 2389 1675 2453 suis

274 2495 371 2558 huius
393 2495 439 2558 rei
463 2513 581 2559 meram
605 2495 772 2559 veritatem
794 2499 1032 2578 cognoscentes,
1056 2500 1152 2577 prout
1175 2494 1270 2558 etiam
1289 2494 1374 2557 idem
1388 2494 1522 2557 Thomas
1537 2493 1674 2556 vaivoda

275 2599 392 2663 exinde
415 2618 475 2662 nos
497 2600 616 2662 certius
638 2599 800 2680 instruxit,
825 2597 911 2681 quod
935 2598 1019 2661 dicta
1040 2599 1198 2681 possessio
1221 2597 1405 2662 Haesiolwa
1426 2602 1674 2661 memoratorum

273 2701 413 2766 filiorum
435 2701 584 2767 cristiani
615 2709 647 2767 et
669 2703 839 2786 Hennengi
863 2703 905 2766 sit
927 2707 959 2765 at
981 2702 1078 2765 tuerit
1100 2701 1139 2765 ab
1163 2702 1296 2784 antiquo
1319 2701 1516 2783 hereditaria,
1543 2720 1677 2785 praeno·

205 2810 241 2865 20
277 2807 395 2870 minato
425 2805 550 2870 Danieli
584 2813 775 2890 perpetuum
810 2806 959 2890 deinceps
992 2806 1154 2870 silentium
1186 2805 1407 2890 praesentibus
1439 2825 1536 2889 super
1566 2805 1675 2869 eadem

274 2911 476 2994 possessione
490 2911 700 2994 imponentes,
724 2916 797 2974 ante
813 2910 905 2974 dictis
921 2910 995 2974 filiis
1011 2910 1161 2974 cristiani
1177 2914 1209 2973 et
1223 2908 1404 2992 Henneugo
1420 2910 1527 2973 denuo
1543 2910 1675 2974 eandem

274 3014 508 3097 possessionem
538 3033 612 3077 cum
642 3014 791 3078 omnibus
819 3015 886 3078 suis
909 3014 1101 3078 utilitatibus
1124 3019 1156 3077 et
1177 3013 1378 3097 pertinentiis
1400 3014 1561 3079 universis
1583 3033 1673 3098 prae·

274 3118 418 3182 sentibus
441 3118 594 3182 duximus
616 3123 770 3202 perpetuo
792 3118 1032 3182 restituendam.
1055 3116 1175 3181 Datum
1197 3118 1232 3179 in
1254 3116 1436 3200 Vissegrad,
1458 3118 1492 3179 in
1515 3117 1675 3181 dominica

275 3222 570 3306 Ramispalmarum‚
593 3241 677 3285 auno
701 3222 821 3285 domini
843 3221 1011 3285 millesimo
1035 3199 1113 3285 ccc
1135 3206 1256 3285 Xch
1278 3240 1373 3284 nono.

931 3515 1027 3598 468.

360 3679 602 3773 Wereacnburp
627 3685 733 3753 1329
758 3681 841 3752 Mai
858 3683 916 3752 13.
949 3679 1121 3767 Andreae,
1150 3679 1303 3768 Bocchus
1320 3702 1385 3751 oon
1412 3677 1674 3768 Sicbcabitryea,

275 3802 434 3894 bcstdiipt
460 3803 516 3874 dic
534 3803 734 3894 saepem
752 3803 811 3874 des
836 3803 1002 3874 amaram
1028 3802 1105 3872 dem
1131 3800 1411 3891 Weiascutarger
1433 3799 1579 3891 Kopitel
1603 3798 1677 3869 uad

275 3925 340 3995 den
368 3923 505 3997 δόΙιηθη
531 3926 590 4035 des
615 3917 728 3996 Bou's
756 3923 875 3996 Simon
902 3923 1128 3995 bastoadcaeo
1153 3921 1407 3994 Zetatstrcitea

434 4086 510 4159 Orig.
528 4089 609 4159 Perp.
628 4088 837 4158 Kupitclorcbiv
856 4086 1023 4155 Korlsborq.
1043 4084 1140 4154 Sicori,
1158 4086 1300 4154 mitroool,
1318 4101 1378 4139 war
1395 4084 1427 4138 ia
1444 4083 1552 4138 wasser
1575 4081 1676 4138 Wucba

206 4173 241 4227 30
379 4176 436 4242 auf
449 4176 498 4230 ἄεν
516 4174 659 4230 Rr'tckaeitc
677 4175 866 4244 ausgedrilctt.

433 4295 546 4367 Regem
567 4296 730 4352 Tdrltnelmi
747 4295 793 4350 teir
811 4298 888 4362 1889,
907 4298 968 4350 585.

431 4472 463 4536 N
464 4491 500 4537 os
521 4472 668 4537 Andreas
690 4471 742 4536 dei
764 4477 796 4535 et
818 4470 1009 4554 apostolicae
1032 4470 1117 4534 sadis
1132 4470 1233 4553 gratia
1248 4469 1416 4553 episcopus
1430 4467 1676 4532 Transsiluanus

277 4574 492 4657 significamus
524 4576 641 4659 quibus
671 4575 801 4659 expedit
832 4574 991 4638 universis
1013 4574 1230 4657 praesentium
1252 4578 1484 4656 perimerem,
1515 4570 1603 4653 quod
1625 4590 1677 4634 ac·

277 4678 425 4743 cedentes
447 4680 487 4743 ad
510 4680 721 4763 praesentiam
744 4683 886 4742 nostram
909 4677 1033 4741 nobiles
1054 4676 1211 4759 Mychael,
1232 4676 1368 4740 Thomas
1391 4682 1424 4739 et
1447 4673 1597 4738 Nicolaus
1619 4672 1676 4735 filii

207 4788 241 4842 35
277 4779 426 4863 Symonis
449 4782 533 4864 bani
555 4787 678 4847 astante
701 4782 747 4846 eis
763 4781 893 4845 Nicolao
917 4781 1138 4847 archidiacono
1162 4781 1201 4844 de
1216 4780 1336 4844 Hnnad
1358 4779 1511 4843 canonico
1534 4777 1677 4841 eiusdem

276 4886 428 4950 ecclesiae
450 4892 577 4951 nostrae
600 4892 753 4970 exparte
775 4887 910 4951 fratrum
932 4892 1115 4949 nostrorum
1139 4885 1178 4948 de
1201 4884 1349 4968 capitula,
1371 4883 1411 4946 ad
1434 4883 1583 4946 boccum
1599 4881 1677 4964 ipsis

277 4991 463 5054 transmisso
478 4995 715 5075 proposuerunt
729 4996 762 5054 et
776 4991 808 5052 in
826 4990 911 5053 hunc
926 4989 1057 5053 modum
1072 4995 1290 5073 proponentes
1305 5006 1378 5050 cum
1394 4986 1545 5049 instantia
1556 4984 1678 5068 suppli·

276 5100 399 5176 cerunt
416 5095 502 5177 quod
518 5114 591 5158 cum
607 5094 667 5178 ipsi
682 5093 723 5157 ad
738 5113 794 5158 cor
804 5094 925 5157 reversi
938 5100 970 5158 et
982 5113 1016 5157 se
1028 5097 1292 5176 recognoscentes
1304 5111 1377 5155 cum
1393 5089 1512 5154 eisdem
1526 5087 1678 5152 tratribus

276 5197 395 5262 nostris
417 5197 457 5262 de
478 5197 617 5281 capitulo
639 5198 674 5261 in
696 5198 830 5282 gratim
845 5203 877 5262 et
893 5198 1180 5262 reconciliationem
1197 5195 1424 5260 convenissent
1438 5198 1470 5257 et
1484 5191 1678 5257 reconciliati

206 5308 242 5364 40
277 5321 313 5365 ac
327 5301 470 5386 pacisciti
484 5322 557 5366 cum
573 5303 693 5367 eisdem
707 5303 891 5366 fuissentne
903 5301 942 5365 de
954 5301 1102 5365 omuibus
1115 5301 1245 5365 decimis
1257 5305 1288 5364 et
1300 5298 1414 5363 debitis
1426 5298 1578 5382 ipsorum,
1595 5315 1678 5379 quae

276 5407 369 5471 annis
398 5406 626 5471 subtraxerant
656 5413 688 5471 et
718 5411 961 5490 occupaverant
997 5405 1175 5469 secundnm
1199 5404 1285 5487 quod
1308 5422 1382 5468 cum
1403 5402 1482 5486 ipsis
1503 5400 1677 5465 convenire

276 5515 461 5595 potuerunt
476 5518 573 5597 prout
587 5506 722 5576 iuferius
737 5510 909 5595 apparebit
927 5509 1174 5574 satisfactionem
1190 5509 1445 5593 assumpsissent,
1461 5526 1480 5569 a
1495 5505 1588 5570 nobis
1603 5524 1677 5569 cum
