4086 6300
987 598 1142 693 Ari„

368 785 518 849 instantia
541 785 755 869 supplicantes
777 786 969 869 petiverunt,
991 793 1028 851 ut
1050 788 1135 871 ipsos
1158 807 1177 850 a
1200 785 1365 850 sententiis
1388 785 1763 865 excommunicationum,

370 909 449 971 quas
471 896 639 973 propterea
660 891 870 972 incurrerant,
893 890 1016 955 absolvi
1038 893 1142 955 facere
1165 897 1197 954 et
1219 891 1360 954 ecclesiis
1375 889 1581 953 sacramentis
1595 890 1763 953 restituere

368 994 454 1076 ipsos
477 993 688 1076 dignaremur.
711 994 778 1057 Nos
801 1015 877 1058 vero
901 996 1017 1059 auditis
1033 996 1174 1078 ipserum
1190 993 1475 1078 supplicationibus
1490 998 1522 1057 et
1536 994 1631 1058 etiam
1647 993 1764 1056 auditis

369 1096 622 1159 confessionibus
645 1104 677 1159 et
700 1099 968 1181 acceptationibus
991 1100 1123 1161 hamum
1148 1104 1330 1162 nestrorum
1346 1099 1385 1162 de
1401 1098 1539 1182 capitulo
1555 1096 1764 1180 pereundam

368 1199 535 1262 Nicolaum
558 1200 814 1264 archidiaconum
837 1202 966 1266 nomine
989 1204 1128 1285 ipsorum
1152 1223 1259 1266 coram
1279 1202 1372 1266 nobis
1392 1202 1562 1287 propositis
1582 1202 1668 1284 ipsos
1682 1198 1765 1263 filios
1798 1208 1816 1258 5

369 1302 517 1384 Symenis
532 1303 606 1366 bani
622 1305 799 1367 secundum
814 1305 945 1368 formam
963 1325 1131 1385 canonum,
1153 1313 1280 1390 recepta
1295 1307 1334 1370 ab
1349 1306 1426 1390 ipsis
1440 1306 1593 1369 iuratoria
1607 1304 1765 1385 cautione,

372 1407 458 1487 quod
482 1407 542 1490 ipsi
564 1413 596 1471 et
618 1408 657 1471 de
680 1408 850 1472 subtractis
873 1410 1003 1473 decimis
1019 1417 1051 1473 et
1065 1412 1227 1493 usurpatis
1246 1411 1423 1473 secundum
1443 1410 1528 1492 quod
1544 1412 1766 1472 convenerunt

370 1510 488 1574 eisdem
512 1510 664 1574 homibus
686 1513 803 1575 nostris
826 1513 1045 1577 satisfacerent
1067 1519 1099 1577 et
1120 1500 1340 1597 perselrerent
1361 1519 1393 1577 et
1415 1534 1433 1576 a
1454 1512 1548 1576 modo
1571 1512 1605 1574 in
1620 1512 1765 1575 futurum

369 1613 465 1677 iidem
494 1614 552 1677 filii
574 1614 724 1695 Symonis
754 1616 829 1680 bani
859 1617 898 1681 de
929 1617 1059 1681 decimis
1089 1618 1223 1680 fratrum
1245 1623 1425 1681 nostrerum
1450 1616 1489 1681 de
1511 1615 1765 1700 possessionibus

260 1725 263 1731 '
370 1717 513 1799 ipsorum
545 1719 705 1782 universis
738 1719 1001 1802 prevenientibus
1024 1740 1200 1803 numquam
1233 1740 1267 1784 se
1297 1721 1553 1802 intromitterent,
1587 1719 1644 1784 sed
1668 1719 1765 1783 iidem
1802 1727 1837 1779 10

371 1820 485 1883 iratres
508 1822 609 1885 nostri
632 1822 671 1886 de
693 1824 832 1906 capitulo
853 1824 904 1887 vel
927 1844 984 1907 per
1007 1824 1157 1888 officiales
1181 1844 1257 1888 suos
1272 1823 1422 1906 exigendi
1437 1828 1494 1887 aut
1509 1823 1766 1905 qmbuscumque

369 1924 474 1988 locare
505 1924 674 2007 voluerint,
707 1926 834 1989 locandi
863 1926 996 1991 liberem
1018 1926 1181 1992 habebunt
1203 1928 1394 2010 facultatem,
1428 1933 1465 1991 ut
1491 1932 1686 2011 praetactum
1708 1932 1765 1991 est

372 2027 462 2111 Ipsos
491 2027 574 2092 filios
602 2029 752 2111 Symonis
781 2030 857 2094 bani
883 2031 922 2093 ab
945 2030 1336 2113 excommunicationibus,
1369 2032 1485 2113 quibus
1515 2032 1642 2095 fuerant
1671 2050 1766 2115 prop

372 2137 458 2195 terea
479 2133 632 2214 innodati,
654 2153 711 2217 per
733 2134 950 2198 honorabilem
966 2135 1071 2197 virum
1087 2135 1253 2199 deminum
1266 2135 1416 2198 Thomam
1433 2135 1598 2199 custodem
1614 2135 1765 2199 ecclesiae

372 2241 499 2299 nostrae
521 2237 801 2319 poenitentiarium
817 2244 964 2301 nestrum
978 2238 1018 2301 ad
1034 2239 1093 2301 hoc
1106 2239 1283 2322 specialiter
1295 2239 1483 2321 deputatum
1494 2237 1617 2301 absolvi
1631 2237 1765 2301 fecimus
1802 2246 1835 2298 15

370 2342 403 2401 et
425 2338 577 2403 duximus
600 2340 819 2422 absolvendos
842 2343 1012 2405 canonicae
1035 2341 1235 2425 obligationis
1257 2342 1438 2406 conditione
1460 2340 1643 2405 huiusmodi
1665 2341 1764 2404 inter·

371 2442 459 2523 iecta,
495 2444 581 2526 quod
615 2446 641 2507 si
677 2446 924 2509 satisfactionem
954 2451 1150 2529 assumptam
1181 2445 1329 2508 videlicet
1353 2444 1535 2519 Nicolaus1)
1566 2444 1766 2508 medietatem

372 2546 521 2610 tredecim
551 2568 729 2611 marcarum
758 2557 790 2613 et
812 2550 956 2631 Mychael
981 2549 1180 2612 medietatem
1204 2554 1342 2630 quatuor
1364 2568 1542 2611 marcarum
1564 2547 1621 2611 fini
1643 2550 1768 2631 argenti

371 2650 519 2733 penderis
534 2651 684 2715 Albensis
707 2654 739 2715 in
765 2655 885 2717 octavis
907 2654 1133 2736 assumptionis
1156 2653 1265 2717 beatae
1283 2654 1415 2735 virginis
1430 2653 1575 2735 proxime
1590 2653 1736 2716 venturis
1744 2652 1766 2729 ²)

371 2759 404 2817 et
425 2754 519 2817 aliam
541 2755 742 2820 medietatem
766 2758 798 2819 in
822 2757 930 2840 vigilia
952 2756 1036 2821 beati
1056 2755 1230 2838 Mychaelis
1252 2755 1433 2839 archangeli
1454 2755 1599 2819 similiter
1619 2756 1765 2840 proxime
1801 2762 1836 2816 20

371 2856 548 2940 venturall,
577 2866 674 2941 prout
703 2880 810 2924 coram
840 2860 932 2924 nobis
963 2866 1213 2944 assumpserunt,
1244 2860 1362 2924 eisdem
1384 2859 1537 2923 fratribus
1559 2860 1677 2923 nostris
1699 2879 1765 2922 non

370 2961 590 3042 persolverent
622 2970 678 3027 aut
710 2965 744 3027 in
767 2965 912 3028 hrturum
941 2965 975 3027 in
1006 2964 1089 3028 facte
1120 2964 1314 3028 decimarum
1344 2982 1378 3027 se
1408 2964 1515 3045 aliquo
1545 2963 1640 3027 modo
1666 2963 1766 3027 intro-

371 3065 515 3128 miserint
537 3066 589 3131 vel
611 3069 838 3151 usurpaverint
858 3068 910 3131 rel
933 3068 1054 3149 aliquid
1076 3073 1187 3131 centra
1208 3067 1295 3151 ipsos
1316 3068 1429 3130 matres
1452 3072 1578 3131 nostros
1600 3068 1685 3130 circa
1707 3068 1766 3131 hoc

373 3187 431 3251 per
454 3188 488 3233 se
511 3169 562 3233 vel
585 3190 642 3254 per
664 3172 742 3235 alies
764 3172 867 3255 palam
891 3172 942 3235 vel
965 3171 1089 3235 occulte
1112 3171 1243 3253 aliquod
1268 3170 1529 3254 impedimentum
1551 3171 1767 3254 praestiterint

371 3273 424 3336 rel
439 3274 578 3355 aliquam
594 3274 813 3339 difficultatem
828 3275 1039 3357 adhibuerint,
1055 3280 1190 3338 extunc
1205 3275 1274 3357 ipso
1291 3274 1373 3336 facto
1385 3274 1563 3338 reincidant
1574 3274 1764 3338 sententiam
1800 3281 1835 3334 25

372 3379 711 3443 excommunicationis
720 3381 753 3442 in
766 3381 898 3444 eandem
911 3385 943 3443 et
955 3380 1048 3443 etiam
1061 3384 1184 3443 reatum
1197 3378 1328 3461 periurii
1340 3378 1514 3442 incurrant.
1525 3377 1645 3442 Datum
1656 3377 1767 3459 Albae,

372 3479 508 3544 Sabbato
521 3483 667 3565 proximo
683 3489 757 3547 ante
777 3483 966 3546 dominicam
981 3483 1130 3565 Jubilate,
1150 3502 1233 3546 anno
1254 3482 1374 3545 domini
1396 3460 1438 3545 ll.
1462 3459 1563 3546 bdd
1579 3460 1655 3545 XX.
1671 3501 1765 3545 nono.

527 3637 602 3721 Auf
616 3638 671 3701 der
692 3637 868 3703 Briclmcite:
897 3639 1096 3704 Memoriales
1126 3658 1183 3722 pro
1214 3638 1353 3721 capitulo
1384 3645 1495 3702 contra
1516 3638 1714 3720 Mychaelem
1737 3643 1768 3701 et

373 3739 538 3804 Nicolaum
560 3740 642 3805 filios
658 3741 807 3824 Symenis
830 3743 904 3806 bani
926 3744 965 3806 ad
989 3748 1117 3807 octavas
1139 3741 1366 3825 assumptionis
1387 3741 1499 3806 beatae
1520 3742 1654 3825 virginis
1675 3747 1706 3805 et
1727 3741 1767 3804 ad

372 3843 512 3926 vigiliam
534 3844 618 3909 beati
641 3846 815 3929 Mychaelis
838 3866 934 3931 super
957 3846 1115 3910 solutione
1138 3846 1341 3909 decimarum.
1802 3850 1838 3903 30

1018 4137 1114 4220 toa.

449 4305 554 4374 1329
571 4302 651 4375 Jat
669 4308 735 4376 27.
763 4304 841 4376 Dae
866 4301 1147 4392 Werbseatarper
1164 4300 1308 4391 Kopitel
1334 4299 1480 4391 beaeapt,
1508 4300 1589 4371 dees
1607 4298 1769 4371 Andreas

372 4424 414 4494 da
430 4423 556 4515 Bakay
583 4425 638 4497 die
656 4426 844 4517 Besitaaap
869 4422 1208 4514 Weiapartsltirchaa
1236 4420 1405 4494 lllikohruo
1431 4421 1505 4492 aad
1525 4420 1681 4492 Michael
1704 4443 1769 4492 ooo

371 4544 514 4636 Kelliap
539 4545 727 4637 dberpebcn
752 4548 822 4618 bat.

531 4709 607 4779 θήρ.
625 4710 705 4780 Perp.
729 4711 832 4780 Unger.
850 4707 1058 4763 Londesarcba'a
1076 4707 1227 4774 Badapcst.
1250 4704 1345 4775 Stoyci,
1363 4705 1470 4760 mamers
1494 4704 1602 4772 Wacta,
1621 4721 1660 4758 aa
1677 4704 1769 4757 rotber
1804 4704 1839 4757 35

476 4795 676 4851 sememmnur
694 4797 857 4866 aayehctnqt,
880 4795 999 4850 derselbe
1017 4793 1133 4861 Sterope!
1149 4792 1200 4846 wie
1218 4792 1271 4845 Nr.
1288 4795 1349 4846 216.
1368 4821 1402 4831 -
1419 4791 1475 4844 Die
1498 4790 1627 4845 Urhuada
1644 4790 1682 4843 iet
1699 4789 1770 4843 aaut

475 4882 664 4952 dapescbaltet
687 4899 740 4937 eon
763 4884 823 4937 dem
847 4881 1070 4950 Weissenhurper
1088 4879 1203 4947 Kapitel
1227 4882 1304 4946 1379,
1331 4878 1406 4949 Orio.
1430 4877 1534 4947 Unger.
1552 4875 1769 4931 Laodcearchio.

533 5002 757 5073 Unvollatdodip:
775 5004 860 5073 Nepy
880 5002 945 5058 cod,
963 4998 1171 5071 Andcpavenais
1188 5000 1233 5067 H,
1251 5002 1312 5053 421.

529 5124 641 5195 Repeti:
660 5126 746 5194 Fejtr
766 5125 857 5181 ordea
873 5123 932 5190 XI,
949 5126 1010 5177 470.

529 5300 550 5367 ¹)
568 5298 698 5365 Hierasos
711 5297 962 5366 durcbqeatn'cben:
979 5298 997 5349 t.

528 5387 550 5453 ¹)
568 5387 678 5455 Auram
695 5389 738 5439 22.

528 5472 550 5540 ⁸)
569 5470 721 5539 September
738 5474 781 5525 28.
