4064 6288
891 579 1047 675 -es-

269 767 418 852 legitimis
432 786 493 833 nec
508 767 714 852 exceptiones
724 765 859 850 probare
868 767 974 851 potuit
987 787 1084 852 supra
1095 766 1203 849 dictas,
1214 785 1274 831 nec
1285 765 1480 831 sufficienter
1489 765 1667 831 instructus

267 871 302 934 in
326 870 486 954 assignmo
509 870 570 935 sibi
592 862 728 935 termino
757 888 947 954 comparere.
991 871 1087 936 Unde
1109 870 1149 934 ed
1171 869 1349 954 probandas
1371 868 1577 952 exceptiones
1598 888 1667 933 eas·

269 975 340 1039 dem
371 979 437 1037 tam
460 992 518 1058 per
539 978 638 1038 testes
669 993 765 1056 quam
787 992 845 1057 per
873 974 1095 1053 instrumente,
1124 974 1219 1037 etiam
1243 992 1310 1036 non
1340 971 1486 1035 obstante
1506 972 1668 1055 praedicta

268 1077 516 1157 interlocutoria,
539 1077 579 1139 de
601 1077 671 1140 iure
686 1077 849 1140 communi
871 1095 929 1141 seu
943 1096 1001 1161 per
1022 1075 1212 1142 beneficium
1226 1074 1436 1140 restitutionis
1456 1076 1492 1137 in
1506 1076 1667 1157 integrum

218 1191 236 1244 b
269 1179 450 1264 postulabat
465 1179 597 1261 admitti,
619 1184 825 1263 procuratore
839 1180 940 1263 ipsius
954 1180 1171 1262 Ultrasilvani,
1194 1179 1329 1262 quodid
1350 1177 1419 1242 lieri
1441 1196 1507 1241 non
1529 1179 1667 1262 deberet,

268 1282 488 1368 multipliciter
520 1283 742 1366 respondente.
795 1282 877 1347 Cum
910 1288 1017 1348 autem
1047 1302 1144 1368 super
1174 1282 1356 1367 praemissis
1383 1300 1490 1345 coram
1522 1283 1666 1347 auditore

267 1387 409 1472 praelato
439 1386 553 1451 fuisset
582 1387 703 1450 diuuus
725 1386 928 1467 altercatum,
958 1407 1017 1451 nos
1043 1387 1212 1452 intellectis
1240 1404 1299 1469 per
1324 1384 1449 1449 fidelem
1480 1385 1667 1451 relationem

267 1491 369 1575 ipsius
382 1509 465 1573 quae
476 1490 566 1555 fuere
577 1491 740 1575 proposita
750 1510 856 1555 coram
868 1509 915 1571 eo,
923 1490 1123 1555 attendentes
1134 1494 1281 1555 neutram
1293 1489 1535 1570 quaestionum
1526 1509 1668 1574 rpsarum

268 1594 432 1659 remissam
462 1612 532 1659 esse
554 1595 600 1657 sic
629 1591 826 1658 sufficienter
853 1595 1050 1675 instructam,
1082 1592 1169 1675 quod
1190 1592 1231 1656 ad
1253 1590 1454 1656 diffinitivam
1477 1594 1667 1658 sententiam

203 1704 236 1761 10
270 1697 442 1781 procedere
463 1696 652 1777 valeremus
675 1716 749 1760 cum
772 1697 927 1778 quaedam
951 1715 993 1760 ex
1015 1696 1271 1761 attestationibus
1292 1695 1435 1760 eiusdem
1458 1695 1668 1760 Uitrasilvani

268 1803 302 1865 in
323 1807 461 1883 utraque
491 1818 588 1865 causa
616 1801 753 1884 receptis
778 1800 970 1865 calumniam
991 1804 1185 1883 paterentur,
1215 1818 1257 1863 ex
1280 1817 1318 1863 eo
1343 1798 1583 1880 quodquidam
1603 1805 1667 1864 tes·

268 1905 349 1969 tium
375 1904 610 1989 praedictorum
643 1905 763 1988 recepti
793 1903 832 1968 ab
863 1922 910 1985 eo,
942 1903 998 1985 qui
1028 1908 1216 1987 potestatem
1246 1901 1419 1986 recipiendi
1448 1921 1516 1966 non
1547 1903 1667 1985 habuit,

268 2009 463 2073 exstiterunt
484 2013 517 2073 et
539 2008 741 2090 quorrmdam
764 2008 847 2072 dicta
876 2007 1012 2072 luissent
1033 2025 1091 2090 per
1111 2006 1176 2069 iem
1197 2005 1274 2070 dicti
1294 2005 1476 2070 Penestrini
1494 2005 1668 2071 interlocu

269 2111 382 2175 terium
412 2112 590 2196 reprobato,
612 2112 652 2175 de
676 2110 795 2193 quibus
816 2110 910 2194 plene
932 2110 1014 2174 sciro
1035 2110 1207 2191 nequimus
1229 2109 1404 2189 veritatem,
1436 2108 1475 2172 de
1496 2109 1667 2198 utriusque

207 2223 238 2275 ιι
270 2216 369 2298 partis
390 2221 633 2299 procuratorum
663 2232 796 2278 assensu
819 2213 1015 2294 mandamus,
1046 2218 1206 2294 quatenus
1227 2212 1348 2276 vocatis
1372 2211 1426 2293 qui
1456 2216 1586 2295 propter
1607 2212 1668 2276 hoc

270 2317 389 2382 luerint
375 2317 575 2398 tevocandi,
605 2317 758 2380 iacientes
780 2315 872 2379 vobis
894 2315 1107 2398 depositiones
1137 2320 1338 2398 receptorum
1360 2315 1490 2379 testium
1512 2314 1666 2396 exhiberi,

270 2426 303 2484 ιι
321 2420 392 2484 illas
415 2440 496 2502 quas
526 2419 755 2483 rationabiliter
783 2417 1004 2503 approbandas
1024 2419 1168 2483 videritis
1189 2417 1366 2502 reprobatis
1394 2417 1528 2499 reliquis
1554 2435 1667 2501 appro-

270 2523 382 2586 bantes
405 2542 442 2585 ac
464 2522 599 2605 receptis
620 2521 871 2605 probationibus,
893 2523 920 2585 si
943 2541 1024 2604 quas
1045 2528 1151 2606 partes
1174 2522 1213 2586 de
1234 2523 1305 2585 iure
1326 2521 1540 2605 produxerint
1561 2539 1668 2585 coram

270 2627 370 2708 vobis,
399 2632 432 2690 ιι
453 2626 570 2689 auditis
602 2625 773 2689 hincinde
795 2625 973 2709 propositis,
1003 2631 1178 2708 utrumque
1207 2626 1380 2708 negotium,
1403 2624 1429 2687 si
1459 2624 1499 2688 de
1528 2625 1668 2708 partium

205 2735 238 2791 ιο
270 2730 436 2794 voluntate
470 2728 668 2813 processerit,
698 2729 815 2793 iudicio
845 2729 898 2793 vel
931 2730 1100 2795 concordia
1132 2730 1308 2794 terminetis
1340 2748 1378 2792 ac
1410 2727 1547 2810 leciafis,
1582 2728 1669 2810 quod

270 2834 444 2898 statueritis
468 2880 596 2895 .....
619 2831 774 2914 Alioquin
796 2833 906 2896 eadem
925 2834 1053 2916 negotia
1071 2832 1267 2897 sufficienter
1284 2833 1440 2896 instructa
1462 2831 1502 2895 ad
1523 2836 1669 2896 nostrum

270 2937 438 3001 remittatis
465 2953 610 3017 examen,
639 2934 783 3018 praefixo
812 2935 957 3020 partibus
986 2937 1122 3000 termino
1155 2935 1383 3019 peremptorio,
1410 2935 1491 2999 testo
1521 2934 1670 2999 videlicet

271 3040 355 3105 beati
376 3038 540 3103 Michaelis
567 3039 715 3122 proxime
742 3038 861 3121 futtuo,
893 3057 957 3120 quo
980 3059 1054 3103 cum
1076 3039 1163 3121 actis,
1192 3039 1399 3103 munimentis
1428 3045 1462 3103 et
1490 3038 1669 3103 rationibus

271 3145 337 3208 suis
359 3148 564 3227 compareant
585 3161 691 3205 coram
712 3141 806 3206 nobis
827 3143 927 3206 iustas
943 3147 1073 3207 auctore
1095 3143 1154 3207 deo
1178 3140 1351 3206 sententias
1366 3142 1541 3206 auditiuae.
1576 3140 1670 3218 Quod

206 3251 239 3306 25
272 3245 396 3327 ιιιιιιι,
419 3250 456 3309 tu
477 3264 516 3309 ea
537 3244 634 3309 frater
656 3246 803 3328 episcopo
820 3293 920 3308 .....
935 3244 1055 3309 Datum
1069 3244 1214 3326 Viterbii,
1236 3243 1310 3307 XV.
1332 3243 1493 3308 Kalendas
1513 3243 1668 3323 ianuarii,

272 3369 355 3412 anno
378 3369 475 3412 nono.

937 3556 1003 3644 tt.

349 3717 693 3792 InselErclo1236.
721 3721 839 3812 Kdaip
864 3721 955 3794 Belu
973 3722 1043 3793 IV.
1072 3720 1240 3794 bestimmt
1257 3721 1385 3793 Rechts
1411 3721 1485 3791 aad
1501 3719 1670 3808 fflicbtm

273 3840 334 3912 der
359 3840 554 3913 Deutschee
579 3865 644 3913 voe
669 3840 769 3914 Dee‘s.

209 4001 241 4055 30
429 4003 505 4073 Oriq.
523 4003 603 4073 Perq.
623 4003 799 4058 Studturcbs'o
816 4006 897 4059 Dede.
916 4006 1005 4077 διομεῖ
1021 4024 1082 4061 wer
1099 4007 1262 4076 anpebdaqt.

426 4124 538 4179 urus:
557 4123 756 4193 Scbdesburper
768 4125 1025 4195 Prcqrcmm1862,
1043 4131 1086 4182 49.
1110 4127 1220 4181 Wemel
1239 4124 1303 4181 Ood.
1316 4125 1424 4193 Arpcd.
1443 4123 1500 4189 XI,
1517 4126 1576 4177 285.
1595 4121 1671 4175 Den-

374 4211 493 4264 susiccu
510 4210 677 4264 Documento
695 4214 755 4264 143.

353 4370 357 4375 ⁵
426 4383 504 4449 Bela
531 4385 583 4449 dei
611 4386 712 4469 gratia
738 4386 932 4470 Hungariae,
962 4388 1151 4468 Dalmaciae,
1185 4386 1343 4466 Crouciae,
1376 4384 1503 4464 Ramee,
1533 4380 1671 4461 Seruios,

274 4484 488 4567 Iodomeriae,
510 4486 679 4572 Brdgariae
702 4489 940 4573 Cumaniaeque
963 4511 1023 4556 rex
1046 4491 1194 4555 omnibus
1217 4489 1333 4553 Christi
1354 4486 1501 4551 fidelibus
1522 4502 1673 4569 praesens

209 4594 241 4649 35
274 4591 426 4673 scriptum
448 4591 639 4675 inspecturis
654 4594 789 4657 salutem
808 4595 843 4657 in
865 4597 1008 4660 omnium
1025 4595 1191 4660 salvatore.
1213 4592 1265 4655 Ad
1283 4590 1507 4654 universorum
1528 4588 1673 4652 notitimn

272 4693 384 4758 harum
414 4695 494 4758 serie
517 4694 667 4759 volumus
688 4696 864 4780 pervenire,
897 4700 985 4781 quod
1014 4697 1201 4762 accedentes
1222 4695 1262 4758 sd
1291 4698 1433 4757 nostram
1462 4691 1673 4777 praesentiam

273 4794 398 4860 villicus
421 4803 454 4860 et
482 4797 622 4881 hospites
653 4801 753 4862 nostri
782 4800 822 4863 de
843 4798 1006 4882 Deesvvar,
1035 4799 1148 4866 humili
1177 4815 1271 4882 prece
1301 4796 1433 4859 anobis
1461 4795 1673 4880 postularunt,

272 4904 309 4962 ut
330 4897 507 4963 libertatem
529 4919 640 4965 eorum
663 4902 702 4965 ab
725 4903 856 4968 Andrea
878 4907 1041 4969 carissimo
1071 4910 1161 4988 patre
1184 4905 1294 4964 nostro
1322 4898 1422 4963 felicis
1445 4896 1674 4962 recordationis

273 5002 391 5067 eisdem
404 5022 587 5067 concessam
602 5009 711 5069 nostro
727 5006 933 5090 dignaremur
947 5008 1114 5092 privilegio
1131 5004 1327 5068 confirmare.
1350 4999 1586 5078 Quamobrem
1599 5017 1673 5082 pro·

210 5108 244 5164 ιι)
275 5105 379 5189 prium
400 5111 450 5170 est
471 5106 576 5189 regiae
598 5108 755 5172 maiestati
777 5110 1034 5175 condescendere
1060 5108 1207 5194 precibus
1230 5106 1440 5185 subditorum,
1461 5107 1500 5165 ut
1521 5119 1675 5164 numerus

275 5214 428 5291 augeatur
456 5210 648 5293 populorum
677 5215 710 5275 et
737 5231 795 5295 per
824 5214 885 5277 hoc
907 5213 995 5297 regia
1024 5212 1168 5295 potentia
1195 5210 1291 5274 latius
1313 5207 1515 5288 extendatur,
1545 5204 1585 5268 ob
1615 5203 1676 5267 hoc

275 5310 420 5393 precibus
449 5313 739 5379 condescendentes
772 5334 886 5381 eorum
916 5316 998 5381 banc
1027 5315 1206 5379 libertatem
1233 5311 1450 5377 inviolabilem
1475 5307 1676 5372 decrevimus

277 5412 393 5477 eisdem
422 5416 611 5499 condonare,
639 5422 677 5480 ut
706 5418 866 5482 aiudicio
898 5424 931 5485 et
955 5419 1173 5483 iurisdictione
1204 5417 1356 5483 comitum
1384 5414 1424 5478 de
1453 5411 1590 5477 Zounulr
1617 5428 1675 5493 pro

383 5547 573 5594 urkundenbuch.
1556 5529 1573 5583 5
