<?xml version="1.0" encoding="UTF-8"?>
<!DOCTYPE html PUBLIC "-//W3C//DTD XHTML 1.0 Transitional//EN"
    "http://www.w3.org/TR/xhtml1/DTD/xhtml1-transitional.dtd">
<html xmlns="http://www.w3.org/1999/xhtml" xml:lang="en" lang="en">
 <head>
  <title>
</title>
<meta http-equiv="Content-Type" content="text/html;charset=utf-8" />
  <meta name='ocr-system' content='tesseract 3.04.00' />
  <meta name='ocr-capabilities' content='ocr_page ocr_carea ocr_par ocr_line ocrx_word'/>
</head>
<body>
  <div class='ocr_page' id='page_1' title='image "./urkundenbuchzur00mlgoog_0253.png"; bbox 0 0 4088 6292; ppageno 0'>
   <div class='ocr_carea' id='block_1_1' title="bbox 953 576 1107 671">
    <p class='ocr_par' dir='ltr' id='par_1_1' title="bbox 953 576 1107 671">
     <span class='ocr_line' id='line_1_1' title="bbox 953 576 1107 671; baseline 0 -33"><span class='ocrx_word' id='word_1_1' title='bbox 953 576 1107 671; x_wconf 47' lang='lat' dir='ltr'><em>Q</em></span> 
     </span>
    </p>
   </div>
   <div class='ocr_carea' id='block_1_2' title="bbox 329 763 1783 1679">
    <p class='ocr_par' dir='ltr' id='par_1_2' title="bbox 329 763 1783 1679">
     <span class='ocr_line' id='line_1_2' title="bbox 332 763 1732 848; baseline 0.001 -20"><span class='ocrx_word' id='word_1_2' title='bbox 332 784 470 847; x_wconf 81' lang='lat' dir='ltr'>querum</span> <span class='ocrx_word' id='word_1_3' title='bbox 493 784 558 828; x_wconf 89' lang='lat' dir='ltr'>una</span> <span class='ocrx_word' id='word_1_4' title='bbox 578 769 627 830; x_wconf 91' lang='lat' dir='ltr'>est</span> <span class='ocrx_word' id='word_1_5' title='bbox 648 770 752 829; x_wconf 87' lang='lat' dir='ltr'>terrae</span> <span class='ocrx_word' id='word_1_6' title='bbox 774 763 864 845; x_wconf 85' lang='lat' dir='ltr'>Sard,</span> <span class='ocrx_word' id='word_1_7' title='bbox 886 765 948 830; x_wconf 87' lang='lat' dir='ltr'>ulia</span> <span class='ocrx_word' id='word_1_8' title='bbox 970 770 1072 830; x_wconf 83' lang='lat' dir='ltr'>terroe</span> <span class='ocrx_word' id='word_1_9' title='bbox 1093 765 1225 848; x_wconf 85' lang='lat' dir='ltr'>Ompey,</span> <span class='ocrx_word' id='word_1_10' title='bbox 1248 765 1342 831; x_wconf 88' lang='lat' dir='ltr'>tertia</span> <span class='ocrx_word' id='word_1_11' title='bbox 1364 784 1440 829; x_wconf 83' lang='lat' dir='ltr'>vero</span> <span class='ocrx_word' id='word_1_12' title='bbox 1463 770 1567 830; x_wconf 89' lang='lat' dir='ltr'>terrae</span> <span class='ocrx_word' id='word_1_13' title='bbox 1581 765 1732 829; x_wconf 87' lang='lat' dir='ltr'>Borband</span> 
     </span>
     <span class='ocr_line' id='line_1_3' title="bbox 331 867 1732 954; baseline 0 -21"><span class='ocrx_word' id='word_1_14' title='bbox 331 869 574 954; x_wconf 79' lang='lat' dir='ltr'>praedictarum</span> <span class='ocrx_word' id='word_1_15' title='bbox 606 868 687 933; x_wconf 93' lang='lat' dir='ltr'>Inde</span> <span class='ocrx_word' id='word_1_16' title='bbox 708 867 847 933; x_wconf 87' lang='lat' dir='ltr'>flectitur</span> <span class='ocrx_word' id='word_1_17' title='bbox 869 875 981 933; x_wconf 76' lang='lat' dir='ltr'>oonua</span> <span class='ocrx_word' id='word_1_18' title='bbox 1010 869 1260 953; x_wconf 76' lang='lat' dir='ltr'>septentrionem</span> <span class='ocrx_word' id='word_1_19' title='bbox 1289 875 1322 933; x_wconf 88' lang='lat' dir='ltr'>et</span> <span class='ocrx_word' id='word_1_20' title='bbox 1352 869 1450 933; x_wconf 80' lang='lat' dir='ltr'><strong>intrat</strong></span> <span class='ocrx_word' id='word_1_21' title='bbox 1471 889 1586 933; x_wconf 90' lang='lat' dir='ltr'>nemus</span> <span class='ocrx_word' id='word_1_22' title='bbox 1608 867 1732 953; x_wconf 83' lang='lat' dir='ltr'>Ompey</span> 
     </span>
     <span class='ocr_line' id='line_1_4' title="bbox 330 973 1732 1057; baseline 0.001 -20"><span class='ocrx_word' id='word_1_23' title='bbox 330 974 371 1037; x_wconf 86' lang='lat' dir='ltr'>ad</span> <span class='ocrx_word' id='word_1_24' title='bbox 400 973 546 1037; x_wconf 81' lang='lat' dir='ltr'>arborem</span> <span class='ocrx_word' id='word_1_25' title='bbox 569 973 640 1037; x_wconf 86' lang='lat' dir='ltr'>tuul</span> <span class='ocrx_word' id='word_1_26' title='bbox 663 977 747 1037; x_wconf 89' lang='lat' dir='ltr'>meta</span> <span class='ocrx_word' id='word_1_27' title='bbox 767 980 873 1038; x_wconf 86' lang='lat' dir='ltr'>terrea</span> <span class='ocrx_word' id='word_1_28' title='bbox 897 974 1132 1038; x_wconf 75' lang='lat' dir='ltr'><strong>circumdatam.</strong></span> <span class='ocrx_word' id='word_1_29' title='bbox 1166 974 1245 1037; x_wconf 91' lang='lat' dir='ltr'>Inde</span> <span class='ocrx_word' id='word_1_30' title='bbox 1269 973 1425 1038; x_wconf 82' lang='lat' dir='ltr'>transiens</span> <span class='ocrx_word' id='word_1_31' title='bbox 1454 974 1560 1057; x_wconf 91' lang='lat' dir='ltr'>ipsum</span> <span class='ocrx_word' id='word_1_32' title='bbox 1591 980 1732 1038; x_wconf 83' lang='lat' dir='ltr'>veterem</span> 
     </span>
     <span class='ocr_line' id='line_1_5' title="bbox 330 1076 1732 1161; baseline -0.001 -18"><span class='ocrx_word' id='word_1_33' title='bbox 330 1078 466 1143; x_wconf 85' lang='lat' dir='ltr'>fluvium</span> <span class='ocrx_word' id='word_1_34' title='bbox 482 1076 606 1161; x_wconf 82' lang='lat' dir='ltr'>Ompey</span> <span class='ocrx_word' id='word_1_35' title='bbox 627 1078 663 1140; x_wconf 95' lang='lat' dir='ltr'>in</span> <span class='ocrx_word' id='word_1_36' title='bbox 685 1077 820 1159; x_wconf 89' lang='lat' dir='ltr'>quadam</span> <span class='ocrx_word' id='word_1_37' title='bbox 837 1097 920 1142; x_wconf 86' lang='lat' dir='ltr'>vene</span> <span class='ocrx_word' id='word_1_38' title='bbox 934 1077 1024 1141; x_wconf 86' lang='lat' dir='ltr'>venit</span> <span class='ocrx_word' id='word_1_39' title='bbox 1046 1076 1087 1139; x_wconf 84' lang='lat' dir='ltr'>ad</span> <span class='ocrx_word' id='word_1_40' title='bbox 1108 1076 1253 1141; x_wconf 75' lang='lat' dir='ltr'>arborem</span> <span class='ocrx_word' id='word_1_41' title='bbox 1272 1076 1353 1141; x_wconf 87' lang='lat' dir='ltr'>ilicis</span> <span class='ocrx_word' id='word_1_42' title='bbox 1371 1082 1457 1141; x_wconf 81' lang='lat' dir='ltr'>meta</span> <span class='ocrx_word' id='word_1_43' title='bbox 1478 1083 1583 1141; x_wconf 87' lang='lat' dir='ltr'>terrea</span> <span class='ocrx_word' id='word_1_44' title='bbox 1596 1078 1732 1141; x_wconf 90' lang='lat' dir='ltr'>circum·</span> 
     </span>
     <span class='ocr_line' id='line_1_6' title="bbox 332 1180 1783 1266; baseline -0.005 -19"><span class='ocrx_word' id='word_1_45' title='bbox 332 1188 462 1266; x_wconf 85' lang='lat' dir='ltr'>septem,</span> <span class='ocrx_word' id='word_1_46' title='bbox 483 1182 559 1245; x_wconf 91' lang='lat' dir='ltr'>inde</span> <span class='ocrx_word' id='word_1_47' title='bbox 581 1182 622 1244; x_wconf 91' lang='lat' dir='ltr'>ad</span> <span class='ocrx_word' id='word_1_48' title='bbox 645 1187 760 1245; x_wconf 87' lang='lat' dir='ltr'>metam</span> <span class='ocrx_word' id='word_1_49' title='bbox 784 1187 918 1246; x_wconf 83' lang='lat' dir='ltr'>terream</span> <span class='ocrx_word' id='word_1_50' title='bbox 941 1182 975 1245; x_wconf 91' lang='lat' dir='ltr'>in</span> <span class='ocrx_word' id='word_1_51' title='bbox 997 1201 1061 1263; x_wconf 86' lang='lat' dir='ltr'>qua</span> <span class='ocrx_word' id='word_1_52' title='bbox 1083 1186 1132 1245; x_wconf 92' lang='lat' dir='ltr'>est</span> <span class='ocrx_word' id='word_1_53' title='bbox 1146 1180 1240 1244; x_wconf 89' lang='lat' dir='ltr'>arbor</span> <span class='ocrx_word' id='word_1_54' title='bbox 1262 1180 1326 1263; x_wconf 85' lang='lat' dir='ltr'>twl,</span> <span class='ocrx_word' id='word_1_55' title='bbox 1348 1181 1424 1244; x_wconf 91' lang='lat' dir='ltr'>inde</span> <span class='ocrx_word' id='word_1_56' title='bbox 1446 1182 1605 1245; x_wconf 86' lang='lat' dir='ltr'>transiens</span> <span class='ocrx_word' id='word_1_57' title='bbox 1626 1183 1732 1265; x_wconf 90' lang='lat' dir='ltr'>ipsum</span> <span class='ocrx_word' id='word_1_58' title='bbox 1767 1189 1783 1240; x_wconf 82' lang='lat'>5</span> 
     </span>
     <span class='ocr_line' id='line_1_7' title="bbox 329 1285 1732 1369; baseline -0.001 -19"><span class='ocrx_word' id='word_1_59' title='bbox 329 1305 444 1351; x_wconf 88' lang='lat' dir='ltr'>nemus</span> <span class='ocrx_word' id='word_1_60' title='bbox 465 1285 550 1349; x_wconf 82' lang='lat' dir='ltr'>eadit</span> <span class='ocrx_word' id='word_1_61' title='bbox 570 1285 605 1348; x_wconf 93' lang='lat' dir='ltr'>in</span> <span class='ocrx_word' id='word_1_62' title='bbox 627 1285 721 1367; x_wconf 85' lang='lat' dir='ltr'>viam,</span> <span class='ocrx_word' id='word_1_63' title='bbox 750 1305 808 1369; x_wconf 93' lang='lat' dir='ltr'>per</span> <span class='ocrx_word' id='word_1_64' title='bbox 831 1305 926 1368; x_wconf 85' lang='lat' dir='ltr'>quam</span> <span class='ocrx_word' id='word_1_65' title='bbox 948 1287 1015 1349; x_wconf 90' lang='lat' dir='ltr'>itur</span> <span class='ocrx_word' id='word_1_66' title='bbox 1037 1286 1140 1349; x_wconf 86' lang='lat' dir='ltr'>adhuc</span> <span class='ocrx_word' id='word_1_67' title='bbox 1170 1285 1210 1348; x_wconf 86' lang='lat' dir='ltr'>ed</span> <span class='ocrx_word' id='word_1_68' title='bbox 1232 1286 1490 1368; x_wconf 83' lang='lat' dir='ltr'>septentrionem,</span> <span class='ocrx_word' id='word_1_69' title='bbox 1519 1285 1613 1349; x_wconf 85' lang='lat' dir='ltr'>iuxta</span> <span class='ocrx_word' id='word_1_70' title='bbox 1635 1305 1732 1367; x_wconf 88' lang='lat' dir='ltr'>quam</span> 
     </span>
     <span class='ocr_line' id='line_1_8' title="bbox 330 1388 1733 1473; baseline 0.001 -19"><span class='ocrx_word' id='word_1_71' title='bbox 330 1390 370 1454; x_wconf 90' lang='lat' dir='ltr'>ab</span> <span class='ocrx_word' id='word_1_72' title='bbox 393 1389 515 1453; x_wconf 90' lang='lat' dir='ltr'>oriente</span> <span class='ocrx_word' id='word_1_73' title='bbox 537 1394 586 1454; x_wconf 91' lang='lat' dir='ltr'>est</span> <span class='ocrx_word' id='word_1_74' title='bbox 607 1393 693 1452; x_wconf 83' lang='lat' dir='ltr'>meta</span> <span class='ocrx_word' id='word_1_75' title='bbox 714 1394 826 1471; x_wconf 90' lang='lat' dir='ltr'>terrea,</span> <span class='ocrx_word' id='word_1_76' title='bbox 853 1390 940 1454; x_wconf 89' lang='lat' dir='ltr'>unde</span> <span class='ocrx_word' id='word_1_77' title='bbox 962 1409 1019 1473; x_wconf 91' lang='lat' dir='ltr'>per</span> <span class='ocrx_word' id='word_1_78' title='bbox 1048 1389 1182 1453; x_wconf 87' lang='lat' dir='ltr'>eandem</span> <span class='ocrx_word' id='word_1_79' title='bbox 1205 1388 1245 1452; x_wconf 84' lang='lat' dir='ltr'>ed</span> <span class='ocrx_word' id='word_1_80' title='bbox 1267 1389 1348 1453; x_wconf 89' lang='lat' dir='ltr'>duas</span> <span class='ocrx_word' id='word_1_81' title='bbox 1369 1396 1479 1471; x_wconf 82' lang='lat' dir='ltr'>metas,</span> <span class='ocrx_word' id='word_1_82' title='bbox 1506 1409 1645 1472; x_wconf 89' lang='lat' dir='ltr'>quarum</span> <span class='ocrx_word' id='word_1_83' title='bbox 1666 1411 1733 1456; x_wconf 85' lang='lat' dir='ltr'>una</span> 
     </span>
     <span class='ocr_line' id='line_1_9' title="bbox 330 1493 1731 1577; baseline -0.003 -17"><span class='ocrx_word' id='word_1_84' title='bbox 330 1499 381 1560; x_wconf 90' lang='lat' dir='ltr'>est</span> <span class='ocrx_word' id='word_1_85' title='bbox 408 1494 442 1557; x_wconf 93' lang='lat' dir='ltr'>in</span> <span class='ocrx_word' id='word_1_86' title='bbox 465 1494 526 1575; x_wconf 84' lang='lat' dir='ltr'>vis,</span> <span class='ocrx_word' id='word_1_87' title='bbox 556 1493 618 1557; x_wconf 82' lang='lat' dir='ltr'>ulia</span> <span class='ocrx_word' id='word_1_88' title='bbox 639 1495 733 1557; x_wconf 81' lang='lat' dir='ltr'>iuxta</span> <span class='ocrx_word' id='word_1_89' title='bbox 760 1494 845 1557; x_wconf 83' lang='lat' dir='ltr'>riam</span> <span class='ocrx_word' id='word_1_90' title='bbox 868 1494 928 1557; x_wconf 90' lang='lat' dir='ltr'>sub</span> <span class='ocrx_word' id='word_1_91' title='bbox 959 1494 1056 1558; x_wconf 92' lang='lat' dir='ltr'>dumo</span> <span class='ocrx_word' id='word_1_92' title='bbox 1078 1494 1158 1558; x_wconf 90' lang='lat' dir='ltr'>ilicis</span> <span class='ocrx_word' id='word_1_93' title='bbox 1188 1494 1227 1557; x_wconf 88' lang='lat' dir='ltr'>ab</span> <span class='ocrx_word' id='word_1_94' title='bbox 1251 1495 1382 1558; x_wconf 89' lang='lat' dir='ltr'>oriente.</span> <span class='ocrx_word' id='word_1_95' title='bbox 1414 1494 1494 1558; x_wconf 94' lang='lat' dir='ltr'>Inde</span> <span class='ocrx_word' id='word_1_96' title='bbox 1519 1513 1577 1577; x_wconf 89' lang='lat' dir='ltr'>per</span> <span class='ocrx_word' id='word_1_97' title='bbox 1598 1494 1731 1558; x_wconf 90' lang='lat' dir='ltr'>eandem</span> 
     </span>
     <span class='ocr_line' id='line_1_10' title="bbox 332 1596 1733 1679; baseline -0.001 -17"><span class='ocrx_word' id='word_1_98' title='bbox 332 1599 417 1662; x_wconf 83' lang='lat' dir='ltr'>viam</span> <span class='ocrx_word' id='word_1_99' title='bbox 439 1599 474 1661; x_wconf 90' lang='lat' dir='ltr'>in</span> <span class='ocrx_word' id='word_1_100' title='bbox 496 1596 621 1678; x_wconf 81' lang='lat' dir='ltr'>vallem,</span> <span class='ocrx_word' id='word_1_101' title='bbox 650 1596 725 1661; x_wconf 89' lang='lat' dir='ltr'>bino</span> <span class='ocrx_word' id='word_1_102' title='bbox 754 1598 898 1661; x_wconf 88' lang='lat' dir='ltr'>ascendit</span> <span class='ocrx_word' id='word_1_103' title='bbox 918 1598 959 1661; x_wconf 80' lang='lat' dir='ltr'>ed</span> <span class='ocrx_word' id='word_1_104' title='bbox 988 1605 1129 1662; x_wconf 88' lang='lat' dir='ltr'>montem</span> <span class='ocrx_word' id='word_1_105' title='bbox 1152 1599 1191 1662; x_wconf 85' lang='lat' dir='ltr'>ad</span> <span class='ocrx_word' id='word_1_106' title='bbox 1214 1604 1279 1662; x_wconf 88' lang='lat' dir='ltr'>tres</span> <span class='ocrx_word' id='word_1_107' title='bbox 1309 1604 1410 1663; x_wconf 85' lang='lat' dir='ltr'>metes</span> <span class='ocrx_word' id='word_1_108' title='bbox 1438 1604 1566 1677; x_wconf 84' lang='lat' dir='ltr'>terreos,</span> <span class='ocrx_word' id='word_1_109' title='bbox 1596 1617 1733 1679; x_wconf 86' lang='lat' dir='ltr'>quarum</span> 
     </span>
    </p>
   </div>
   <div class='ocr_carea' id='block_1_3' title="bbox 204 1698 1802 1787">
    <p class='ocr_par' dir='ltr' id='par_1_3' title="bbox 204 1698 1802 1787">
     <span class='ocr_line' id='line_1_11' title="bbox 204 1698 1802 1787; baseline -0.002 -18"><span class='ocrx_word' id='word_1_110' title='bbox 204 1698 214 1717; x_wconf 85' lang='lat'><em>⁰</em></span> <span class='ocrx_word' id='word_1_111' title='bbox 331 1723 398 1768; x_wconf 86' lang='lat' dir='ltr'>una</span> <span class='ocrx_word' id='word_1_112' title='bbox 427 1707 477 1767; x_wconf 92' lang='lat' dir='ltr'>est</span> <span class='ocrx_word' id='word_1_113' title='bbox 505 1700 701 1785; x_wconf 87' lang='lat' dir='ltr'>episcopalis,</span> <span class='ocrx_word' id='word_1_114' title='bbox 731 1701 829 1766; x_wconf 82' lang='lat' dir='ltr'>altera</span> <span class='ocrx_word' id='word_1_115' title='bbox 858 1703 997 1787; x_wconf 85' lang='lat' dir='ltr'>capituli,</span> <span class='ocrx_word' id='word_1_116' title='bbox 1027 1702 1120 1766; x_wconf 87' lang='lat' dir='ltr'>tertia</span> <span class='ocrx_word' id='word_1_117' title='bbox 1149 1721 1226 1766; x_wconf 74' lang='lat' dir='ltr'>nero</span> <span class='ocrx_word' id='word_1_118' title='bbox 1256 1702 1417 1786; x_wconf 91' lang='lat' dir='ltr'>hospitum</span> <span class='ocrx_word' id='word_1_119' title='bbox 1445 1703 1484 1766; x_wconf 90' lang='lat' dir='ltr'>de</span> <span class='ocrx_word' id='word_1_120' title='bbox 1506 1702 1648 1783; x_wconf 75' lang='lat' dir='ltr'>Korion,</span> <span class='ocrx_word' id='word_1_121' title='bbox 1676 1703 1731 1767; x_wconf 90' lang='lat' dir='ltr'>ubi</span> <span class='ocrx_word' id='word_1_122' title='bbox 1769 1707 1802 1761; x_wconf 92' lang='lat'>10</span> 
     </span>
    </p>
   </div>
   <div class='ocr_carea' id='block_1_4' title="bbox 329 1804 1868 3763">
    <p class='ocr_par' dir='ltr' id='par_1_4' title="bbox 330 1804 1801 2931">
     <span class='ocr_line' id='line_1_12' title="bbox 330 1804 1732 1889; baseline 0.001 -18"><span class='ocrx_word' id='word_1_123' title='bbox 330 1805 581 1871; x_wconf 83' lang='lat' dir='ltr'>terraBorband</span> <span class='ocrx_word' id='word_1_124' title='bbox 596 1826 615 1868; x_wconf 91' lang='lat' dir='ltr'>a</span> <span class='ocrx_word' id='word_1_125' title='bbox 630 1806 770 1888; x_wconf 91' lang='lat' dir='ltr'>meridie,</span> <span class='ocrx_word' id='word_1_126' title='bbox 792 1810 878 1869; x_wconf 88' lang='lat' dir='ltr'>terra</span> <span class='ocrx_word' id='word_1_127' title='bbox 899 1824 975 1868; x_wconf 83' lang='lat' dir='ltr'>vero</span> <span class='ocrx_word' id='word_1_128' title='bbox 995 1804 1074 1868; x_wconf 85' lang='lat' dir='ltr'>Sard</span> <span class='ocrx_word' id='word_1_129' title='bbox 1090 1806 1129 1869; x_wconf 85' lang='lat' dir='ltr'>ab</span> <span class='ocrx_word' id='word_1_130' title='bbox 1146 1806 1309 1870; x_wconf 86' lang='lat' dir='ltr'>occidente</span> <span class='ocrx_word' id='word_1_131' title='bbox 1324 1807 1477 1889; x_wconf 82' lang='lat' dir='ltr'>existunt,</span> <span class='ocrx_word' id='word_1_132' title='bbox 1499 1806 1555 1870; x_wconf 91' lang='lat' dir='ltr'>ubi</span> <span class='ocrx_word' id='word_1_133' title='bbox 1577 1807 1609 1869; x_wconf 92' lang='lat' dir='ltr'>iu</span> <span class='ocrx_word' id='word_1_134' title='bbox 1633 1807 1732 1872; x_wconf 85' lang='lat' dir='ltr'>latere</span> 
     </span>
     <span class='ocr_line' id='line_1_13' title="bbox 331 1909 1730 1994; baseline 0 -20"><span class='ocrx_word' id='word_1_135' title='bbox 331 1910 448 1975; x_wconf 92' lang='lat' dir='ltr'>montis</span> <span class='ocrx_word' id='word_1_136' title='bbox 478 1910 744 1994; x_wconf 84' lang='lat' dir='ltr'>aseptentrione,</span> <span class='ocrx_word' id='word_1_137' title='bbox 774 1910 808 1973; x_wconf 92' lang='lat' dir='ltr'>iu</span> <span class='ocrx_word' id='word_1_138' title='bbox 831 1909 993 1973; x_wconf 74' lang='lat' dir='ltr'>vicinitate</span> <span class='ocrx_word' id='word_1_139' title='bbox 1023 1910 1180 1973; x_wconf 89' lang='lat' dir='ltr'>dictorum</span> <span class='ocrx_word' id='word_1_140' title='bbox 1207 1910 1368 1993; x_wconf 91' lang='lat' dir='ltr'>hospitum</span> <span class='ocrx_word' id='word_1_141' title='bbox 1390 1909 1532 1991; x_wconf 78' lang='lat' dir='ltr'>Korion,</span> <span class='ocrx_word' id='word_1_142' title='bbox 1563 1912 1730 1994; x_wconf 89' lang='lat' dir='ltr'>postmodo</span> 
     </span>
     <span class='ocr_line' id='line_1_14' title="bbox 332 2013 1733 2098; baseline 0 -20"><span class='ocrx_word' id='word_1_143' title='bbox 332 2015 468 2079; x_wconf 86' lang='lat' dir='ltr'>vertitur</span> <span class='ocrx_word' id='word_1_144' title='bbox 490 2018 601 2077; x_wconf 85' lang='lat' dir='ltr'>contre</span> <span class='ocrx_word' id='word_1_145' title='bbox 622 2014 777 2077; x_wconf 84' lang='lat' dir='ltr'>orientem</span> <span class='ocrx_word' id='word_1_146' title='bbox 799 2018 832 2078; x_wconf 89' lang='lat' dir='ltr'>et</span> <span class='ocrx_word' id='word_1_147' title='bbox 853 2013 996 2077; x_wconf 81' lang='lat' dir='ltr'>aseendit</span> <span class='ocrx_word' id='word_1_148' title='bbox 1018 2015 1181 2098; x_wconf 80' lang='lat' dir='ltr'>perviam</span> <span class='ocrx_word' id='word_1_149' title='bbox 1203 2014 1244 2077; x_wconf 80' lang='lat' dir='ltr'>ed</span> <span class='ocrx_word' id='word_1_150' title='bbox 1266 2013 1346 2077; x_wconf 83' lang='lat' dir='ltr'>dues</span> <span class='ocrx_word' id='word_1_151' title='bbox 1367 2019 1468 2077; x_wconf 83' lang='lat' dir='ltr'>metas</span> <span class='ocrx_word' id='word_1_152' title='bbox 1491 2021 1610 2078; x_wconf 87' lang='lat' dir='ltr'>terreas</span> <span class='ocrx_word' id='word_1_153' title='bbox 1640 2014 1733 2079; x_wconf 74' lang='lat' dir='ltr'>inrito</span> 
     </span>
     <span class='ocr_line' id='line_1_15' title="bbox 331 2117 1732 2201; baseline 0 -20"><span class='ocrx_word' id='word_1_154' title='bbox 331 2119 417 2182; x_wconf 83' lang='lat' dir='ltr'>viam</span> <span class='ocrx_word' id='word_1_155' title='bbox 438 2117 478 2181; x_wconf 87' lang='lat' dir='ltr'>ab</span> <span class='ocrx_word' id='word_1_156' title='bbox 500 2122 639 2199; x_wconf 89' lang='lat' dir='ltr'>utraque</span> <span class='ocrx_word' id='word_1_157' title='bbox 660 2123 750 2200; x_wconf 85' lang='lat' dir='ltr'>perte</span> <span class='ocrx_word' id='word_1_158' title='bbox 772 2119 901 2201; x_wconf 83' lang='lat' dir='ltr'>positas,</span> <span class='ocrx_word' id='word_1_159' title='bbox 925 2137 1063 2200; x_wconf 88' lang='lat' dir='ltr'>quarum</span> <span class='ocrx_word' id='word_1_160' title='bbox 1085 2138 1151 2182; x_wconf 88' lang='lat' dir='ltr'>una</span> <span class='ocrx_word' id='word_1_161' title='bbox 1172 2124 1221 2182; x_wconf 92' lang='lat' dir='ltr'>est</span> <span class='ocrx_word' id='word_1_162' title='bbox 1242 2118 1335 2182; x_wconf 87' lang='lat' dir='ltr'>Pauli</span> <span class='ocrx_word' id='word_1_163' title='bbox 1358 2118 1397 2182; x_wconf 90' lang='lat' dir='ltr'>de</span> <span class='ocrx_word' id='word_1_164' title='bbox 1420 2117 1555 2182; x_wconf 84' lang='lat' dir='ltr'>Oorkow</span> <span class='ocrx_word' id='word_1_165' title='bbox 1578 2118 1732 2182; x_wconf 82' lang='lat' dir='ltr'>etaltera</span> 
     </span>
     <span class='ocr_line' id='line_1_16' title="bbox 330 2220 1801 2306; baseline 0 -21"><span class='ocrx_word' id='word_1_166' title='bbox 330 2222 469 2306; x_wconf 85' lang='lat' dir='ltr'>capituli.</span> <span class='ocrx_word' id='word_1_167' title='bbox 503 2220 582 2285; x_wconf 94' lang='lat' dir='ltr'>Inde</span> <span class='ocrx_word' id='word_1_168' title='bbox 611 2221 645 2284; x_wconf 89' lang='lat' dir='ltr'>in</span> <span class='ocrx_word' id='word_1_169' title='bbox 676 2221 788 2285; x_wconf 92' lang='lat' dir='ltr'>eodem</span> <span class='ocrx_word' id='word_1_170' title='bbox 810 2221 908 2286; x_wconf 84' lang='lat' dir='ltr'>latere</span> <span class='ocrx_word' id='word_1_171' title='bbox 937 2223 1177 2306; x_wconf 78' lang='lat' dir='ltr'>septentrionali</span> <span class='ocrx_word' id='word_1_172' title='bbox 1199 2223 1403 2287; x_wconf 85' lang='lat' dir='ltr'>descenditur</span> <span class='ocrx_word' id='word_1_173' title='bbox 1424 2223 1464 2285; x_wconf 86' lang='lat' dir='ltr'>ad</span> <span class='ocrx_word' id='word_1_174' title='bbox 1487 2242 1585 2286; x_wconf 85' lang='lat' dir='ltr'>unam</span> <span class='ocrx_word' id='word_1_175' title='bbox 1615 2228 1731 2287; x_wconf 85' lang='lat' dir='ltr'>metam</span> <span class='ocrx_word' id='word_1_176' title='bbox 1768 2227 1801 2279; x_wconf 85' lang='grc'>15</span> 
     </span>
     <span class='ocr_line' id='line_1_17' title="bbox 331 2325 1731 2409; baseline -0.001 -18"><span class='ocrx_word' id='word_1_177' title='bbox 331 2331 476 2407; x_wconf 88' lang='lat' dir='ltr'>terream,</span> <span class='ocrx_word' id='word_1_178' title='bbox 498 2325 584 2389; x_wconf 90' lang='lat' dir='ltr'>uude</span> <span class='ocrx_word' id='word_1_179' title='bbox 600 2325 729 2388; x_wconf 85' lang='lat' dir='ltr'>venitur</span> <span class='ocrx_word' id='word_1_180' title='bbox 743 2325 783 2388; x_wconf 88' lang='lat' dir='ltr'>ad</span> <span class='ocrx_word' id='word_1_181' title='bbox 798 2331 863 2390; x_wconf 89' lang='lat' dir='ltr'>tres</span> <span class='ocrx_word' id='word_1_182' title='bbox 879 2331 979 2390; x_wconf 82' lang='lat' dir='ltr'>metas</span> <span class='ocrx_word' id='word_1_183' title='bbox 994 2332 1122 2407; x_wconf 86' lang='lat' dir='ltr'>terreas,</span> <span class='ocrx_word' id='word_1_184' title='bbox 1146 2346 1281 2409; x_wconf 85' lang='lat' dir='ltr'>quarum</span> <span class='ocrx_word' id='word_1_185' title='bbox 1297 2347 1364 2391; x_wconf 89' lang='lat' dir='ltr'>una</span> <span class='ocrx_word' id='word_1_186' title='bbox 1378 2332 1427 2390; x_wconf 90' lang='lat' dir='ltr'>est</span> <span class='ocrx_word' id='word_1_187' title='bbox 1442 2333 1545 2390; x_wconf 86' lang='lat' dir='ltr'>terrae</span> <span class='ocrx_word' id='word_1_188' title='bbox 1559 2327 1731 2408; x_wconf 84' lang='lat' dir='ltr'>Barbanth,</span> 
     </span>
     <span class='ocr_line' id='line_1_18' title="bbox 331 2427 1733 2514; baseline 0 -20"><span class='ocrx_word' id='word_1_189' title='bbox 331 2430 393 2494; x_wconf 86' lang='grc'><strong>1111</strong></span> <span class='ocrx_word' id='word_1_190' title='bbox 413 2429 574 2513; x_wconf 91' lang='lat' dir='ltr'>hospitum</span> <span class='ocrx_word' id='word_1_191' title='bbox 602 2428 641 2492; x_wconf 91' lang='lat' dir='ltr'>de</span> <span class='ocrx_word' id='word_1_192' title='bbox 663 2427 772 2511; x_wconf 84' lang='lat' dir='ltr'>Igven,</span> <span class='ocrx_word' id='word_1_193' title='bbox 803 2430 896 2493; x_wconf 88' lang='lat' dir='ltr'>tertia</span> <span class='ocrx_word' id='word_1_194' title='bbox 923 2429 999 2493; x_wconf 88' lang='lat' dir='ltr'>dicti</span> <span class='ocrx_word' id='word_1_195' title='bbox 1021 2429 1122 2513; x_wconf 89' lang='lat' dir='ltr'>Pauli,</span> <span class='ocrx_word' id='word_1_196' title='bbox 1153 2449 1210 2513; x_wconf 91' lang='lat' dir='ltr'>per</span> <span class='ocrx_word' id='word_1_197' title='bbox 1241 2437 1386 2512; x_wconf 80' lang='lat' dir='ltr'>quartem</span> <span class='ocrx_word' id='word_1_198' title='bbox 1416 2431 1520 2494; x_wconf 89' lang='lat' dir='ltr'>adhuc</span> <span class='ocrx_word' id='word_1_199' title='bbox 1548 2431 1733 2514; x_wconf 81' lang='lat' dir='ltr'>proceditur</span> 
     </span>
     <span class='ocr_line' id='line_1_19' title="bbox 331 2532 1731 2599; baseline -0.001 0"><span class='ocrx_word' id='word_1_200' title='bbox 331 2540 439 2599; x_wconf 87' lang='lat' dir='ltr'>autem</span> <span class='ocrx_word' id='word_1_201' title='bbox 460 2539 573 2598; x_wconf 89' lang='lat' dir='ltr'>contre</span> <span class='ocrx_word' id='word_1_202' title='bbox 594 2532 749 2597; x_wconf 89' lang='lat' dir='ltr'>orientem</span> <span class='ocrx_word' id='word_1_203' title='bbox 771 2534 805 2596; x_wconf 94' lang='lat' dir='ltr'>in</span> <span class='ocrx_word' id='word_1_204' title='bbox 827 2535 939 2598; x_wconf 90' lang='lat' dir='ltr'>eodem</span> <span class='ocrx_word' id='word_1_205' title='bbox 961 2534 1059 2599; x_wconf 89' lang='lat' dir='ltr'>latere</span> <span class='ocrx_word' id='word_1_206' title='bbox 1082 2540 1114 2599; x_wconf 92' lang='lat' dir='ltr'>et</span> <span class='ocrx_word' id='word_1_207' title='bbox 1140 2536 1269 2598; x_wconf 89' lang='lat' dir='ltr'>venitur</span> <span class='ocrx_word' id='word_1_208' title='bbox 1290 2535 1331 2597; x_wconf 91' lang='lat' dir='ltr'>ad</span> <span class='ocrx_word' id='word_1_209' title='bbox 1353 2540 1469 2598; x_wconf 82' lang='lat' dir='ltr'>metam</span> <span class='ocrx_word' id='word_1_210' title='bbox 1492 2540 1627 2599; x_wconf 85' lang='lat' dir='ltr'>terream</span> <span class='ocrx_word' id='word_1_211' title='bbox 1650 2534 1731 2597; x_wconf 86' lang='lat' dir='ltr'>diri-</span> 
     </span>
     <span class='ocr_line' id='line_1_20' title="bbox 332 2636 1733 2722; baseline 0.001 -21"><span class='ocrx_word' id='word_1_212' title='bbox 332 2638 459 2702; x_wconf 86' lang='lat' dir='ltr'>dentem</span> <span class='ocrx_word' id='word_1_213' title='bbox 489 2643 606 2702; x_wconf 89' lang='lat' dir='ltr'>terram</span> <span class='ocrx_word' id='word_1_214' title='bbox 627 2636 791 2702; x_wconf 89' lang='lat' dir='ltr'>Barbanth</span> <span class='ocrx_word' id='word_1_215' title='bbox 821 2645 853 2702; x_wconf 90' lang='lat' dir='ltr'>et</span> <span class='ocrx_word' id='word_1_216' title='bbox 882 2645 999 2703; x_wconf 86' lang='lat' dir='ltr'>terram</span> <span class='ocrx_word' id='word_1_217' title='bbox 1021 2638 1130 2722; x_wconf 86' lang='lat' dir='ltr'>Iguen.</span> <span class='ocrx_word' id='word_1_218' title='bbox 1165 2638 1259 2703; x_wconf 90' lang='lat' dir='ltr'>Unde</span> <span class='ocrx_word' id='word_1_219' title='bbox 1290 2638 1474 2702; x_wconf 84' lang='lat' dir='ltr'>ascenditur</span> <span class='ocrx_word' id='word_1_220' title='bbox 1500 2639 1541 2701; x_wconf 91' lang='lat' dir='ltr'>ad</span> <span class='ocrx_word' id='word_1_221' title='bbox 1570 2638 1662 2703; x_wconf 88' lang='lat' dir='ltr'>bercz</span> <span class='ocrx_word' id='word_1_222' title='bbox 1693 2639 1733 2702; x_wconf 88' lang='lat' dir='ltr'>ed</span> 
     </span>
     <span class='ocr_line' id='line_1_21' title="bbox 331 2742 1801 2826; baseline -0.004 -20"><span class='ocrx_word' id='word_1_223' title='bbox 331 2747 396 2807; x_wconf 89' lang='lat' dir='ltr'>tres</span> <span class='ocrx_word' id='word_1_224' title='bbox 426 2746 534 2823; x_wconf 78' lang='lat' dir='ltr'>metas,</span> <span class='ocrx_word' id='word_1_225' title='bbox 565 2760 702 2823; x_wconf 76' lang='lat' dir='ltr'>quanam</span> <span class='ocrx_word' id='word_1_226' title='bbox 731 2761 798 2805; x_wconf 85' lang='lat' dir='ltr'>una</span> <span class='ocrx_word' id='word_1_227' title='bbox 819 2748 867 2806; x_wconf 94' lang='lat' dir='ltr'>est</span> <span class='ocrx_word' id='word_1_228' title='bbox 896 2742 1035 2826; x_wconf 88' lang='lat' dir='ltr'>capituli,</span> <span class='ocrx_word' id='word_1_229' title='bbox 1065 2743 1163 2807; x_wconf 86' lang='lat' dir='ltr'>ultera</span> <span class='ocrx_word' id='word_1_230' title='bbox 1191 2742 1352 2825; x_wconf 88' lang='lat' dir='ltr'>hospitum</span> <span class='ocrx_word' id='word_1_231' title='bbox 1382 2742 1422 2806; x_wconf 95' lang='lat' dir='ltr'>de</span> <span class='ocrx_word' id='word_1_232' title='bbox 1445 2742 1546 2825; x_wconf 82' lang='lat' dir='ltr'>Iguen</span> <span class='ocrx_word' id='word_1_233' title='bbox 1576 2747 1609 2805; x_wconf 91' lang='lat' dir='ltr'>et</span> <span class='ocrx_word' id='word_1_234' title='bbox 1638 2743 1732 2806; x_wconf 87' lang='lat' dir='ltr'>tertia</span> <span class='ocrx_word' id='word_1_235' title='bbox 1766 2744 1801 2800; x_wconf 85' lang='lat'>20</span> 
     </span>
     <span class='ocr_line' id='line_1_22' title="bbox 331 2845 1733 2931; baseline 0.001 -22"><span class='ocrx_word' id='word_1_236' title='bbox 331 2846 493 2929; x_wconf 88' lang='lat' dir='ltr'>hospitum</span> <span class='ocrx_word' id='word_1_237' title='bbox 515 2846 554 2909; x_wconf 91' lang='lat' dir='ltr'>de</span> <span class='ocrx_word' id='word_1_238' title='bbox 570 2845 703 2910; x_wconf 83' lang='lat' dir='ltr'>Oralrou</span> <span class='ocrx_word' id='word_1_239' title='bbox 725 2846 970 2930; x_wconf 86' lang='lat' dir='ltr'>praedictorum,</span> <span class='ocrx_word' id='word_1_240' title='bbox 994 2846 1048 2910; x_wconf 92' lang='lat' dir='ltr'>ubi</span> <span class='ocrx_word' id='word_1_241' title='bbox 1070 2847 1182 2931; x_wconf 89' lang='lat' dir='ltr'>incipit</span> <span class='ocrx_word' id='word_1_242' title='bbox 1206 2852 1314 2911; x_wconf 90' lang='lat' dir='ltr'>tenere</span> <span class='ocrx_word' id='word_1_243' title='bbox 1337 2851 1437 2910; x_wconf 83' lang='lat' dir='ltr'>metas</span> <span class='ocrx_word' id='word_1_244' title='bbox 1460 2865 1534 2909; x_wconf 91' lang='lat' dir='ltr'>cnm</span> <span class='ocrx_word' id='word_1_245' title='bbox 1556 2846 1733 2930; x_wconf 90' lang='lat' dir='ltr'>hospitibus</span> 
     </span>
    </p>

    <p class='ocr_par' dir='ltr' id='par_1_5' title="bbox 332 2949 1733 3036">
     <span class='ocr_line' id='line_1_23' title="bbox 332 2949 1733 3036; baseline 0 -22"><span class='ocrx_word' id='word_1_246' title='bbox 332 2950 371 3014; x_wconf 89' lang='lat' dir='ltr'>de</span> <span class='ocrx_word' id='word_1_247' title='bbox 394 2949 528 3014; x_wconf 78' lang='lat' dir='ltr'>Gralrow</span> <span class='ocrx_word' id='word_1_248' title='bbox 550 2954 583 3013; x_wconf 92' lang='lat' dir='ltr'>et</span> <span class='ocrx_word' id='word_1_249' title='bbox 603 2950 767 3034; x_wconf 89' lang='lat' dir='ltr'>peridem</span> <span class='ocrx_word' id='word_1_250' title='bbox 788 2949 882 3013; x_wconf 82' lang='lat' dir='ltr'>beron</span> <span class='ocrx_word' id='word_1_251' title='bbox 905 2952 1042 3014; x_wconf 85' lang='lat' dir='ltr'>vertitur</span> <span class='ocrx_word' id='word_1_252' title='bbox 1072 2951 1232 3036; x_wconf 89' lang='lat' dir='ltr'>paulisper</span> <span class='ocrx_word' id='word_1_253' title='bbox 1254 2951 1294 3013; x_wconf 86' lang='lat' dir='ltr'>ed</span> <span class='ocrx_word' id='word_1_254' title='bbox 1317 2950 1480 3014; x_wconf 89' lang='lat' dir='ltr'>meridiem</span> <span class='ocrx_word' id='word_1_255' title='bbox 1503 2955 1536 3014; x_wconf 92' lang='lat' dir='ltr'>et</span> <span class='ocrx_word' id='word_1_256' title='bbox 1558 2950 1733 3014; x_wconf 88' lang='lat' dir='ltr'>ascendens</span> 
     </span>
    </p>

    <p class='ocr_par' dir='ltr' id='par_1_6' title="bbox 329 3053 1868 3763">
     <span class='ocr_line' id='line_1_24' title="bbox 331 3053 1868 3137; baseline 0.001 -20"><span class='ocrx_word' id='word_1_257' title='bbox 331 3054 371 3117; x_wconf 81' lang='lat' dir='ltr'>nd</span> <span class='ocrx_word' id='word_1_258' title='bbox 393 3074 492 3118; x_wconf 89' lang='lat' dir='ltr'>unam</span> <span class='ocrx_word' id='word_1_259' title='bbox 514 3059 632 3118; x_wconf 82' lang='lat' dir='ltr'>metam</span> <span class='ocrx_word' id='word_1_260' title='bbox 655 3054 744 3118; x_wconf 89' lang='lat' dir='ltr'>venit</span> <span class='ocrx_word' id='word_1_261' title='bbox 766 3054 806 3117; x_wconf 89' lang='lat' dir='ltr'>ad</span> <span class='ocrx_word' id='word_1_262' title='bbox 828 3053 923 3116; x_wconf 84' lang='lat' dir='ltr'>ubam</span> <span class='ocrx_word' id='word_1_263' title='bbox 941 3054 977 3115; x_wconf 92' lang='lat' dir='ltr'>in</span> <span class='ocrx_word' id='word_1_264' title='bbox 998 3055 1108 3118; x_wconf 91' lang='lat' dir='ltr'>eodem</span> <span class='ocrx_word' id='word_1_265' title='bbox 1126 3055 1227 3135; x_wconf 83' lang='lat' dir='ltr'>beron,</span> <span class='ocrx_word' id='word_1_266' title='bbox 1250 3055 1283 3117; x_wconf 92' lang='lat' dir='ltr'>iu</span> <span class='ocrx_word' id='word_1_267' title='bbox 1308 3074 1372 3137; x_wconf 91' lang='lat' dir='ltr'>quo</span> <span class='ocrx_word' id='word_1_268' title='bbox 1396 3054 1533 3118; x_wconf 82' lang='lat' dir='ltr'>declinat</span> <span class='ocrx_word' id='word_1_269' title='bbox 1552 3054 1671 3118; x_wconf 90' lang='lat' dir='ltr'>iterum</span> <span class='ocrx_word' id='word_1_270' title='bbox 1693 3055 1733 3118; x_wconf 88' lang='lat' dir='ltr'>ed</span> <span class='ocrx_word' id='word_1_271' title='bbox 1860 3068 1868 3079; x_wconf 88' lang='lat'>·</span> 
     </span>
     <span class='ocr_line' id='line_1_25' title="bbox 331 3157 1733 3243; baseline -0.001 -21"><span class='ocrx_word' id='word_1_272' title='bbox 331 3158 494 3243; x_wconf 81' lang='lat' dir='ltr'>orientem,</span> <span class='ocrx_word' id='word_1_273' title='bbox 516 3164 550 3223; x_wconf 88' lang='lat' dir='ltr'>et</span> <span class='ocrx_word' id='word_1_274' title='bbox 571 3159 661 3224; x_wconf 84' lang='lat' dir='ltr'>venit</span> <span class='ocrx_word' id='word_1_275' title='bbox 682 3160 722 3223; x_wconf 88' lang='lat' dir='ltr'>ed</span> <span class='ocrx_word' id='word_1_276' title='bbox 744 3159 824 3222; x_wconf 86' lang='lat' dir='ltr'>duas</span> <span class='ocrx_word' id='word_1_277' title='bbox 839 3163 939 3221; x_wconf 83' lang='lat' dir='ltr'>metas</span> <span class='ocrx_word' id='word_1_278' title='bbox 962 3164 1090 3241; x_wconf 87' lang='lat' dir='ltr'>terreas,</span> <span class='ocrx_word' id='word_1_279' title='bbox 1113 3159 1200 3223; x_wconf 92' lang='lat' dir='ltr'>unde</span> <span class='ocrx_word' id='word_1_280' title='bbox 1219 3158 1362 3222; x_wconf 88' lang='lat' dir='ltr'>ascendit</span> <span class='ocrx_word' id='word_1_281' title='bbox 1383 3177 1441 3241; x_wconf 90' lang='lat' dir='ltr'>per</span> <span class='ocrx_word' id='word_1_282' title='bbox 1463 3157 1593 3222; x_wconf 91' lang='lat' dir='ltr'>dorsum</span> <span class='ocrx_word' id='word_1_283' title='bbox 1616 3158 1733 3221; x_wconf 91' lang='lat' dir='ltr'>montis</span> 
     </span>
     <span class='ocr_line' id='line_1_26' title="bbox 329 3261 1801 3346; baseline -0.001 -19"><span class='ocrx_word' id='word_1_284' title='bbox 329 3261 426 3327; x_wconf 79' lang='lat' dir='ltr'>Eleos</span> <span class='ocrx_word' id='word_1_285' title='bbox 448 3262 540 3326; x_wconf 86' lang='lat' dir='ltr'>bercz</span> <span class='ocrx_word' id='word_1_286' title='bbox 563 3263 667 3326; x_wconf 85' lang='lat' dir='ltr'>vocati</span> <span class='ocrx_word' id='word_1_287' title='bbox 690 3262 832 3326; x_wconf 86' lang='lat' dir='ltr'>adduas</span> <span class='ocrx_word' id='word_1_288' title='bbox 854 3267 964 3345; x_wconf 87' lang='lat' dir='ltr'>metes,</span> <span class='ocrx_word' id='word_1_289' title='bbox 985 3262 1061 3326; x_wconf 90' lang='lat' dir='ltr'>inde</span> <span class='ocrx_word' id='word_1_290' title='bbox 1080 3263 1192 3327; x_wconf 89' lang='lat' dir='ltr'>eodem</span> <span class='ocrx_word' id='word_1_291' title='bbox 1214 3281 1326 3346; x_wconf 81' lang='lat' dir='ltr'>gressu</span> <span class='ocrx_word' id='word_1_292' title='bbox 1349 3261 1389 3324; x_wconf 85' lang='lat' dir='ltr'>ad</span> <span class='ocrx_word' id='word_1_293' title='bbox 1412 3261 1491 3325; x_wconf 84' lang='lat' dir='ltr'>duas</span> <span class='ocrx_word' id='word_1_294' title='bbox 1515 3266 1623 3344; x_wconf 77' lang='lat' dir='ltr'>metes,</span> <span class='ocrx_word' id='word_1_295' title='bbox 1645 3262 1732 3326; x_wconf 93' lang='lat' dir='ltr'>unde</span> <span class='ocrx_word' id='word_1_296' title='bbox 1767 3264 1801 3319; x_wconf 84' lang='lat'>25</span> 
     </span>
     <span class='ocr_line' id='line_1_27' title="bbox 331 3364 1732 3451; baseline 0 -21"><span class='ocrx_word' id='word_1_297' title='bbox 331 3366 461 3431; x_wconf 87' lang='lat' dir='ltr'>venitur</span> <span class='ocrx_word' id='word_1_298' title='bbox 489 3367 530 3430; x_wconf 83' lang='lat' dir='ltr'>ad</span> <span class='ocrx_word' id='word_1_299' title='bbox 558 3367 764 3451; x_wconf 89' lang='lat' dir='ltr'>supercilium</span> <span class='ocrx_word' id='word_1_300' title='bbox 791 3366 894 3448; x_wconf 92' lang='lat' dir='ltr'>ipsius</span> <span class='ocrx_word' id='word_1_301' title='bbox 923 3364 1015 3429; x_wconf 89' lang='lat' dir='ltr'>bercz</span> <span class='ocrx_word' id='word_1_302' title='bbox 1046 3365 1087 3427; x_wconf 91' lang='lat' dir='ltr'>ad</span> <span class='ocrx_word' id='word_1_303' title='bbox 1117 3370 1232 3429; x_wconf 84' lang='lat' dir='ltr'>metam</span> <span class='ocrx_word' id='word_1_304' title='bbox 1263 3366 1462 3449; x_wconf 83' lang='lat' dir='ltr'>perforatam.</span> <span class='ocrx_word' id='word_1_305' title='bbox 1505 3365 1631 3429; x_wconf 86' lang='lat' dir='ltr'>Abinde</span> <span class='ocrx_word' id='word_1_306' title='bbox 1662 3365 1732 3430; x_wconf 89' lang='lat' dir='ltr'>des·</span> 
     </span>
     <span class='ocr_line' id='line_1_28' title="bbox 331 3468 1733 3553; baseline -0.001 -19"><span class='ocrx_word' id='word_1_307' title='bbox 331 3470 439 3535; x_wconf 90' lang='lat' dir='ltr'>cendit</span> <span class='ocrx_word' id='word_1_308' title='bbox 464 3470 504 3533; x_wconf 82' lang='lat' dir='ltr'>ad</span> <span class='ocrx_word' id='word_1_309' title='bbox 527 3471 608 3534; x_wconf 83' lang='lat' dir='ltr'>duos</span> <span class='ocrx_word' id='word_1_310' title='bbox 629 3475 730 3533; x_wconf 80' lang='lat' dir='ltr'>metes</span> <span class='ocrx_word' id='word_1_311' title='bbox 751 3470 844 3533; x_wconf 82' lang='lat' dir='ltr'>iuxta</span> <span class='ocrx_word' id='word_1_312' title='bbox 873 3470 978 3553; x_wconf 89' lang='lat' dir='ltr'>pirum</span> <span class='ocrx_word' id='word_1_313' title='bbox 1000 3470 1127 3553; x_wconf 79' lang='lat' dir='ltr'>positas,</span> <span class='ocrx_word' id='word_1_314' title='bbox 1158 3469 1245 3533; x_wconf 90' lang='lat' dir='ltr'>uude</span> <span class='ocrx_word' id='word_1_315' title='bbox 1267 3470 1352 3532; x_wconf 84' lang='lat' dir='ltr'>ondit</span> <span class='ocrx_word' id='word_1_316' title='bbox 1377 3469 1411 3532; x_wconf 87' lang='lat' dir='ltr'>in</span> <span class='ocrx_word' id='word_1_317' title='bbox 1433 3468 1600 3533; x_wconf 88' lang='lat' dir='ltr'>Morisium</span> <span class='ocrx_word' id='word_1_318' title='bbox 1622 3474 1655 3534; x_wconf 91' lang='lat' dir='ltr'>et</span> <span class='ocrx_word' id='word_1_319' title='bbox 1675 3489 1733 3553; x_wconf 93' lang='lat' dir='ltr'>per</span> 
     </span>
     <span class='ocr_line' id='line_1_29' title="bbox 330 3572 1734 3658; baseline -0.001 -20"><span class='ocrx_word' id='word_1_320' title='bbox 330 3575 496 3639; x_wconf 86' lang='lat' dir='ltr'>Morisium</span> <span class='ocrx_word' id='word_1_321' title='bbox 526 3575 689 3639; x_wconf 88' lang='lat' dir='ltr'>descendit</span> <span class='ocrx_word' id='word_1_322' title='bbox 718 3575 758 3638; x_wconf 89' lang='lat' dir='ltr'>ad</span> <span class='ocrx_word' id='word_1_323' title='bbox 781 3580 896 3638; x_wconf 85' lang='lat' dir='ltr'>metam</span> <span class='ocrx_word' id='word_1_324' title='bbox 918 3575 1065 3658; x_wconf 84' lang='lat' dir='ltr'>priorem,</span> <span class='ocrx_word' id='word_1_325' title='bbox 1098 3574 1212 3651; x_wconf 77' lang='lat' dir='ltr'>terre¹l</span> <span class='ocrx_word' id='word_1_326' title='bbox 1234 3572 1398 3637; x_wconf 84' lang='lat' dir='ltr'>Barbanth</span> <span class='ocrx_word' id='word_1_327' title='bbox 1428 3593 1447 3636; x_wconf 87' lang='grc'>1</span> <span class='ocrx_word' id='word_1_328' title='bbox 1476 3573 1617 3655; x_wconf 91' lang='lat' dir='ltr'>meridie,</span> <span class='ocrx_word' id='word_1_329' title='bbox 1648 3579 1734 3637; x_wconf 81' lang='lat' dir='ltr'>terra</span> 
     </span>
     <span class='ocr_line' id='line_1_30' title="bbox 331 3677 1359 3763; baseline -0.001 -22"><span class='ocrx_word' id='word_1_330' title='bbox 331 3698 408 3743; x_wconf 84' lang='lat' dir='ltr'>vero</span> <span class='ocrx_word' id='word_1_331' title='bbox 431 3679 594 3763; x_wconf 91' lang='lat' dir='ltr'>hospitum</span> <span class='ocrx_word' id='word_1_332' title='bbox 616 3678 655 3742; x_wconf 91' lang='lat' dir='ltr'>de</span> <span class='ocrx_word' id='word_1_333' title='bbox 677 3677 811 3742; x_wconf 78' lang='lat' dir='ltr'>(lralrow</span> <span class='ocrx_word' id='word_1_334' title='bbox 833 3698 853 3742; x_wconf 88' lang='lat' dir='ltr'>a</span> <span class='ocrx_word' id='word_1_335' title='bbox 873 3679 1089 3761; x_wconf 87' lang='lat' dir='ltr'>septentrione</span> <span class='ocrx_word' id='word_1_336' title='bbox 1112 3677 1359 3741; x_wconf 83' lang='lat' dir='ltr'>remanentibus.</span> 
     </span>
    </p>
   </div>
   <div class='ocr_carea' id='block_1_5' title="bbox 986 3969 1803 4054">
    <p class='ocr_par' dir='ltr' id='par_1_7' title="bbox 986 3969 1803 4054">
     <span class='ocr_line' id='line_1_31' title="bbox 986 3969 1803 4054; baseline -0.005 -1"><span class='ocrx_word' id='word_1_337' title='bbox 986 3969 1079 4054; x_wconf 77' lang='lat'><strong>286.</strong></span> <span class='ocrx_word' id='word_1_338' title='bbox 1282 4000 1286 4007; x_wconf 51' lang='lat'><strong><em>¹</em></strong></span> <span class='ocrx_word' id='word_1_339' title='bbox 1767 3995 1803 4050; x_wconf 84' lang='lat' dir='ltr'>so</span> 
     </span>
    </p>
   </div>
   <div class='ocr_carea' id='block_1_6' title="bbox 331 4133 1734 4470">
    <p class='ocr_par' dir='ltr' id='par_1_8' title="bbox 331 4133 1734 4470">
     <span class='ocr_line' id='line_1_32' title="bbox 409 4133 1734 4227; baseline 0.001 -21"><span class='ocrx_word' id='word_1_340' title='bbox 409 4135 703 4208; x_wconf 78' lang='lat' dir='ltr'>1300Juli13.</span> <span class='ocrx_word' id='word_1_341' title='bbox 739 4133 816 4206; x_wconf 82' lang='lat' dir='ltr'>Der</span> <span class='ocrx_word' id='word_1_342' title='bbox 840 4135 1130 4227; x_wconf 74' lang='lat' dir='ltr'>sicbenbtrpiecbe</span> <span class='ocrx_word' id='word_1_343' title='bbox 1156 4135 1309 4224; x_wconf 76' lang='lat' dir='ltr'>Biscbof</span> <span class='ocrx_word' id='word_1_344' title='bbox 1327 4134 1453 4208; x_wconf 78' lang='lat' dir='ltr'>Patrue</span> <span class='ocrx_word' id='word_1_345' title='bbox 1479 4135 1625 4227; x_wconf 73' lang='grc'><strong>1111191,</strong></span> <span class='ocrx_word' id='word_1_346' title='bbox 1652 4135 1734 4207; x_wconf 74' lang='lat' dir='ltr'>dote</span> 
     </span>
     <span class='ocr_line' id='line_1_33' title="bbox 331 4255 1734 4348; baseline -0.003 -18"><span class='ocrx_word' id='word_1_347' title='bbox 331 4256 521 4344; x_wconf 66' lang='lat' dir='ltr'>Elisabeth,</span> <span class='ocrx_word' id='word_1_348' title='bbox 543 4255 665 4329; x_wconf 75' lang='lat' dir='ltr'>Wtwc</span> <span class='ocrx_word' id='word_1_349' title='bbox 682 4256 870 4343; x_wconf 66' lang='lat' dir='ltr'>Herdonia</span> <span class='ocrx_word' id='word_1_350' title='bbox 890 4256 946 4328; x_wconf 79' lang='lat' dir='ltr'>die</span> <span class='ocrx_word' id='word_1_351' title='bbox 958 4255 1190 4347; x_wconf 71' lang='lat' dir='ltr'>Basitznnpea</span> <span class='ocrx_word' id='word_1_352' title='bbox 1211 4255 1398 4348; x_wconf 76' lang='lat' dir='ltr'>Vorodpyo</span> <span class='ocrx_word' id='word_1_353' title='bbox 1415 4256 1489 4329; x_wconf 76' lang='lat' dir='ltr'>und</span> <span class='ocrx_word' id='word_1_354' title='bbox 1501 4255 1734 4345; x_wconf 77' lang='lat' dir='ltr'>Damoefeldo</span> 
     </span>
     <span class='ocr_line' id='line_1_34' title="bbox 333 4377 1189 4470; baseline -0.001 -19"><span class='ocrx_word' id='word_1_355' title='bbox 333 4380 410 4451; x_wconf 82' lang='lat' dir='ltr'>dem</span> <span class='ocrx_word' id='word_1_356' title='bbox 444 4377 725 4470; x_wconf 72' lang='lat' dir='ltr'>Weissenboryer</span> <span class='ocrx_word' id='word_1_357' title='bbox 751 4378 896 4470; x_wconf 79' lang='lat' dir='ltr'>Kopitel</span> <span class='ocrx_word' id='word_1_358' title='bbox 920 4379 1093 4450; x_wconf 83' lang='lat' dir='ltr'>oermorbt</span> <span class='ocrx_word' id='word_1_359' title='bbox 1119 4379 1189 4450; x_wconf 83' lang='lat' dir='ltr'>bnt.</span> 
     </span>
    </p>
   </div>
   <div class='ocr_carea' id='block_1_7' title="bbox 491 4540 1453 4612">
    <p class='ocr_par' dir='ltr' id='par_1_9' title="bbox 491 4540 1453 4612">
     <span class='ocr_line' id='line_1_35' title="bbox 491 4540 1453 4612; baseline -0.002 -16"><span class='ocrx_word' id='word_1_360' title='bbox 491 4541 567 4611; x_wconf 68' lang='lat' dir='ltr'>Orio.</span> <span class='ocrx_word' id='word_1_361' title='bbox 585 4542 666 4611; x_wconf 66' lang='lat' dir='ltr'>Pera.</span> <span class='ocrx_word' id='word_1_362' title='bbox 686 4540 896 4610; x_wconf 75' lang='lat' dir='ltr'>Kapitelarrltio</span> <span class='ocrx_word' id='word_1_363' title='bbox 914 4541 1081 4611; x_wconf 72' lang='lat' dir='ltr'>Kwrleburp.</span> <span class='ocrx_word' id='word_1_364' title='bbox 1107 4540 1195 4612; x_wconf 73' lang='lat' dir='ltr'>Sieycl</span> <span class='ocrx_word' id='word_1_365' title='bbox 1212 4558 1271 4595; x_wconf 81' lang='lat' dir='ltr'>war</span> <span class='ocrx_word' id='word_1_366' title='bbox 1290 4543 1453 4612; x_wconf 71' lang='lat' dir='ltr'>onpcltdnpt.</span> 
     </span>
    </p>
   </div>
   <div class='ocr_carea' id='block_1_8' title="bbox 438 4660 1801 4818">
    <p class='ocr_par' dir='ltr' id='par_1_10' title="bbox 438 4660 1801 4818">
     <span class='ocr_line' id='line_1_36' title="bbox 488 4660 1801 4733; baseline -0.002 -16"><span class='ocrx_word' id='word_1_367' title='bbox 488 4661 601 4733; x_wconf 61' lang='lat' dir='ltr'>Redeat:</span> <span class='ocrx_word' id='word_1_368' title='bbox 612 4660 862 4718; x_wconf 65' lang='grc'><strong>1111111111</strong></span> <span class='ocrx_word' id='word_1_369' title='bbox 873 4666 914 4718; x_wconf 87' lang='grc'>19.</span> <span class='ocrx_word' id='word_1_370' title='bbox 934 4662 1046 4717; x_wconf 79' lang='lat' dir='ltr'>Teuttcb</span> <span class='ocrx_word' id='word_1_371' title='bbox 1054 4662 1251 4717; x_wconf 59' lang='lat' dir='ltr'>ostrebanto</span> <span class='ocrx_word' id='word_1_372' title='bbox 1260 4661 1332 4718; x_wconf 74' lang='lat' dir='ltr'>seo.</span> <span class='ocrx_word' id='word_1_373' title='bbox 1344 4662 1459 4731; x_wconf 70' lang='lat' dir='ltr'>oriar,</span> <span class='ocrx_word' id='word_1_374' title='bbox 1468 4661 1731 4717; x_wconf 78' lang='lat' dir='ltr'>SeiteLXXXIII.</span> <span class='ocrx_word' id='word_1_375' title='bbox 1767 4662 1801 4715; x_wconf 75' lang='lat'>35</span> 
     </span>
     <span class='ocr_line' id='line_1_37' title="bbox 438 4749 839 4818; baseline -0.002 -13"><span class='ocrx_word' id='word_1_376' title='bbox 438 4749 665 4805; x_wconf 67' lang='grc'><strong>1111111111</strong></span> <span class='ocrx_word' id='word_1_377' title='bbox 683 4753 760 4818; x_wconf 84' lang='lat' dir='ltr'>reee,</span> <span class='ocrx_word' id='word_1_378' title='bbox 779 4753 839 4805; x_wconf 78' lang='lat'><em>577.</em></span> 
     </span>
    </p>
   </div>
   <div class='ocr_carea' id='block_1_9' title="bbox 331 4925 1801 5406">
    <p class='ocr_par' dir='ltr' id='par_1_11' title="bbox 331 4925 1801 5406">
     <span class='ocr_line' id='line_1_38' title="bbox 487 4925 1734 5009; baseline -0.002 -18"><span class='ocrx_word' id='word_1_379' title='bbox 487 4926 555 4991; x_wconf 89' lang='lat' dir='ltr'>Nos</span> <span class='ocrx_word' id='word_1_380' title='bbox 588 4925 705 4990; x_wconf 86' lang='lat' dir='ltr'>Petrus</span> <span class='ocrx_word' id='word_1_381' title='bbox 738 4925 790 4990; x_wconf 91' lang='lat' dir='ltr'>dei</span> <span class='ocrx_word' id='word_1_382' title='bbox 823 4927 925 5009; x_wconf 83' lang='lat' dir='ltr'>gretia</span> <span class='ocrx_word' id='word_1_383' title='bbox 958 4926 1126 5009; x_wconf 87' lang='lat' dir='ltr'>episcopus</span> <span class='ocrx_word' id='word_1_384' title='bbox 1157 4925 1386 4990; x_wconf 80' lang='lat' dir='ltr'>Transiluanus</span> <span class='ocrx_word' id='word_1_385' title='bbox 1423 4925 1639 5009; x_wconf 84' lang='lat' dir='ltr'>praesentium</span> <span class='ocrx_word' id='word_1_386' title='bbox 1676 4944 1734 5008; x_wconf 90' lang='lat' dir='ltr'>per</span> 
     </span>
     <span class='ocr_line' id='line_1_39' title="bbox 333 5027 1732 5113; baseline -0.003 -19"><span class='ocrx_word' id='word_1_387' title='bbox 333 5035 478 5094; x_wconf 90' lang='lat' dir='ltr'>tenorem</span> <span class='ocrx_word' id='word_1_388' title='bbox 513 5028 728 5112; x_wconf 82' lang='lat' dir='ltr'>significamus</span> <span class='ocrx_word' id='word_1_389' title='bbox 762 5028 880 5110; x_wconf 90' lang='lat' dir='ltr'>quibus</span> <span class='ocrx_word' id='word_1_390' title='bbox 914 5029 1044 5113; x_wconf 86' lang='lat' dir='ltr'>expedit</span> <span class='ocrx_word' id='word_1_391' title='bbox 1078 5030 1245 5111; x_wconf 83' lang='lat' dir='ltr'>universis,</span> <span class='ocrx_word' id='word_1_392' title='bbox 1281 5029 1367 5111; x_wconf 92' lang='lat' dir='ltr'>quod</span> <span class='ocrx_word' id='word_1_393' title='bbox 1401 5029 1530 5092; x_wconf 90' lang='lat' dir='ltr'>domina</span> <span class='ocrx_word' id='word_1_394' title='bbox 1559 5027 1732 5109; x_wconf 78' lang='lat' dir='ltr'>Elysabetb</span> 
     </span>
     <span class='ocr_line' id='line_1_40' title="bbox 331 5131 1733 5215; baseline -0.001 -19"><span class='ocrx_word' id='word_1_395' title='bbox 331 5132 442 5197; x_wconf 80' lang='lat' dir='ltr'>relicta</span> <span class='ocrx_word' id='word_1_396' title='bbox 466 5133 591 5197; x_wconf 84' lang='lat' dir='ltr'>comitis</span> <span class='ocrx_word' id='word_1_397' title='bbox 612 5131 772 5196; x_wconf 91' lang='lat' dir='ltr'>Herbordi</span> <span class='ocrx_word' id='word_1_398' title='bbox 801 5131 859 5195; x_wconf 89' lang='lat' dir='ltr'>filii</span> <span class='ocrx_word' id='word_1_399' title='bbox 880 5131 1078 5215; x_wconf 88' lang='lat' dir='ltr'>Henninghii</span> <span class='ocrx_word' id='word_1_400' title='bbox 1108 5134 1147 5197; x_wconf 95' lang='grc'>(11</span> <span class='ocrx_word' id='word_1_401' title='bbox 1169 5134 1287 5215; x_wconf 82' lang='lat' dir='ltr'>Vynch</span> <span class='ocrx_word' id='word_1_402' title='bbox 1318 5134 1460 5197; x_wconf 85' lang='lat' dir='ltr'>inferiori</span> <span class='ocrx_word' id='word_1_403' title='bbox 1489 5131 1671 5197; x_wconf 84' lang='lat' dir='ltr'>volentibus</span> <span class='ocrx_word' id='word_1_404' title='bbox 1701 5136 1733 5195; x_wconf 92' lang='lat' dir='ltr'>et</span> 
     </span>
     <span class='ocr_line' id='line_1_41' title="bbox 331 5234 1801 5321; baseline -0.003 -22"><span class='ocrx_word' id='word_1_405' title='bbox 331 5235 605 5301; x_wconf 88' lang='lat' dir='ltr'>consentientibus</span> <span class='ocrx_word' id='word_1_406' title='bbox 626 5234 692 5299; x_wconf 93' lang='lat' dir='ltr'>filio</span> <span class='ocrx_word' id='word_1_407' title='bbox 707 5236 836 5300; x_wconf 89' lang='lat' dir='ltr'>nomine</span> <span class='ocrx_word' id='word_1_408' title='bbox 850 5234 1019 5299; x_wconf 89' lang='lat' dir='ltr'>Herbordo</span> <span class='ocrx_word' id='word_1_409' title='bbox 1039 5242 1071 5300; x_wconf 91' lang='lat' dir='ltr'>et</span> <span class='ocrx_word' id='word_1_410' title='bbox 1088 5236 1154 5299; x_wconf 84' lang='lat' dir='ltr'>lilia</span> <span class='ocrx_word' id='word_1_411' title='bbox 1167 5236 1340 5318; x_wconf 80' lang='lat' dir='ltr'>Elysabetb</span> <span class='ocrx_word' id='word_1_412' title='bbox 1356 5241 1542 5321; x_wconf 84' lang='lat' dir='ltr'>nuncupata</span> <span class='ocrx_word' id='word_1_413' title='bbox 1563 5255 1600 5299; x_wconf 87' lang='lat' dir='ltr'>ae</span> <span class='ocrx_word' id='word_1_414' title='bbox 1615 5235 1730 5299; x_wconf 88' lang='lat' dir='ltr'>comite</span> <span class='ocrx_word' id='word_1_415' title='bbox 1766 5239 1801 5295; x_wconf 84' lang='lat'>40</span> 
     </span>
     <span class='ocr_line' id='line_1_42' title="bbox 331 5337 1733 5406; baseline -0.002 -2"><span class='ocrx_word' id='word_1_416' title='bbox 331 5337 465 5405; x_wconf 89' lang='lat' dir='ltr'>Daniele</span> <span class='ocrx_word' id='word_1_417' title='bbox 486 5338 552 5404; x_wconf 88' lang='lat' dir='ltr'>filio</span> <span class='ocrx_word' id='word_1_418' title='bbox 576 5338 724 5405; x_wconf 79' lang='lat' dir='ltr'>Chelonis</span> <span class='ocrx_word' id='word_1_419' title='bbox 753 5339 850 5405; x_wconf 75' lang='lat' dir='ltr'>tratre</span> <span class='ocrx_word' id='word_1_420' title='bbox 873 5339 1016 5404; x_wconf 89' lang='lat' dir='ltr'>eiusdem</span> <span class='ocrx_word' id='word_1_421' title='bbox 1046 5340 1193 5406; x_wconf 85' lang='lat' dir='ltr'>dominae</span> <span class='ocrx_word' id='word_1_422' title='bbox 1223 5359 1350 5405; x_wconf 83' lang='lat' dir='ltr'>necnon</span> <span class='ocrx_word' id='word_1_423' title='bbox 1379 5345 1412 5405; x_wconf 90' lang='lat' dir='ltr'>et</span> <span class='ocrx_word' id='word_1_424' title='bbox 1441 5341 1556 5404; x_wconf 89' lang='lat' dir='ltr'>comite</span> <span class='ocrx_word' id='word_1_425' title='bbox 1578 5339 1671 5402; x_wconf 85' lang='lat' dir='ltr'>Anch</span> <span class='ocrx_word' id='word_1_426' title='bbox 1693 5339 1733 5402; x_wconf 92' lang='grc'>(11</span> 
     </span>
    </p>
   </div>
   <div class='ocr_carea' id='block_1_10' title="bbox 489 5474 775 5547">
    <p class='ocr_par' dir='ltr' id='par_1_12' title="bbox 489 5474 775 5547">
     <span class='ocr_line' id='line_1_43' title="bbox 489 5474 775 5547; baseline -0.007 -16"><span class='ocrx_word' id='word_1_427' title='bbox 489 5476 510 5545; x_wconf 84' lang='lat'>¹)</span> <span class='ocrx_word' id='word_1_428' title='bbox 532 5474 665 5547; x_wconf 73' lang='lat' dir='ltr'>Vorlope:</span> <span class='ocrx_word' id='word_1_429' title='bbox 682 5477 775 5532; x_wconf 82' lang='lat' dir='ltr'>terrae.</span> 
     </span>
    </p>
   </div>
   <div class='ocr_carea' id='block_1_11' title="bbox 0 0 2048 6292">
    <p class='ocr_par' dir='ltr' id='par_1_13' title="bbox 0 0 2048 6292">
     <span class='ocr_line' id='line_1_44' title="bbox 0 0 2048 6292; baseline 0 0"><span class='ocrx_word' id='word_1_430' title='bbox 0 0 2048 6292; x_wconf 95' lang='lat' dir='ltr'> </span> 
     </span>
    </p>
   </div>
  </div>
 </body>
</html>
