4086 6300
914 633 1069 729 442⁵.-

293 820 454 886 efficacius
476 822 604 886 valeant
625 826 658 886 et
680 827 810 887 teneant
833 842 1056 904 quascumque
1078 822 1200 886 fuerint
1222 826 1402 905 opportuna
1416 828 1449 885 et
1464 841 1547 903 quae
1561 823 1688 905 ipsimet

293 925 397 989 dicere
427 932 460 989 et
488 925 593 990 iacere
622 932 752 1009 possent
781 927 807 989 si
839 934 1021 1010 praesentes
1052 927 1207 991 adessent
1242 925 1366 1003 Quibus
1387 926 1517 1007 quidem
1540 927 1689 990 omuibus

292 1034 326 1094 et
349 1029 482 1111 siugulis
504 1030 588 1093 sicut
610 1031 745 1113 peractis
767 1030 801 1093 in
823 1030 1002 1113 praesentia
1025 1031 1124 1093 nostri
1146 1029 1276 1113 capituli
1299 1049 1396 1114 supra
1418 1030 1492 1093 dicti
1515 1050 1572 1113 per
1587 1030 1688 1093 dictos

293 1138 514 1216 procuratores
537 1133 707 1214 utriusque
731 1134 829 1217 partis
852 1131 861 1214 [
1020 1133 1062 1216 )¹)
1085 1133 1259 1217 capitulum
1282 1154 1379 1216 supra
1401 1134 1521 1197 dictum
1543 1153 1616 1197 cum
1640 1134 1688 1195 in-

240 1244 256 1294 5
293 1237 410 1300 stantia
430 1244 592 1319 rogarunt
624 1236 711 1318 quod
742 1236 930 1300 deberemus
959 1238 1129 1321 praedictis
1160 1237 1309 1301 omnibus
1331 1238 1473 1301 attestari
1496 1245 1528 1301 et
1550 1236 1689 1319 sigillum

292 1347 437 1404 nostrum
460 1358 619 1422 apponere
642 1340 673 1402 in
695 1340 911 1403 testimonium
932 1341 1083 1421 veritatm,
1106 1343 1192 1405 unde
1208 1346 1393 1404 attestantes
1408 1340 1569 1423 praedicta
1585 1340 1691 1403 omnia

292 1449 324 1507 et
346 1443 472 1527 singula
494 1462 563 1507 esse
586 1463 672 1525 vera,
694 1449 792 1526 prout
813 1445 961 1527 superius
984 1446 1175 1527 continetur,
1198 1443 1336 1527 sigillum
1361 1448 1505 1507 nostrum
1530 1443 1689 1525 praesenti

292 1547 468 1629 scriptiuae
498 1547 615 1631 apponi
645 1546 780 1611 fecimus
810 1548 843 1610 in
874 1546 1054 1612 evidentius
1077 1549 1220 1612 veritatis
1243 1548 1461 1612 testimonium
1484 1552 1516 1610 et
1538 1548 1687 1610 maiorem

292 1650 366 1714 fidei
387 1650 570 1714 firmitatem
592 1655 624 1714 et
646 1657 751 1715 cetera
773 1657 805 1716 et
827 1657 932 1715 actum
956 1659 988 1715 et
1010 1657 1115 1716 cetera
1130 1658 1162 1716 et
1177 1658 1338 1736 ponantur
1353 1650 1525 1732 Kalendae,
1547 1649 1688 1721 indictio.

224 1759 258 1812 10
293 1773 398 1818 annus
420 1759 452 1818 et
474 1754 541 1819 dies
564 1760 596 1819 ot
618 1755 713 1819 etiam
736 1756 946 1819 adhibeantur
969 1759 1065 1819 testas
1088 1762 1125 1819 ut
1146 1756 1179 1818 in
1203 1755 1265 1819 alia
1285 1756 1396 1818 forms.

446 2012 641 2092 Praedicta)
675 2015 779 2078 forma
810 2016 948 2097 pertinet
977 2020 1009 2078 et
1039 2016 1114 2079 iacit
1144 2016 1184 2078 ad
1214 2016 1274 2080 hoe
1298 2015 1384 2098 quod
1408 2015 1536 2097 quando
1559 2014 1621 2076 iam
1644 2034 1687 2078 ex

290 2121 379 2200 parts
408 2117 618 2200 plebanorum
647 2117 685 2180 ab
708 2138 774 2182 uns
796 2125 885 2202 parte
907 2125 940 2183 et
962 2138 1003 2182 ex
1025 2124 1113 2202 parte
1136 2119 1256 2181 domini
1279 2119 1419 2203 episcopi
1442 2124 1475 2182 et
1496 2117 1626 2201 capituli
1649 2117 1687 2180 ab

290 2219 389 2283 altera
411 2226 488 2284 sunt
509 2222 674 2285 constituti
697 2227 926 2305 procuratores.
949 2222 1006 2286 Isti
1029 2228 1252 2307 procuratores
1275 2229 1339 2286 tam
1361 2223 1439 2306 ipsis
1461 2222 1688 2306 procuratoriis

290 2329 322 2387 et
351 2324 500 2387 mandato
533 2325 763 2408 comparebunt
792 2345 899 2389 coram
928 2326 1036 2408 aliquo
1067 2326 1205 2410 capitulo
1236 2333 1268 2390 et
1294 2326 1412 2391 iaciant
1433 2327 1519 2389 illam
1542 2326 1688 2408 recogni-

222 2436 255 2488 15
291 2427 409 2492 tionem
439 2434 471 2492 et
501 2429 701 2492 concordiam
734 2430 828 2493 modo
858 2435 890 2493 et
921 2429 1022 2492 forma
1048 2432 1241 2513 praenotatis
1264 2431 1359 2495 etiam
1381 2430 1407 2494 si
1429 2428 1482 2492 alii
1505 2428 1685 2492 sacerdotes

290 2532 409 2595 reverti
431 2532 602 2614 volueriut,
625 2537 771 2596 servetur
793 2533 871 2596 ordo
894 2537 926 2596 et
948 2532 1063 2596 modus
1085 2533 1136 2596 hic
1151 2539 1322 2597 contentus
1338 2534 1389 2597 vel
1405 2533 1583 2597 secundum
1600 2532 1686 2613 quod

290 2633 388 2698 inerit
421 2636 611 2719 ordinatum,
646 2655 684 2700 ea
712 2636 795 2699 iacta
825 2636 928 2700 forma
956 2636 1043 2719 pacis
1073 2638 1229 2702 formetur
1259 2644 1291 2701 et
1320 2637 1489 2720 colligetur
1509 2636 1625 2699 modus
1648 2635 1687 2699 de

289 2738 390 2801 forma
412 2744 445 2803 et
465 2740 689 2804 informatione
713 2736 723 2821 [
828 2738 871 2823 Γ)
888 2740 1003 2803 tradita
1018 2746 1050 2804 ct
1064 2746 1223 2823 contenta,
1239 2741 1295 2805 sed
1311 2740 1398 2824 quod
1415 2740 1549 2824 quilibet
1560 2739 1686 2823 sapiens

289 2843 406 2924 poterit
428 2862 470 2906 ex
492 2842 556 2907 levi
579 2843 727 2926 colligere
750 2848 782 2907 et
805 2844 1031 2908 transformare
1046 2844 1106 2908 hoc
1121 2865 1186 2907 non
1202 2844 1435 2928 praetermissq
1459 2844 1546 2927 quod
1561 2861 1686 2925 semper

219 2951 254 3006 20
287 2947 505 3029 procuratoris
528 2948 696 3029 utriusque
718 2947 817 3031 partis
832 2952 896 3010 tam
912 2947 1051 3031 episcopi
1067 2953 1099 3012 et
1113 2948 1243 3030 capituli
1260 2967 1357 3030 quam
1374 2949 1468 3013 etiam
1484 2947 1685 3012 sacerdotum

288 3067 414 3132 semper
435 3051 618 3114 inserantur
640 3050 679 3114 de
702 3051 800 3114 verbo
824 3050 864 3113 ad
887 3050 1031 3114 verbum.

442 3153 524 3217 Item
551 3155 578 3219 si
601 3173 665 3218 non
688 3158 798 3237 posset
818 3152 896 3236 fieri,
926 3159 964 3218 ut
994 3155 1055 3238 ipsi
1077 3154 1257 3219 sacerdotes
1279 3160 1312 3219 et
1333 3153 1461 3237 plebani
1482 3152 1687 3235 singulariter

287 3261 321 3319 et
341 3257 550 3340 personaliter
571 3258 611 3320 ad
634 3257 773 3339 aliquem
794 3257 900 3321 locum
917 3253 928 3338 [
1006 3257 1074 3342 ·]⁴)
1091 3264 1139 3322 est
1154 3259 1194 3322 ad
1209 3259 1315 3323 locum
1331 3258 1481 3322 ecclesiae
1497 3256 1686 3321 cathedralis

288 3360 328 3423 ad
351 3361 531 3425 iaciendum
555 3367 587 3425 et
608 3361 868 3425 constituendum
891 3368 1114 3445 procuratores
1136 3362 1188 3426 vel
1207 3365 1302 3427 etiam
1316 3362 1526 3446 personaliter
1542 3358 1685 3443 [concor-

218 3468 252 3523 25
289 3464 385 3549 diam)
404 3464 581 3529 faciendam
600 3465 758 3548 accedere,
781 3485 824 3530 ex
843 3470 921 3528 tunc
941 3466 1016 3530 licet
1030 3486 1094 3529 non
1112 3473 1237 3531 tantum
1253 3467 1357 3531 valeat
1372 3471 1477 3530 tamur
1493 3465 1687 3530 conveniant

288 3588 399 3633 omnes
421 3574 453 3632 et
475 3570 593 3654 singuli
614 3570 716 3634 Albae
739 3570 824 3653 apud
847 3569 1085 3634 Praedicatores
1108 3575 1140 3634 st
1157 3571 1411 3653 Augustinenses
1433 3569 1517 3633 beati
1533 3568 1684 3652 Stephani

286 3677 319 3736 et
341 3673 436 3737 etiam
462 3673 610 3736 dominus
632 3673 801 3756 episcopus
823 3678 855 3737 et
878 3673 998 3736 domiui
1021 3673 1222 3758 de'capitulo
1245 3674 1288 3737 ibi
1311 3674 1504 3737 conveniant
1523 3692 1633 3736 omnes
1654 3678 1686 3737 et

286 3774 331 3838 ibi
352 3774 409 3840 fiat
429 3776 499 3860 ipsa
520 3777 695 3859 requisitio,
718 3778 893 3860 recognitio
916 3784 949 3840 et
971 3778 1140 3842 concordia
1159 3784 1191 3842 et
1206 3778 1356 3841 materiae
1370 3778 1546 3861 praesentis
1562 3778 1683 3841 formae

286 3880 442 3944 formetur
464 3880 518 3943 illo
542 3879 635 3943 modo
658 3885 691 3944 et
711 3886 855 3945 mutetur
878 3882 938 3945 sub
963 3883 1074 3966 sigillis
1089 3879 1347 3966 [praedictorum]
1371 3887 1597 3945 conventuum.
1621 3879 1683 3944 Sed

216 3987 252 4042 30
287 3984 364 4066 quia
391 4002 450 4068 per
475 4002 509 4048 se
531 3983 634 4066 sigilla
655 3992 875 4049 conventuum
896 3984 992 4048 fidem
1015 4005 1080 4048 non
1103 3987 1233 4068 faciunt,
1265 3990 1413 4069 opportet
1434 3982 1474 4048 de
1496 3984 1684 4047 necessitate

287 4082 298 4168 [
403 4086 445 4172 ]⁴)
479 4087 618 4171 episcopi
650 4087 740 4170 regni
769 4088 929 4172 Vngariae
962 4088 1063 4152 literis
1093 4108 1204 4153 eorum
1235 4087 1449 4152 mediantibus
1483 4092 1682 4168 attestentur,

287 4190 424 4271 qualiter
437 4190 537 4254 literis
559 4190 669 4253 talium
693 4186 704 4271 [
860 4191 902 4276 1⁶)
925 4193 958 4254 in
974 4192 1118 4276 partibus
1132 4193 1195 4258 illis
1210 4198 1243 4257 et
1257 4193 1291 4255 in
1306 4211 1404 4274 regno
1420 4190 1500 4254 fides
1514 4190 1684 4255 consuerit

286 4292 436 4358 adhiberi.
458 4293 525 4358 Ista
546 4294 630 4357 dicta
650 4300 728 4358 suut
746 4300 875 4379 propter
890 4315 927 4359 ca
943 4293 954 4378 [
1112 4294 1156 4380 ]⁶)
1173 4297 1199 4360 si
1214 4303 1341 4380 praeter
1356 4294 1470 4359 melius
1485 4293 1579 4376 valet,
1595 4293 1683 4375 quod

285 4414 410 4479 semper
431 4394 487 4459 fiat
509 4396 568 4460 sub
591 4397 694 4480 sigillo
717 4398 856 4482 episcopi
878 4398 1013 4463 alicuius
1036 4396 1046 4480 )
1256 4399 1297 4484 17)
1321 4419 1380 4464 nec
1402 4398 1602 4481 praedicitur.

215 4505 250 4559 35
440 4500 520 4564 Item
531 4500 553 4579 ⁸)
584 4502 610 4565 si
641 4521 748 4565 coram
778 4502 855 4586 ipsis
885 4503 1097 4568 conventibus
1127 4504 1224 4568 tuerit
1244 4505 1328 4567 iacta
1349 4504 1418 4587 ipsa
1440 4501 1618 4584 concordia
1640 4520 1682 4565 ex

285 4607 364 4666 tunc
385 4601 506 4667 bonum
530 4610 587 4687 est,
612 4605 699 4687 quod
720 4604 774 4670 ille
795 4606 944 4690 publicus
966 4608 1119 4689 notarius,
1143 4608 1199 4689 qui
1218 4613 1266 4672 est
1280 4608 1314 4670 in
1331 4606 1442 4686 Sabus,
1466 4604 1582 4669 scribat
1596 4606 1681 4689 ipsas

441 4759 461 4824 ¹)
479 4757 615 4825 latebat
636 4758 795 4814 Oentimcter
813 4759 890 4813 broit.

440 4843 462 4911 ³)
479 4843 536 4898 Dic
554 4844 634 4900 Stella
654 4862 707 4900 uon
724 4846 861 4901 Praedicta
885 4846 928 4900 bis
950 4847 1080 4901 noudum
1104 4846 1207 4900 cadolt
1226 4846 1436 4915 Aaorduuupca
1459 4844 1605 4911 betreffcad
1629 4844 1683 4898 den

283 4928 435 4985 Abcdtlusa
454 4930 502 4985 dcc
524 4930 798 4986 Uebereinkemmcns.

214 5012 250 5067 40
439 5018 462 5085 ⁸)
479 5016 579 5083 hacke,
599 5021 614 5070 1
635 5016 795 5072 Gantimcter
813 5018 891 5073 broit.

439 5104 461 5171 ⁴)
478 5106 497 5157 2
516 5102 683 5159 Gentimetcr.

439 5190 460 5257 ⁸)
477 5191 522 5244 26
542 5188 709 5244 Oeatimetcr.

439 5276 461 5344 ’)
477 5279 495 5331 3
515 5275 683 5331 Gcnbnwtcr.

438 5365 495 5431 ¹)4
516 5362 683 5419 domim.

213 5447 248 5502 45
439 5451 461 5518 ⁸)
477 5449 534 5505 Dic
546 5448 627 5506 Stella
644 5452 783 5507 ocultam
801 5451 844 5506 bic
861 5451 992 5505 namnum
1009 5451 1047 5506 iat
1065 5453 1122 5520 auf
1134 5454 1194 5508 dem
1209 5453 1295 5509 Rond
1313 5453 1512 5524 norbadropea
1523 5452 1583 5508 und
1594 5453 1680 5508 aurea

282 5534 400 5591 Ζοίώιη
417 5535 461 5591 als
477 5535 568 5591 hister
584 5537 744 5605 praedicitur
758 5537 871 5608 pebdrip
890 5537 1047 5594 bactram.
