4086 6300
906 610 1061 705 Q

282 798 442 876 coguntur
470 793 505 856 in
535 794 655 858 ordinis
683 795 922 878 presbyterialis
952 796 1158 881 opprobrium
1188 801 1221 861 et
1251 797 1437 862 scandalum
1459 799 1679 884 plurimorum.

281 896 413 960 Praeter
445 897 523 961 haee
556 917 670 981 graves
703 900 749 963 eis
783 901 953 964 servitutes
985 901 1157 984 imponunt
1185 905 1219 964 et
1247 900 1310 964 alia
1338 901 1561 966 intollerabilis
1582 923 1681 968 onera

283 1003 394 1061 contra
424 1000 667 1064 ecclesiasticam
690 1002 878 1085 libertatem,
908 1003 1057 1087 praelatis
1079 1003 1226 1087 episcopo
1248 1004 1450 1069 medletatem
1473 1012 1506 1070 et
1527 1006 1680 1071 archidia-

283 1121 364 1165 cono
394 1103 518 1166 tertiam
548 1104 752 1187 decimanum,
782 1125 864 1188 quae
894 1107 934 1170 de
964 1107 1097 1189 antiqua
1127 1107 1359 1171 consuetudine
1390 1108 1425 1171 in
1450 1107 1514 1171 illis
1536 1109 1680 1193 partibus

231 1214 248 1265 5
284 1204 451 1269 observata
472 1206 512 1269 ad
533 1208 693 1290 praefatos
714 1214 854 1272 rectores
875 1210 1035 1292 pertinere
1058 1210 1217 1291 dicuntur,
1239 1209 1300 1274 sibi
1314 1228 1372 1293 per
1386 1211 1571 1279 violentiam
1586 1233 1680 1278 asur-

284 1308 397 1392 pando.
431 1309 556 1373 Rursus
586 1330 660 1374 cum
690 1330 746 1375 eos
768 1311 907 1393 visitant
937 1313 972 1375 in
994 1313 1196 1395 septuaginta
1217 1312 1436 1378 evectionibus
1458 1316 1626 1399 episcopus
1649 1321 1681 1381 et

283 1413 413 1495 triginta
441 1413 682 1478 archidiaconus
707 1414 793 1498 ipsos
814 1420 950 1497 gravant
971 1415 1011 1479 ab
1034 1415 1080 1479 eis
1101 1415 1269 1499 pecuniam
1293 1415 1462 1499 exigendo,
1485 1436 1680 1501 quamquam

284 1515 488 1579 ecclesiarum
511 1517 660 1599 ipsarum,
684 1536 767 1599 quae
782 1517 885 1581 adhue
908 1524 985 1581 suut
1006 1517 1134 1582 novella
1154 1517 1317 1601 plantatio,
1339 1537 1436 1602 super
1449 1520 1510 1584 hiis
1524 1541 1591 1584 non
1605 1542 1681 1607 snp-

285 1624 395 1701 petant
424 1619 599 1684 facultates
632 1619 684 1683 Ab
714 1619 761 1684 eis
790 1620 884 1684 etiam
907 1640 965 1704 pro
988 1621 1056 1684 suis
1077 1620 1333 1684 institutionibus
1354 1623 1524 1705 pecuniam
1546 1626 1683 1709 erigunt

217 1730 250 1783 10
285 1728 317 1786 et
345 1727 541 1804 extorquent
570 1741 627 1806 per
655 1723 860 1787 simoniacam
890 1725 1078 1807 pravitatem
1108 1730 1141 1788 et
1171 1724 1248 1787 alias
1278 1743 1333 1788 eos
1362 1725 1441 1789 adeo
1464 1728 1682 1812 multipliciter

286 1826 471 1909 opprimant
500 1831 533 1889 et
554 1824 709 1909 affligunt,
740 1826 827 1909 quod
849 1827 906 1890 vin
928 1846 1040 1890 eorum
1062 1827 1179 1909 aliquis
1200 1828 1233 1889 in
1259 1828 1400 1892 ecclesiis
1424 1830 1526 1895 diotae
1548 1831 1683 1896 diocesis

286 1935 466 1994 remaneret
473 1929 503 2010 ¹),
525 1929 589 1992 nisi
610 1928 697 2012 ipsos
719 1930 770 1994 sui
792 1930 974 2013 parochiani
996 1931 1069 1993 laici
1091 1935 1267 1995 tuerentur.
1289 1931 1332 1995 Et
1349 1933 1376 1995 si
1393 1934 1521 2015 quando
1537 1954 1556 1998 a
1570 1955 1683 2018 grava-

286 2031 427 2095 minibus
448 2050 505 2115 per
528 2031 712 2116 episcopum
733 2033 787 2096 vel
809 2034 1065 2098 archidiaconum
1088 2035 1266 2118 praedictos
1288 2035 1383 2099 illatis
1405 2055 1425 2099 a
1446 2036 1539 2101 dictis
1562 2037 1682 2102 decano

285 2153 344 2199 seu
364 2135 542 2199 rectoribus
564 2136 604 2200 ad
626 2136 734 2201 sedem
755 2137 959 2221 apostolicam
982 2138 1133 2222 appellari
1147 2138 1320 2221 contingat,
1342 2139 1538 2222 appellantes
1553 2140 1682 2205 eosdem

217 2246 250 2297 15
287 2244 581 2321 quantumcumque
608 2240 747 2323 legitime
777 2241 853 2303 diris
890 2241 1071 2305 carceribus
1104 2240 1299 2325 mancipant,
1329 2242 1543 2307 instrumenta
1575 2243 1682 2327 appel-

284 2343 440 2406 lationum
469 2362 600 2407 suarum
628 2345 785 2408 violenter
806 2344 958 2408 auferunt
979 2345 1019 2408 ab
1049 2345 1168 2409 eudem
1190 2345 1373 2409 huiusmodi
1402 2364 1515 2410 eorum
1546 2347 1684 2430 appella·

286 2446 427 2511 tionibus
439 2447 507 2511 sive
518 2447 552 2509 in
564 2447 669 2511 causis
680 2447 897 2511 criminalibus
908 2449 976 2513 sive
988 2448 1135 2512 civilibus
1147 2449 1321 2513 interiectis
1332 2450 1462 2514 minime
1474 2449 1683 2515 defendendo.

284 2550 447 2615 Adiiciens
477 2551 561 2614 idem
591 2550 755 2634 plebanus,
786 2552 872 2634 qnod
903 2552 971 2635 ipse
999 2572 1073 2616 cum
1104 2558 1191 2616 metu
1221 2558 1254 2617 et
1280 2559 1399 2617 terrore
1421 2573 1480 2637 pro
1503 2573 1538 2618 se
1559 2560 1593 2618 et
1613 2554 1684 2618 aliis

285 2655 533 2737 praenominatis
563 2654 735 2737 appellans,
765 2675 839 2718 oum
868 2675 926 2738 per
955 2656 1137 2740 episcopum
1170 2663 1203 2720 et
1228 2656 1484 2720 archidiaconum
1505 2657 1684 2741 praedictos

217 2760 252 2815 20
286 2758 327 2821 ad
355 2757 592 2842 impediendum
623 2759 683 2822 iter
712 2758 784 2822 eius
811 2760 851 2823 ad
883 2760 991 2824 sedem
1019 2760 1213 2843 praedictam
1235 2760 1269 2823 in
1291 2759 1426 2824 diversis
1448 2760 1527 2824 locis
1548 2760 1686 2824 fussent

285 2862 419 2926 insidiae
441 2867 653 2945 praeparatae,
684 2866 771 2926 recto
798 2864 924 2927 tramite
947 2863 1103 2928 declinato
1126 2883 1163 2926 ac
1185 2863 1409 2927 transformato
1432 2863 1551 2946 habitu,
1581 2883 1623 2928 ne
1644 2863 1684 2928 ab

285 2965 468 3030 huiusmodi
490 2965 729 3030 insidiatoribus
759 2967 906 3049 cognitus
935 2966 1113 3050 haberetur,
1143 2968 1183 3031 ad
1214 2966 1330 3031 dictam
1360 2966 1468 3031 sedem
1498 2986 1556 3051 per
1583 2972 1685 3032 terras

286 3069 461 3134 infidelium
492 3069 554 3133 tuit
574 3069 743 3153 proiectus.
767 3067 873 3145 Quare
894 3070 1057 3155 praetatus
1078 3069 1234 3153 plebanus
1257 3070 1386 3134 nomine
1408 3089 1467 3133 suo
1491 3076 1523 3135 et
1550 3069 1684 3134 aliorum

286 3172 608 3256 praenominatorum,
639 3192 778 3254 quorum
807 3180 995 3258 procurator
1025 3174 1143 3257 existit
1174 3173 1267 3237 nobis
1296 3173 1458 3238 humiliter
1484 3173 1684 3258 supplicavit

217 3279 252 3333 25
286 3282 325 3340 ut
353 3277 521 3360 providere
547 3276 624 3360 ipsis
646 3295 743 3360 super
764 3277 946 3360 praemissis
968 3277 1008 3342 de
1030 3283 1189 3362 oportuno
1213 3277 1353 3342 remedio
1376 3277 1588 3361 dignaremur.
1618 3276 1687 3342 Nos

287 3380 386 3464 igitur
412 3379 620 3462 attendentes,
654 3379 741 3462 quod
771 3381 798 3444 si
827 3381 1001 3463 praemissa
1030 3381 1162 3445 veritate
1192 3381 1344 3461 nitantur,
1374 3379 1482 3443 limam
1508 3381 1621 3445 celeris
1653 3385 1687 3444 et

288 3489 486 3567 opportunae
515 3482 721 3547 correctionis
750 3490 938 3567 exposcunt
969 3504 1042 3548 cum
1068 3483 1144 3547 talia
1164 3503 1230 3546 non
1253 3483 1295 3547 sit
1316 3482 1449 3547 dubium
1472 3482 1507 3546 in
1528 3483 1686 3547 dictorum

288 3587 427 3671 episcopi
450 3594 482 3651 et
503 3586 714 3651 archidiaconi
737 3586 850 3651 salutis
872 3592 904 3651 et
926 3588 1028 3651 lamae
1050 3587 1250 3670 dispendium
1266 3605 1399 3669 vergere
1415 3593 1448 3651 et
1461 3587 1496 3649 in
1511 3586 1684 3651 multarum

288 3690 465 3753 animarum
487 3690 661 3773 perniciem
682 3690 872 3773 redundare,
894 3690 1083 3754 fraternitati
1105 3696 1180 3754 tuae
1202 3690 1242 3753 de
1264 3709 1329 3771 qua
1349 3690 1477 3773 plenam
1499 3690 1532 3753 in
1555 3689 1684 3753 domino

220 3796 256 3849 30
289 3792 438 3856 fiduciam
467 3794 607 3875 gerimus
629 3793 663 3856 in
686 3793 806 3856 virtute
828 3793 1026 3859 obedientiae
1048 3793 1190 3857 disticte
1212 3793 1434 3877 praecipiendo
1457 3793 1645 3857 mandamus
1654 3792 1686 3875 ²),

291 3900 450 3976 quatenus
479 3896 519 3959 de
548 3897 730 3979 praemissis
759 3896 908 3961 omnibus
934 3903 967 3961 et
988 3897 1122 3981 singulis
1144 3897 1288 3978 inquiras
1311 3896 1495 3979 diligentius
1516 3896 1683 3960 veritatem

290 4004 322 4062 et
344 4016 566 4081 quaecumque
596 4018 693 4083 super
722 4001 783 4064 hiis
808 4001 970 4065 inveneris
998 4000 1135 4065 fidehter
1155 4001 1190 4062 in
1212 4000 1339 4083 scriptis
1361 3999 1488 4064 redacta
1510 3998 1602 4062 nobis
1624 3998 1684 4063 sub

290 4102 392 4186 sigillo
426 4107 482 4167 tuo
517 4103 677 4168 destinare
709 4123 871 4186 procures.
904 4104 947 4169 Et
978 4104 1005 4168 si
1039 4105 1121 4168 forte
1149 4122 1207 4187 per
1236 4102 1476 4184 inquisitionem
1503 4102 1686 4165 huiusmodi

289 4206 462 4290 praemissa
482 4208 640 4289 repereris
661 4207 705 4270 ita
726 4226 806 4290 esse,
828 4207 987 4290 praelatos
1008 4207 1191 4291 episcopum
1213 4212 1247 4270 et
1268 4205 1525 4269 archidiaconum
1540 4211 1686 4288 exparte

221 4312 255 4366 35
291 4315 401 4373 nostra
428 4310 639 4392 peremptorie
669 4309 767 4373 citare
795 4329 957 4393 procures,
991 4315 1028 4373 ut
1048 4309 1132 4372 intra
1152 4310 1251 4372 trium
1272 4309 1431 4373 mensium
1454 4308 1593 4392 spatium
1615 4313 1688 4392 post

289 4412 471 4477 citationem
501 4412 685 4476 huiusmodi
715 4412 854 4495 legitime
884 4420 1087 4496 compareant
1115 4413 1150 4475 in
1171 4412 1316 4476 Romana
1345 4412 1435 4475 curia
1462 4430 1568 4476 coram
1595 4410 1687 4475 nobis

291 4514 406 4579 lactari
427 4534 524 4599 super
538 4515 599 4579 hiis
621 4520 654 4580 et
668 4516 837 4599 recepturi,
860 4516 947 4597 quod
969 4516 1091 4580 iustitia
1112 4514 1267 4579 suadebit
1289 4513 1382 4578 Diem
1405 4533 1481 4579 vero
1504 4513 1687 4579 huiusmodi

290 4618 448 4683 citahonis
468 4625 501 4683 et
515 4620 649 4682 formam
672 4625 704 4683 et
727 4618 884 4701 quidquid
906 4637 1003 4702 super
1016 4618 1077 4681 hiis
1092 4617 1225 4682 durans
1239 4617 1421 4682 iaciendum
1436 4617 1528 4681 nobis
1542 4635 1600 4700 per
1615 4621 1688 4681 tuas

289 4721 397 4786 literas
424 4722 538 4786 harum
567 4722 682 4786 seriem
713 4722 915 4786 continentes
943 4722 995 4786 vel
1025 4740 1083 4805 per
1103 4721 1353 4785 instrumentum
1374 4720 1537 4803 pubhcum
1560 4719 1688 4784 studeas

221 4829 257 4883 40
290 4824 426 4890 fideliter
456 4825 611 4888 intimare.
655 4822 774 4888 Datum
796 4823 966 4906 Avinione,
996 4822 1038 4887 X.
1059 4823 1220 4889 Kalendas
1241 4824 1396 4905 ianuarii,
1426 4842 1511 4887 anno
1546 4823 1688 4909 septimo.

447 4996 468 5061 ¹)
492 4992 624 5062 Vorlopc:
641 4995 786 5047 remanent

446 5081 469 5148 ¹)
491 5078 625 5149 Vorlopa:
643 5095 790 5135 monemus.
