4064 6288
913 625 1069 719 -pe—

289 809 388 876 rcbur
415 809 566 882 obtineat
594 816 795 893 praesentem
825 812 973 895 paginam
999 811 1134 895 duplicis
1156 809 1250 893 sigilli
1272 810 1373 874 nostri
1395 811 1572 874 munimine
1593 807 1687 874 robo-

289 922 390 980 reum
412 915 566 979 duximus
587 914 830 979 concedendam.
853 913 972 979 Datum
993 934 1078 978 anno
1101 913 1221 978 nomm
1242 891 1284 978 ni.
1307 891 1448 978 ocia.
1473 891 1529 995 vi,
1546 913 1687 979 seeundo

289 1019 400 1086 Nonas
420 1018 529 1102 Mayy,
551 1019 642 1105 regni
664 1024 771 1082 autem
793 1019 896 1083 nostri
917 1037 1001 1084 anno
1023 996 1081 1083 XI

958 1280 1022 1364 82.

237 1461 254 1515 c
366 1446 474 1515 1247
498 1443 590 1515 June·
616 1445 654 1513 2.
695 1442 812 1534 Kiuip
847 1440 937 1515 Boia
972 1442 1001 1514 I
1005 1437 1042 1515 V.
1069 1442 1213 1515 cubiti
1247 1441 1314 1512 deu
1339 1440 1593 1532 Hospituia‘tara
1624 1440 1688 1511 das

294 1563 412 1637 (debiat
436 1587 500 1637 eoa
528 1562 679 1636 Soteris.

442 1728 554 1783 Druck:
575 1727 692 1782 Iloeiaar
708 1728 786 1783 Mora.
798 1728 894 1799 Hesp.
907 1729 934 1796 Ι,
951 1732 1004 1783 208
1020 1728 1091 1783 nodi
1108 1729 1158 1783 der
1169 1726 1493 1797 Beauipuapeartaadc
1510 1726 1557 1781 des
1570 1727 1687 1795 Popetaa

391 1815 529 1868 Innocens
547 1813 603 1867 IV.
626 1830 680 1867 voa
703 1817 780 1881 1250,
805 1813 930 1885 Regiam
953 1814 1162 1869 Varitaaisctec
1180 1813 1290 1868 Arabio.
1312 1841 1346 1852 -
1370 1813 1450 1880 Pray
1468 1811 1686 1866 Dissertatioacs

390 1900 453 1954 bist.
471 1900 532 1954 ero.
550 1903 610 1953 134.
638 1899 754 1953 Kolone
772 1899 848 1954 Her.
866 1901 926 1956 erit.
949 1900 1000 1968 VI,
1025 1905 1067 1955 45.
1091 1900 1218 1970 Battydn
1236 1899 1322 1970 Lapsa
1339 1899 1427 1953 coclea.
1446 1897 1490 1964 ΙΙ,
1514 1901 1575 1952 306.
1600 1897 1687 1965 Fejtr

219 1986 254 2041 10
394 1985 484 2043 eodm
501 1985 523 2040 I
525 1985 557 2052 V,
576 1990 601 2053 1,
619 1989 679 2040 447.
706 1985 888 2041 Dcnausiarsu
905 1987 1072 2042 Documenta
1088 1991 1149 2042 249.

444 2106 630 2162 Bmdeteca·
651 2107 763 2162 Teutscb
780 2126 807 2162 u.
827 2108 988 2163 Fa‘rnbcbar
1006 2107 1078 2164 sco.
1102 2107 1183 2164 Urkb.
1202 2107 1229 2175 I,
1247 2107 1319 2162 Seite
1336 2106 1522 2161 XXXVIII.

443 2265 482 2328 ln
505 2266 633 2328 nominc
655 2271 783 2330 sanctae
798 2266 948 2331 trinitatis
975 2272 1007 2332 et
1028 2266 1212 2331 individuae
1233 2265 1373 2330 unitatis.
1395 2265 1508 2329 Amen.
1535 2264 1613 2329 Bela
1635 2263 1687 2327 dei

288 2369 389 2452 gratia
413 2367 606 2452 Hungariae,
627 2366 811 2449 Dalmatiae,
834 2368 987 2452 croatiae,
1009 2370 1136 2451 Remea,
1159 2369 1296 2450 Servius,
1319 2368 1460 2449 Galitiae,
1481 2366 1687 2431 lodomeriae

289 2470 527 2553 Cumaniaeque
556 2490 616 2535 rex
645 2472 679 2534 in
709 2478 908 2555 perpetuum.
952 2473 1077 2557 Regum
1108 2473 1262 2538 celsitudo
1292 2472 1427 2553 requirit
1448 2478 1481 2535 ct
1502 2470 1687 2534 sublimium

222 2583 255 2636 15
290 2573 435 2656 dignitati
457 2574 600 2658 debetur,
623 2581 660 2639 ut
681 2576 765 2640 inter
787 2582 893 2641 cetera
915 2597 953 2642 eo
976 2578 1151 2642 studiosius
1173 2577 1213 2640 ad
1232 2574 1528 2660 multiplicationem
1541 2574 1687 2657 invigilet

288 2676 498 2760 subditorum,
530 2698 594 2761 quo
624 2679 768 2762 ipsorum
796 2680 898 2763 gloria
918 2681 952 2744 in
975 2680 1136 2744 subiectae
1164 2678 1265 2762 plebis
1291 2679 1497 2744 multitudine
1519 2680 1687 2763 specialius

288 2780 457 2863 exaltatur,
486 2782 674 2865 praesertim
702 2800 777 2845 cum
805 2801 918 2866 regum
948 2784 1091 2848 omnium
1120 2789 1153 2847 et
1181 2802 1354 2867 regnorum
1382 2784 1533 2867 potentia,
1563 2803 1628 2866 pax
1654 2789 1687 2846 et

288 2885 441 2948 secuntus
469 2885 505 2948 in
534 2904 668 2949 suorum
697 2885 812 2950 robore
841 2889 1014 2952 consistere
1049 2887 1283 2971 dignoscantur.
1327 2887 1461 2952 Accedit
1481 2886 1687 2949 nihilominus

288 3006 353 3051 non
376 2988 416 3051 ad
438 2988 595 3052 modicam
626 2987 849 3054 sollicitudinis
877 2992 983 3074 regiae
1012 2997 1135 3075 partem
1164 3011 1219 3056 eos
1247 2989 1486 3073 benignioribus
1514 2990 1633 3052 inmari
1655 2993 1687 3053 et

221 3098 257 3153 20
291 3090 498 3174 amplioribus
527 3092 679 3176 prosequi
708 3091 879 3175 beneficiis,
908 3093 1105 3174 inquorum
1133 3095 1278 3178 personis
1308 3098 1340 3158 st
1360 3093 1482 3157 utilitas
1504 3091 1687 3176 temporalis

288 3195 460 3277 provenire
483 3200 629 3280 speratim
651 3201 684 3259 et
704 3215 765 3259 rex
779 3215 890 3280 regum
907 3198 1050 3261 omnium
1071 3198 1261 3283 propensius
1282 3197 1464 3260 honoratur.
1493 3195 1563 3260 Hac
1577 3197 1686 3277 itaque

288 3297 540 3363 consideratione
582 3299 706 3363 inducti
742 3319 816 3362 eum
852 3300 1027 3364 venerabili
1067 3302 1136 3364 viro
1173 3301 1270 3365 tratre
1306 3299 1480 3365 Rambaldo
1518 3299 1686 3362 domorum

287 3400 451 3484 hospitalis
479 3401 728 3467 Jerosolimitani
757 3422 872 3486 magno
902 3411 1106 3489 praeceptore
1136 3405 1170 3468 in
1199 3406 1343 3490 partibus
1372 3404 1549 3468 cismarinis
1571 3403 1685 3466 dilecto

288 3503 388 3567 amico
411 3508 520 3568 nostro
550 3525 648 3590 snper
677 3506 882 3591 populatione
912 3508 1002 3591 regni
1032 3508 1142 3590 nostri,
1174 3508 1261 3590 quod
1286 3526 1344 3591 per
1365 3507 1511 3571 hostilem
1534 3506 1685 3570 barbarae

220 3614 254 3669 25
288 3607 427 3672 nationis
447 3608 621 3692 incursum,
652 3629 735 3692 quae
756 3610 878 3674 Tartari
906 3610 1116 3695 appellantur,
1146 3612 1230 3675 sicut
1258 3612 1292 3673 in
1322 3610 1481 3675 bonorum
1506 3610 1685 3691 amissione,

287 3709 332 3774 sic
353 3711 531 3775 incolarum
564 3713 809 3797 interemptione
835 3733 932 3797 grava
962 3715 1115 3777 sustinuit
1136 3714 1347 3798 dispendium,
1377 3714 1473 3797 lenge
1502 3713 1685 3796 praehabito

287 3818 423 3878 macuta
452 3834 526 3879 cum
555 3817 752 3901 principibus
783 3823 815 3883 et
843 3818 1017 3882 baronibus
1046 3819 1137 3901 regni
1159 3819 1269 3900 nostri,
1290 3818 1325 3880 iu
1356 3818 1416 3880 hec
1438 3822 1547 3879 nostra
1568 3816 1686 3880 resedit

287 3919 498 3982 communiter
520 3919 713 4001 deliberatio,
744 3926 790 4002 ut,
822 3922 898 4002 quia
919 3922 1003 3985 idem
1025 3927 1211 4006 praeceptor
1232 3921 1360 3985 nomine
1383 3920 1497 3983 domus
1519 3919 1683 4003 hospitalis

286 4019 320 4081 in
342 4020 521 4085 subsidium
542 4024 633 4105 regni
654 4025 756 4086 nostri
770 4025 890 4089 intuitu
905 4024 1099 4089 defensionis
1113 4024 1188 4089 fidei
1203 4025 1399 4089 Christianae
1421 4044 1509 4087 arma
1523 4042 1684 4087 assumere

221 4129 255 4184 30
288 4124 464 4188 secundum
486 4124 621 4189 formam
642 4127 777 4191 inferius
791 4135 974 4192 annotatam
989 4135 1022 4193 et
1042 4130 1077 4191 in
1091 4128 1273 4213 populanda
1288 4133 1372 4192 terra
1391 4132 1502 4191 nestra
1516 4127 1683 4191 consilium

287 4232 320 4290 et
347 4227 506 4292 auxilium
535 4230 720 4311 impendere
750 4230 835 4295 bona
863 4230 926 4296 fide
955 4252 1015 4297 neo
1043 4251 1110 4296 non
1140 4232 1217 4296 alias
1239 4230 1347 4295 subire
1369 4230 1567 4294 conditiones
1589 4229 1684 4314 paulo

286 4336 358 4414 post
378 4332 601 4415 praesentibus
629 4334 766 4398 insertas
798 4352 833 4398 se
854 4354 891 4399 ac
913 4335 1044 4400 domum
1065 4335 1229 4420 hospitalis
1252 4339 1365 4418 sponte
1389 4332 1549 4417 obligavit,
1572 4332 1684 4396 damus

287 4440 320 4498 et
340 4435 535 4501 conterimus
558 4436 618 4500 sibi
640 4442 673 4501 et
693 4456 752 4521 per
773 4456 848 4501 eum
870 4439 972 4503 dictae
995 4440 1104 4504 domui
1127 4444 1226 4503 totam
1248 4444 1365 4502 terram
1388 4437 1427 4500 de
1449 4436 1587 4500 Zeurino
1610 4456 1683 4500 cum

287 4536 411 4622 alpibus
441 4539 481 4603 ad
509 4540 612 4624 ipsam
639 4540 874 4623 pertinentibus
901 4549 934 4607 et
962 4544 1032 4608 aliis
1067 4542 1243 4606 attinentiis
1273 4542 1431 4624 omnibus,
1460 4541 1578 4625 pariter
1610 4559 1684 4603 cum

221 4643 254 4698 35
286 4640 492 4707 ienazatibus
513 4642 649 4707 Joannis
671 4650 704 4708 et
717 4644 855 4710 Furcasii
876 4665 981 4729 usque
1003 4644 1044 4709 ad
1065 4643 1201 4708 fluvium
1217 4643 1300 4726 Olth,
1323 4650 1458 4729 excepta
1480 4651 1565 4709 terra
1586 4643 1684 4707 iena-

287 4750 376 4809 aatus
400 4744 527 4828 Lpnioy
560 4747 724 4831 vaivodae,
759 4768 857 4830 quam
887 4751 987 4816 Olatis
1019 4748 1239 4831 relinquimus,
1273 4755 1369 4831 prout
1401 4748 1497 4811 iidem
1529 4748 1683 4811 hactenus

287 4852 468 4929 tenuerunt,
496 4850 540 4912 ita
561 4855 676 4932 tamen,
706 4851 793 4932 qnod
815 4853 1015 4917 medietatem
1037 4852 1179 4916 omnium
1202 4851 1375 4915 utilitatum
1405 4857 1437 4916 et
1462 4851 1624 4915 redituum
1646 4870 1683 4914 ac

286 4951 489 5015 servitiorum
510 4952 551 5016 de
572 4958 640 5016 tota
661 4959 746 5017 terra
767 4954 896 5018 Zeurini
917 4962 1092 5020 memorata
1113 4962 1146 5020 ot
1171 4954 1378 5019 kenazatibus
1401 4974 1498 5038 supra
1513 4954 1683 5017 nominatis

286 5055 543 5138 provenientium
565 5055 657 5119 nobis
680 5063 713 5120 et
734 5058 972 5122 successoribus
993 5060 1112 5122 nostris
1138 5078 1348 5141 reservamus,
1370 5058 1538 5123 medietate
1560 5056 1622 5119 alia
1643 5056 1683 5119 ad

218 5163 254 5218 40
286 5177 382 5222 usum
411 5157 525 5222 domus
554 5178 652 5243 supra
680 5160 782 5224 dictae
809 5161 951 5243 cedente,
981 5162 1123 5245 exceptis
1154 5161 1295 5226 ecelesiis
1325 5162 1517 5226 constructis
1546 5166 1579 5224 et
1607 5178 1683 5222 oon·

287 5261 447 5326 struendis
468 5262 502 5325 in
524 5262 672 5327 omnibus
701 5265 794 5329 terris
816 5283 914 5349 supra
942 5264 1042 5345 dictis,
1065 5263 1104 5328 de
1128 5283 1264 5346 quarum
1291 5264 1468 5330 redditibus
1490 5263 1567 5326 nihil
1590 5262 1682 5326 nobis

287 5383 495 5450 reservamus,
524 5365 621 5430 salvis
651 5372 758 5432 tamen
788 5369 975 5434 reverentiis
1006 5374 1039 5434 st
1065 5367 1189 5433 iuribus
1211 5369 1520 5453 archiepiscoporum
1545 5372 1578 5431 et
1599 5367 1682 5451 epis·

288 5486 448 5554 ceperum,
478 5487 561 5553 quae
589 5469 706 5536 habere
736 5471 977 5556 dignoscuntur,
1009 5473 1152 5557 exceptis
1181 5473 1276 5538 etiam
1308 5472 1500 5539 molendinis
1533 5468 1682 5535 omnibus
