4106 6294
982 619 1137 714 -100-

358 816 446 876 stant
466 815 498 874 et
519 811 656 874 redeunt
684 810 724 872 ad
747 810 830 875 velle
852 829 972 874 eorum.
1005 809 1047 873 Et
1068 816 1154 874 certe
1181 808 1270 873 salva
1291 828 1368 892 pace
1390 808 1605 892 procuratoris
1627 807 1758 892 capituli

359 916 510 980 indecens
539 919 663 998 reputo,
694 922 730 977 ut
759 914 897 978 scintilla
929 914 1050 997 sopitae
1083 913 1258 978 discordiae
1291 913 1331 975 ad
1361 913 1547 976 memoriam
1575 913 1758 977 reducatur.

360 1020 440 1083 Item
471 1040 536 1082 non
560 1018 665 1081 obstat
687 1019 774 1099 quod
797 1019 921 1098 dicitur,
951 1018 1067 1081 dictam
1094 1017 1336 1081 universitatem
1365 1036 1435 1080 0000
1457 1017 1607 1081 rebellem
1630 1021 1758 1080 sanctae

360 1123 521 1187 Romanae
552 1121 702 1186 ecelesiae
732 1142 768 1185 ac
791 1122 911 1185 domiui
935 1121 1038 1185 Caroli
1062 1122 1145 1204 regis
1159 1120 1328 1204 Vngariae.
1358 1120 1440 1205 Nam
1463 1120 1552 1184 salva
1573 1139 1650 1204 pace
1672 1120 1758 1184 exci-

361 1228 477 1312 pientis
500 1247 565 1290 non
587 1226 730 1307 rebelles,
754 1226 809 1290 sed
827 1224 947 1307 fideles
968 1227 1066 1288 immo
1088 1218 1264 1288 fidelissimi
1286 1226 1426 1305 fuerunt,
1449 1232 1526 1290 sunt
1549 1232 1581 1289 et
1599 1226 1694 1289 eh'am
1709 1226 1757 1288 in·
1793 1231 1809 1284 5

360 1332 506 1412 tendunt,
525 1331 557 1393 in
573 1336 764 1413 perpetuum
779 1329 941 1393 Romanae
956 1329 1107 1393 ecclesiae
1122 1348 1158 1392 oc
1174 1328 1294 1391 1101111111
1307 1328 1411 1393 Caroli
1426 1329 1496 1392 veri
1507 1329 1591 1411 regis
1599 1328 1759 1411 Vngariae

361 1444 393 1499 et
408 1435 634 1499 catholicorum
650 1452 870 1498 successorum
887 1453 1028 1516 suorum,
1051 1439 1084 1497 et
1106 1433 1234 1497 domino
1257 1440 1367 1497 nostro
1391 1432 1519 1495 domino
1535 1432 1625 1495 fratri
1641 1431 1759 1495 Gentili

361 1539 551 1623 apostohcae
579 1537 664 1601 sedis
692 1536 796 1620 legato
827 1538 861 1601 in
885 1537 1033 1601 omuibus
1063 1543 1095 1601 et
1125 1557 1182 1621 per
1211 1538 1318 1600 omnia
1347 1537 1476 1601 obedire
1498 1536 1705 1620 spiritualiter
1728 1542 1760 1600 et

361 1643 585 1727 temporaliter,
615 1647 777 1723 tamquam
808 1641 865 1705 filii
895 1641 1093 1705 obedientiae
1123 1646 1156 1704 01
1184 1642 1291 1706 devoti
1322 1641 1512 1722 desiderant,
1541 1647 1578 1704 ut
1599 1646 1760 1722 tenentur,

361 1766 420 1811 nec
442 1747 614 1810 intendunt
636 1745 775 1827 aliquem
791 1746 889 1808 alium
904 1765 961 1828 pro
978 1765 1051 1828 rege
1067 1745 1226 1828 Vngariae
1241 1747 1381 1828 recipere
1397 1750 1429 1809 et
1445 1745 1570 1825 habere,
1593 1745 1655 1808 nisi
1669 1763 1759 1828 prae·
1796 1751 1830 1804 10

363 1852 483 1915 dictum
505 1850 669 1913 dominum
694 1849 843 1913 Carolum
865 1854 897 1913 01
918 1870 995 1913 01100
1017 1849 1188 1913 catholicos
1212 1869 1419 1914 successores.
1463 1848 1545 1913 Item
1568 1869 1633 1912 non
1656 1849 1762 1912 obstat

363 1955 450 2037 quod
472 1955 596 2033 dicitur,
627 1952 714 2036 qnod
738 1954 822 2018 dicta
843 1955 1036 2018 universitas
1058 1974 1132 2018 011111
1155 1954 1373 2017 sacerdotibus
1399 1954 1572 2018 decanatus
1594 1955 1634 2018 de
1656 1953 1761 2017 Zebus

362 2079 446 2123 anno
465 2059 634 2141 praeterito
645 2058 666 2137 ¹)
689 2058 729 2122 de
743 2077 853 2122 mense
867 2058 1030 2122 Februarii
1047 2063 1080 2121 et
1094 2062 1200 2121 cetera
1215 2056 1371 2122 hostiliter
1385 2059 1575 2122 invaserunt
1595 2057 1760 2122 ecclesiam

362 2163 446 2228 beati
468 2162 630 2226 Michaelis
653 2168 684 2225 et
698 2166 811 2243 cetera,
835 2162 890 2243 qui
913 2162 953 2225 ad
976 2162 1036 2225 hoc
1058 2181 1123 2225 non
1147 2162 1208 2225 tuit
1231 2162 1425 2226 universitas
1446 2163 1616 2247 praedicta,
1639 2163 1696 2227 sed
1717 2162 1762 2225 ita

362 2268 481 2331 lactum
505 2285 539 2329 se
561 2266 680 2347 habuit,
703 2265 936 2347 quodquidam
958 2265 1101 2330 dedicta
1119 2267 1328 2331 universitate
1351 2267 1591 2330 associaverunt
1606 2266 1761 2348 quosdam
1797 2273 1830 2326 15

363 2371 523 2455 plebanos,
554 2370 610 2451 qui
631 2370 761 2434 iverunt
790 2371 830 2433 ad
853 2371 999 2433 donunos
1021 2369 1192 2433 canonicos
1214 2370 1371 2435 Albenses
1401 2390 1498 2434 causa
1520 2369 1698 2453 appellandi
1721 2369 1760 2432 ab

363 2476 409 2540 eis
431 2476 470 2538 ad
494 2474 601 2538 sedem
624 2473 828 2556 apostolicam
852 2480 982 2557 propter
1004 2473 1160 2556 quaedam
1181 2475 1373 2555 gravamina.
1396 2475 1438 2538 Et
1460 2475 1537 2537 dum
1559 2474 1612 2537 isti
1634 2472 1761 2556 plebani

363 2580 506 2664 legerent
534 2579 676 2641 libellum
706 2578 926 2662 appellationis
956 2597 1063 2642 coram
1085 2578 1177 2641 dictis
1200 2579 1370 2661 canonicis,
1401 2579 1460 2662 ipsi
1484 2578 1628 2642 canonici
1651 2578 1762 2640 imma-

363 2684 447 2747 niter
474 2684 507 2746 in
532 2683 633 2745 dictos
655 2682 850 2765 appellantes
880 2702 946 2745 non
969 2684 1038 2746 sine
1060 2701 1175 2764 magno
1205 2688 1391 2765 contemptu
1413 2682 1603 2766 apostolicae
1626 2682 1709 2746 sedis
1731 2688 1764 2745 et

363 2788 483 2852 domini
505 2806 605 2871 papae
625 2788 797 2867 irruerunt,
819 2786 965 2850 volentes
986 2806 1041 2850 eos
1055 2787 1204 2868 nequiter
1218 2787 1387 2871 captivare.
1409 2786 1451 2850 Et
1466 2793 1543 2850 tunc
1566 2787 1642 2850 dicti
1656 2788 1763 2870 appel·
1798 2794 1833 2850 20

362 2892 465 2956 lantes
495 2892 653 2955 dictorum
683 2892 910 2954 canonicorum
940 2891 1114 2972 nequitiam
1146 2897 1179 2954 01
1201 2890 1384 2954 violentiam
1415 2896 1555 2955 atrocem
1585 2910 1642 2975 per
1667 2891 1763 2974 fugae

363 2995 543 3059 subsidium
565 3001 598 3058 01
620 2994 777 3058 dictorum
801 2995 1026 3059 associantiuru
1048 2995 1243 3059 adiutorium
1265 2995 1401 3059 evadere
1423 3000 1615 3078 satagerunt.

518 3100 656 3182 Insuper
670 3118 728 3182 ego
744 3106 932 3182 procurator
946 3100 1128 3184 praedictus
1144 3100 1241 3163 offero
1258 3120 1317 3182 me,
1339 3099 1474 3183 probare
1490 3118 1527 3163 00
1541 3100 1581 3163 de
1596 3099 1764 3183 praedictis

364 3224 447 3287 quae
469 3204 546 3267 mihi
568 3205 747 3269 necessaria
769 3210 846 3267 sunt
866 3204 1011 3287 probare,
1037 3224 1102 3267 non
1126 3210 1233 3267 tamen
1255 3222 1306 3266 me
1329 3205 1469 3288 astringo
1492 3204 1532 3268 ad
1554 3203 1764 3289 probandum,

364 3309 426 3372 nisi
449 3326 486 3372 ea
509 3308 690 3390 quaemihi
713 3308 878 3372 sufficiunt
907 3308 947 3371 ad
970 3309 1135 3372 victoriam
1161 3326 1250 3371 meae
1273 3326 1396 3388 causae,
1426 3308 1499 3371 dato
1528 3308 1607 3371 mihi
1628 3327 1686 3392 per
1706 3327 1765 3371 vos
1799 3313 1834 3369 25

364 3413 500 3476 termino
523 3412 722 3495 competenti.
759 3412 838 3476 Item
863 3412 960 3476 offero
983 3431 1034 3476 me
1056 3418 1202 3496 paratum
1224 3413 1339 3493 iurare,
1363 3412 1449 3493 quod
1465 3431 1579 3476 verum
1602 3412 1765 3476 credidero

364 3516 404 3578 ad
427 3515 511 3578 dicta
533 3517 631 3598 partis
654 3515 793 3598 alterius,
816 3517 961 3580 ordinato
986 3522 1018 3581 01
1039 3516 1173 3579 formato
1196 3515 1285 3599 prius
1300 3516 1427 3593 iudicio,
1452 3520 1486 3580 ut
1502 3516 1641 3579 ordinari
1663 3515 1765 3579 debet

522 3617 645 3695 Quibus
668 3619 797 3701 quidem
820 3620 1079 3703 replicationibus
1102 3619 1252 3683 exhibitis
1274 3625 1307 3683 et
1321 3621 1456 3703 receptis
1471 3620 1575 3682 adhuc
1596 3620 1630 3682 in
1653 3619 1765 3683 eodem

327 3739 338 3749 ·
366 3723 492 3804 iudicio,
516 3724 593 3805 quia
613 3729 836 3806 procuratores
859 3725 1150 3807 utriusquepartis
1173 3723 1365 3805 asserebant,
1396 3724 1505 3804 aliqua
1526 3723 1608 3787 velle
1631 3723 1766 3806 probare

304 3908 309 3918 Ι
366 3846 463 3910 super
491 3828 555 3890 iam
585 3828 755 3910 propositis
785 3835 817 3891 01
846 3828 939 3892 dictis
968 3830 1042 3892 hinc
1070 3829 1144 3892 inde
1168 3828 1340 3891 terminum
1367 3831 1599 3910 competentem
1621 3832 1765 3911 petentes
1800 3832 1836 3887 30

366 3930 406 3994 ud
430 3930 604 3995 taciendam
629 3931 847 4014 probationem
870 3932 1052 3995 huiusmodi
1075 3940 1108 3995 01
1131 3933 1207 4013 quia
1229 3932 1358 4013 utrique
1373 3931 1455 4015 parti
1477 3950 1575 4014 super
1596 3931 1765 4014 praedictis

368 4033 511 4117 probatio
534 4033 746 4118 incumbebat,
770 4035 919 4099 dominus
934 4035 1100 4119 Philippus
1123 4035 1250 4099 auditor
1271 4036 1452 4119 praedictus
1468 4036 1573 4098 statim
1597 4035 1766 4119 praedictis

366 4137 625 4220 procuratoribus
655 4140 824 4221 utriusque
854 4141 952 4223 partis
982 4140 1022 4203 ad
1051 4139 1251 4224 probandum
1282 4158 1379 4222 super
1407 4138 1585 4223 praedictis
1608 4139 1765 4221 quidquid

365 4240 504 4304 voluerit
531 4242 566 4304 in
594 4244 684 4306 curia
706 4243 756 4306 vel
788 4250 880 4307 extra
910 4245 1041 4326 curiam,
1076 4244 1205 4326 triginta
1236 4243 1379 4324 quinque
1409 4243 1533 4306 dierum
1555 4242 1594 4305 ab
1618 4243 1710 4307 hodie
1732 4244 1767 4306 111

367 4351 461 4408 antea
483 4348 770 4430 computandorum
793 4348 964 4410 terminum
987 4348 1235 4430 peremptorium
1243 4346 1266 4423 ²)
1289 4347 1470 4429 assignavit
1802 4351 1836 4404 35

195 4461 335 4517 Producho
522 4448 583 4513 Die
607 4449 736 4514 Sabathi
756 4429 828 4514 Vll.
843 4450 962 4514 mensis
976 4450 1077 4534 Iunii,
1099 4451 1278 4534 praedictae
1297 4450 1488 4532 indictionis,
1511 4452 1767 4536 comparentibus

215 4542 312 4595 mim·
368 4553 461 4617 dictis
482 4554 743 4636 procuratoribus
773 4555 1064 4637 utriusquepartis
1094 4556 1129 4618 in
1150 4555 1268 4619 iudicio
1291 4574 1397 4618 coram
1421 4556 1503 4618 dicto
1527 4555 1768 4619 1101111οο1111-

191 4619 342 4766 lfflnff
369 4662 437 4721 tore
459 4657 544 4721 idem
565 4658 716 4740 magister
737 4658 903 4743 Philippus
924 4664 1112 4742 procurator
1133 4659 1326 4723 substitutus
1349 4679 1368 4722 a
1389 4659 1473 4722 dicto
1501 4659 1628 4722 domino
1651 4657 1767 4723 Sancto

369 4767 576 4844 procuratore
598 4763 674 4825 dicti
697 4762 828 4845 capituli
849 4762 1065 4826 lhanssiluani
1088 4763 1234 4827 exhibuit
1256 4765 1290 4826 in
1311 4763 1429 4827 iudicio
1452 4762 1602 4826 articulos
1624 4768 1657 4827 01
1666 4761 1687 4841 ⁸)
1710 4782 1768 4827 ex-

369 4866 483 4948 cepit⁸)
506 4866 749 4950 infrascriptos,
772 4873 884 4950 petens
899 4885 954 4930 eos
969 4866 1092 4931 admitti
1115 4872 1147 4931 01
1166 4868 1263 4952 recipi
1278 4874 1311 4932 et
1333 4874 1430 4932 testes
1454 4887 1534 4949 quos
1557 4867 1769 4931 nourinandos
1802 4870 1838 4924 40

370 4969 508 5047 duxerit,
540 4971 638 5052 citari,
668 4971 766 5054 recipi
795 4976 828 5034 01
857 4971 1033 5034 examinari
1061 4970 1229 5054 diligenter
1258 4991 1355 5056 super
1379 4972 1464 5055 ipsis.
1509 4970 1597 5046 Quos
1620 4971 1769 5035 arhculos

370 5073 475 5138 dictus
497 5074 646 5138 dominus
668 5075 795 5139 auditor
818 5074 945 5138 admisit
967 5074 1055 5138 salvo
1078 5075 1149 5139 iure
1163 5075 1435 5158 impertinentium
1459 5080 1491 5139 et
1512 5094 1578 5138 non
1601 5076 1769 5139 admitten-

370 5177 493 5261 dorum,
516 5179 717 5243 committens
738 5185 771 5243 01
791 5178 948 5242 mandans
971 5178 1096 5243 Zuchae
1118 5180 1222 5243 iurato
1245 5180 1363 5243 nuncio
1393 5180 1500 5243 0111100
1523 5180 1643 5243 domini
1665 5179 1769 5263 legati,

526 5334 547 5401 ¹)
565 5336 642 5387 1308.

525 5420 548 5487 ¹)
566 5423 635 5475 1309
652 5420 715 5476 roza
735 5425 758 5477 7.
1804 5416 1839 5471 45

525 5508 548 5579 ⁸)
571 5505 655 5561 Uebcr
672 5506 722 5562 der
739 5507 816 5562 Zeilc
833 5506 1041 5579 dompetram.
