4064 6288
1053 577 1094 639 62

528 763 701 847 Gregorius
723 764 891 848 episcopus
914 814 1012 828 .....
1028 763 1202 830 venerabili
1216 764 1307 829 tratri
1329 808 1338 826 .
1361 807 1370 826 .
1393 763 1540 847 episcopo
1557 763 1773 828 Cumanorum

373 866 509 930 salutem
531 916 660 930 .....
694 866 808 930 Coram
837 867 1010 931 venerabili
1032 867 1130 931 tratre
1152 872 1262 931 nostro
1285 910 1295 929 .
1318 865 1358 944 .¹)
1388 867 1535 950 episcopo
1558 866 1772 950 Prenestrino,

372 969 449 1032 dum
478 970 514 1032 in
542 970 685 1053 partibus
715 970 875 1053 Ungariae
902 970 1070 1053 legationis
1101 970 1205 1033 officio
1235 970 1439 1053 fungeretur,
1472 970 1646 1034 venerabili
1675 970 1772 1034 tratre

371 1078 480 1136 nostro
504 1118 513 1136 .
536 1072 577 1151 st)
600 1073 816 1137 Ultraaiivano
832 1074 980 1158 episcopo
995 1079 1107 1137 contra
1129 1120 1138 1138 .
1161 1119 1170 1137 .
1194 1074 1351 1137 decanum
1369 1078 1402 1136 et
1423 1073 1603 1138 sacerdotes
1625 1073 1664 1137 de
1687 1080 1772 1137 terra

370 1176 475 1240 Burae
506 1177 686 1260 deponente
708 1195 805 1261 super
834 1177 1014 1241 obedientia
1035 1185 1068 1242 et
1093 1177 1273 1242 reverentia
1295 1177 1522 1259 quaestionem,
1545 1177 1585 1240 ad
1608 1177 1771 1258 quaesibi
1805 1186 1822 1238 5

370 1280 576 1363 praestandas
602 1299 656 1344 eos
679 1281 882 1344 condemnari
904 1281 1031 1364 petebat
1055 1282 1240 1365 petitorium
1250 1280 1270 1358 ³)
1298 1279 1494 1362 intentando,
1524 1300 1560 1344 ac
1589 1280 1645 1344 lite
1675 1299 1773 1364 super

370 1383 431 1446 biis
453 1402 560 1447 coram
589 1403 626 1448 eo
649 1384 788 1467 legitime
818 1389 995 1448 contestata
1022 1390 1056 1449 et
1077 1385 1213 1468 receptis
1242 1384 1378 1448 testibus
1407 1383 1481 1446 hinc
1503 1383 1578 1446 inde
1599 1383 1771 1466 productis,

370 1487 455 1550 idem
476 1488 600 1570 legatus
621 1494 793 1570 antequam
814 1488 993 1571 imponeret
1013 1486 1110 1550 finem
1134 1488 1270 1570 negotio,
1300 1487 1340 1550 ad
1362 1486 1470 1550 sedem
1496 1485 1702 1569 apostolicam
1723 1491 1773 1550 est

373 1609 530 1654 reversus.
568 1590 832 1655 Procuratoribus
861 1592 959 1674 igitur
987 1592 1126 1674 partium
1155 1596 1285 1674 propter
1313 1590 1427 1653 hocin
1458 1593 1569 1652 nostra
1592 1589 1772 1671 praesentia

372 1694 562 1774 constitute,
585 1695 723 1759 eundem
738 1695 981 1758 Prenestrinum
999 1694 1145 1757 dedimus
1160 1693 1346 1774 auditorem,
1369 1693 1425 1775 qui
1440 1692 1578 1776 partium
1594 1690 1771 1756 rationibus
1807 1700 1840 1755 10

370 1796 539 1860 intellectis
561 1803 593 1861 et
615 1795 731 1861 auditis
754 1816 976 1879 quaecumque
999 1798 1129 1861 voluere
1152 1814 1329 1880 proponere
1355 1815 1462 1860 coram
1484 1795 1562 1877 ipso,
1593 1794 1771 1878 praedictos

370 1900 550 1964 sacerdotes
572 1901 674 1964 eidem
689 1901 837 1985 episcopo
861 1901 900 1964 ad
915 1901 1014 1984 petita
1035 1919 1093 1985 per
1115 1899 1316 1963 diffinitivam
1331 1899 1521 1964 sententiam
1538 1899 1770 1980 condemnavit,

369 2005 546 2087 praefamm
568 2004 733 2084 decanum,
756 2006 832 2086 quia
853 2004 931 2068 nibil
952 2004 1121 2089 probatum
1137 2005 1260 2069 exstitit
1282 2009 1393 2068 contra
1413 2022 1497 2083 eum,
1520 2001 1559 2065 ab
1573 2003 1770 2086 impetitione

369 2107 470 2191 ipsius
492 2107 632 2191 episcopi
658 2107 860 2171 absolvendo.
893 2107 1033 2172 Tandem
1054 2126 1131 2171 vero
1153 2108 1182 2172 J.
1210 2107 1430 2171 archidiacono
1457 2106 1498 2170 de
1518 2105 1642 2169 Tilecde
1652 2104 1675 2184 ⁴)
1697 2124 1770 2189 pro·

370 2216 516 2274 curatore
546 2211 622 2274 dicti
651 2212 790 2296 episcopi
821 2231 918 2296 super
946 2212 1137 2276 executione
1165 2212 1325 2295 praefatae
1350 2211 1525 2273 sententiae
1546 2210 1655 2274 literas
1677 2228 1768 2293 apos·
1804 2220 1838 2272 15

369 2313 479 2376 tolicae
500 2315 699 2396 impetrante,
721 2315 857 2379 dilectus
883 2315 969 2380 filius
990 2315 1175 2378 Richwinus
1204 2314 1354 2378 ecclesiae
1376 2313 1537 2377 Romanae
1560 2313 1713 2395 syndicus
1734 2313 1768 2375 in

369 2418 531 2481 audientia
558 2418 686 2502 publica
715 2419 917 2502 contradixit
952 2418 1070 2501 quibus
1099 2419 1250 2483 dilectum
1273 2417 1403 2481 tratrem
1431 2422 1578 2481 nostrum
1604 2416 1639 2480 0.
1669 2418 1770 2481 sancti

368 2519 491 2583 Nicolai
513 2521 547 2583 in
576 2539 702 2584 carcere
724 2520 868 2584 Tulliano
899 2521 1068 2585 diaconum
1090 2521 1282 2585 cardinalem
1310 2521 1488 2584 auditorem
1511 2521 1664 2585 duximus
1694 2540 1770 2585 con-

372 2624 557 2705 cedendum,
588 2643 782 2706 coramque
812 2625 875 2688 iam
898 2625 982 2688 dicto
1005 2625 1225 2689 archidiacono
1253 2630 1380 2708 petente
1409 2624 1591 2689 executioni
1619 2624 1769 2687 mandare

369 2727 558 2790 sententiam
580 2727 803 2810 supradictam,
833 2735 866 2791 et
888 2729 1000 2793 eodem
1022 2729 1155 2811 syndico
1178 2728 1391 2812 respondente
1413 2728 1636 2792 executionem
1658 2728 1769 2791 huius·
1804 2733 1839 2788 20

370 2830 456 2893 modi
470 2829 540 2894 fieri
555 2850 619 2893 non
639 2831 763 2913 debere,
786 2851 859 2895 cum
873 2832 907 2895 id
929 2833 963 2895 in
976 2832 1139 2897 Romanae
1154 2832 1305 2896 ecclesiae
1324 2831 1553 2913 praeiudicium
1568 2831 1769 2910 redundaret,

371 2952 453 3015 quae
475 2932 508 2994 in
530 2934 776 3016 praemissorum
799 2936 851 2998 vel
875 2937 966 3017 quasi
988 2937 1188 3020 possessione
1210 2935 1364 3015 consistit,
1386 2939 1483 3018 prout
1503 2952 1538 2997 se
1561 2933 1676 2996 obtulit
1696 2952 1770 3018 pro·

369 3036 528 3117 buturum,
560 3055 641 3118 quae
665 3038 771 3101 omnia
792 3038 877 3102 idem
906 3038 1075 3102 cardinalis
1105 3036 1197 3101 nobis
1227 3037 1363 3102 fideliter
1385 3037 1495 3102 retulit
1525 3044 1557 3101 et
1586 3037 1768 3122 prudenter.

369 3140 451 3217 Quia
472 3159 568 3224 super
590 3142 649 3204 hoc
671 3141 755 3224 apud
779 3142 887 3205 sedem
909 3142 1114 3225 apostolicam
1137 3161 1203 3205 non
1226 3147 1351 3225 poterat
1372 3140 1443 3205 fieri
1464 3142 1629 3221 certitudo,
1658 3141 1770 3204 trater·

368 3245 460 3308 nitati
482 3250 557 3308 tuae
578 3264 635 3328 per
665 3245 838 3328 apostolica
864 3247 982 3329 scripta
1002 3246 1198 3326 mandamus,
1230 3251 1389 3326 quatenus
1419 3264 1477 3329 per
1498 3245 1716 3309 controversia
1736 3250 1769 3308 et
1803 3248 1838 3304 25

367 3349 502 3431 receptis
523 3347 774 3431 probationibus,
798 3367 878 3430 quas
901 3368 1008 3412 coram
1030 3355 1062 3413 te
1083 3349 1259 3432 producere
1280 3354 1388 3433 partes
1402 3349 1564 3413 voluerint
1585 3354 1651 3411 tam
1672 3367 1769 3431 super

365 3450 532 3535 principali
556 3470 652 3533 quam
674 3470 771 3534 super
792 3451 1013 3535 reprobatione
1036 3453 1174 3533 testium,
1202 3453 1229 3516 si
1252 3470 1334 3533 quos
1356 3450 1509 3515 alterutra
1532 3452 1670 3535 partium
1691 3452 1768 3534 legi-

366 3557 442 3618 time
465 3556 594 3619 duxerit
608 3555 825 3638 reprobandos
847 3561 879 3618 et
900 3554 1018 3618 auditis
1031 3555 1106 3619 hinc
1127 3555 1202 3619 inde
1223 3555 1403 3638 propositis,
1426 3574 1555 3619 causam
1574 3554 1769 3620 sufficienter

365 3658 554 3720 instructam
577 3658 617 3721 ad
639 3657 848 3741 apostolicum
870 3658 1012 3722 remittas
1034 3676 1179 3739 examen,
1201 3657 1379 3741 praefigens
1398 3658 1517 3722 eisdem
1538 3658 1682 3742 partibus
1705 3664 1768 3722 ter·

366 3761 489 3823 minum
510 3762 767 3844 peremptorium,
797 3762 914 3825 festum
936 3762 1085 3826 videlicet
1114 3760 1198 3825 beati
1219 3760 1382 3825 Michaelis
1411 3763 1558 3844 proximo
1585 3769 1767 3842 venturum,
1802 3765 1838 3819 30

367 3883 432 3946 quo
461 3885 519 3948 per
549 3884 583 3929 se
613 3866 665 3929 vel
693 3870 917 3949 procuratores
946 3864 1078 3929 idoneos
1108 3884 1183 3927 cum
1205 3865 1410 3928 munimentis
1441 3868 1473 3927 et
1502 3863 1679 3927 rationibus
1701 3865 1768 3927 suis

366 3975 569 4052 compareant
602 3988 709 4032 coram
742 3967 835 4032 nobis
870 3969 986 4034 iustam
1020 3973 1150 4032 auctore
1186 3967 1315 4031 domino
1352 3967 1541 4031 sententiam
1574 3974 1767 4050 recepturae.

367 4071 487 4136 Datum
509 4072 653 4154 Viterbii,
676 4072 731 4137 VI.
754 4072 832 4136 Idus
852 4071 1053 4152 Novembris,
1076 4090 1160 4134 auno
1184 4089 1278 4133 nono.

1037 4364 1099 4447 72.

453 4543 589 4618 Vitcrbo
624 4548 730 4617 1235
758 4544 947 4618 November
972 4547 1032 4617 13.
1069 4545 1179 4635 Popst
1209 4542 1344 4634 (ἕτερον
1370 4541 1440 4613 ΙΧ.
1476 4541 1675 4633 deoaflmt
1700 4542 1767 4614 dea
1801 4556 1836 4612 35

368 4664 522 4754 Biscbof
540 4667 602 4737 der
619 4666 806 4737 Karaaaea
831 4666 905 4737 aad
930 4666 986 4737 dic
1003 4664 1149 4755 Prdpate
1174 4685 1239 4735 voa
1256 4661 1404 4734 Bettlaa
1428 4663 1503 4735 aad
1524 4662 1672 4749 Gronau,
1700 4662 1767 4734 dea

364 4786 530 4858 maen
555 4786 632 4858 ἀεηι
648 4785 963 4877 siebendtrqiscbeo
980 4784 1134 4872 Boeotos
1152 4783 1227 4855 read
1251 4784 1387 4874 ciramea
1408 4782 1615 4854 &actitatae
1641 4781 1764 4854 acbwe

366 4905 496 4979 eada
522 4905 631 4979 serat
657 4930 705 4978 aa
730 4905 797 4977 den
816 4905 1035 4997 pdpctlicbea
1062 4902 1165 4975 stote
1188 4927 1233 4975 aa
1259 4904 1369 4975 laea

520 5089 542 5155 ¹)
559 5087 690 5142 Jocabor.

519 5176 541 5242 ¹)
559 5172 734 5242 Royaotdaa
1799 5166 1835 5222 40

519 5261 541 5328 ⁸)
563 5257 696 5327 Vorlape:
713 5257 912 5327 possessorium.

518 5347 541 5413 ⁴)
559 5342 596 5399 So
611 5343 724 5399 Teatscb
740 5342 800 5397 aad
814 5342 976 5397 Fimbaber
992 5342 1063 5397 oacb
1079 5341 1155 5396 siner
1167 5339 1257 5409 Kopie
1273 5339 1306 5395 in
1323 5340 1372 5395 der
1384 5340 1599 5413 amoenae„
1610 5339 1766 5394 Bibliotbck

362 5430 396 5486 ia
412 5427 581 5501 amouere.
615 5428 748 5502 Formo:
764 5426 874 5484 'lilerda
