4106 6294
947 558 1101 655 jec-

320 742 432 825 aigillis
461 744 651 808 authenticis
681 743 843 827 sigillatae,
877 745 991 811 debeat
1019 748 1066 811 eis
1095 746 1175 811 fides
1197 747 1348 827 adhiberi,
1378 747 1435 810 sed
1465 748 1492 810 si
1515 747 1721 811 observatum

322 846 444 911 sithoc
467 846 519 911 rel
541 866 616 930 non,
647 847 730 911 dixit
752 868 786 913 se
808 850 941 933 nescire,
967 870 1005 916 eo
1029 852 1116 934 quod
1138 852 1199 935 ipsi
1220 852 1294 915 testi
1317 870 1494 932 numquam
1517 851 1656 915 occurrit
1679 852 1721 915 si·

319 950 402 1015 milis
424 971 526 1015 casus.
560 952 643 1016 Item
665 953 880 1036 interrogatus
902 974 1000 1038 super
1022 954 1170 1018 omnibus
1193 954 1262 1018 aliIs
1284 955 1426 1018 articulis
1448 954 1509 1018 sibi
1532 955 1621 1018 lectis
1644 955 1721 1018 seri·

319 1055 395 1118 atim
418 1062 450 1119 et
465 1055 622 1138 distincte,
645 1056 730 1120 dixit
751 1076 786 1120 se
807 1057 886 1121 nihil
908 1058 983 1123 inde
1006 1060 1086 1122 scire
1101 1058 1188 1122 aliud
1211 1059 1273 1122 nisi
1290 1059 1376 1139 quod
1391 1058 1516 1143 audivit
1538 1057 1609 1137 dici,
1634 1058 1721 1139 quod

318 1160 530 1224 communiter
560 1161 593 1223 in
624 1160 686 1224 illis
715 1161 860 1243 partibus
882 1163 986 1245 riguit
1015 1182 1079 1245 pax
1111 1162 1206 1246 longo
1233 1161 1502 1245 temporalioet1)
1531 1161 1720 1245 plerumque
1755 1172 1772 1223 5

318 1263 403 1328 inter
426 1264 546 1328 incolas
568 1264 696 1329 illarum
718 1265 839 1329 fuerint
855 1267 1076 1330 contentiones
1091 1270 1231 1346 exortae,
1254 1271 1287 1329 et
1306 1265 1429 1328 audivit
1444 1265 1506 1328 dici
1530 1265 1616 1346 quod
1637 1267 1722 1328 iuter

319 1366 443 1432 Sictrlos
466 1373 498 1432 et
523 1366 668 1433 Saxones
690 1368 925 1452 aliquantidum
948 1388 1065 1452 guerra
1086 1369 1213 1431 noviter
1235 1369 1277 1432 sit
1299 1374 1418 1432 exorta

473 1472 653 1557 Stephanus
668 1474 867 1557 praepositus
882 1474 1128 1556 Vesprimiensis
1153 1472 1242 1536 testis
1262 1472 1475 1554 interrogatus
1498 1491 1595 1555 super
1618 1471 1719 1554 primo

320 1575 462 1657 articulo,
487 1577 541 1657 qui
564 1577 676 1661 incipit
696 1576 858 1661 Imprimis
874 1578 960 1659 quod
983 1578 1250 1659 aquinquaginta
1272 1578 1365 1639 annis
1388 1582 1420 1639 et
1442 1582 1547 1638 cetera
1569 1575 1659 1655 dixit
1688 1595 1722 1639 se

320 1680 380 1743 hoc
411 1684 536 1743 tantum
565 1680 641 1744 inde
663 1679 778 1760 seireff)
810 1680 895 1761 quod
926 1686 1109 1764 atempore
1140 1700 1204 1763 qno
1235 1681 1303 1763 ipse
1326 1680 1416 1743 testis
1438 1678 1633 1758 recordatur,
1664 1679 1720 1742 ob·
1758 1688 1791 1740 10

320 1787 445 1847 tentum
475 1789 524 1848 est
554 1789 586 1848 et
616 1789 779 1847 servatum
808 1783 877 1860 de³l
911 1784 1143 1848 consuetudine
1151 1783 1172 1861 ⁸)
1200 1783 1233 1845 in
1257 1783 1340 1845 dicto
1364 1802 1472 1865 regno,
1504 1782 1590 1863 quod
1612 1782 1722 1846 literae

323 1885 480 1950 baronum
502 1887 657 1969 sigillatae
679 1886 790 1970 sig'llis
813 1887 1003 1951 authenticis
1012 1886 1034 1964 ⁸)
1055 1888 1199 1971 ipsorum
1221 1887 1344 1950 iaciunt
1364 1885 1461 1949 fidem
1483 1886 1516 1947 in
1531 1886 1601 1948 toro
1622 1885 1722 1950 eccle-

323 1988 449 2053 siastico
471 1990 506 2053 In
529 1989 677 2054 civilibus
699 1995 833 2054 tantum.
867 1990 1087 2073 Interrogatus
1110 1990 1270 2072 quomodo
1294 1990 1361 2069 scit,
1384 1989 1466 2052 dixit
1491 1989 1567 2069 quia
1588 1988 1670 2052 vidit
1691 1994 1723 2052 et

324 2093 454 2156 audivit
493 2092 712 2177 Interrogatus
741 2113 800 2177 per
829 2114 910 2176 quos
939 2094 1103 2158 obtentum
1135 2099 1184 2156 est
1213 2099 1246 2156 et
1275 2097 1438 2156 servatum
1467 2099 1500 2156 et
1527 2094 1560 2155 iu
1585 2112 1724 2174 quorum

322 2197 442 2261 iudicio
467 2202 499 2262 et
520 2198 604 2262 inter
620 2218 700 2279 quas
714 2217 876 2282 personas,
899 2197 981 2260 dixit
1004 2198 1091 2279 quod
1113 2197 1187 2260 licet
1208 2197 1241 2259 in
1265 2196 1374 2259 multis
1393 2202 1426 2260 et
1441 2196 1576 2260 diversis
1597 2196 1722 2260 iudiciis
1760 2207 1792 2259 15

324 2300 441 2365 talibus
463 2301 568 2385 inerit,
599 2321 664 2365 non
687 2305 793 2365 tamen
824 2301 1018 2382 recordatur,
1047 2320 1105 2384 per
1127 2320 1209 2383 qnos
1231 2300 1282 2364 rel
1312 2301 1345 2363 in
1370 2320 1507 2381 quorum
1530 2301 1647 2365 iudicio
1670 2300 1722 2363 vel

323 2405 409 2468 inter
432 2424 511 2488 quas
541 2424 702 2489 personae.
738 2405 957 2487 Interrogatus
988 2404 1027 2466 de
1058 2403 1175 2485 quibus
1208 2404 1458 2486 quaestionibus,
1488 2405 1572 2468 dixit
1601 2423 1636 2468 se
1657 2423 1722 2467 non

323 2509 491 2591 recordari,
522 2509 605 2572 dixit
634 2508 729 2572 etiam
760 2508 847 2590 quod
868 2508 1040 2590 aliquando
1063 2528 1170 2571 coram
1193 2509 1262 2591 ipso
1285 2515 1374 2589 teste,
1398 2509 1502 2572 iudice
1524 2516 1557 2573 et
1579 2509 1723 2572 auditore

324 2612 364 2676 ad
386 2612 509 2694 aliquas
531 2633 644 2677 causas
667 2612 833 2677 obtentum
864 2617 913 2675 est
935 2615 967 2676 et
989 2616 1159 2691 servatum,
1192 2612 1278 2692 quod
1300 2613 1334 2675 in
1358 2612 1441 2676 dicto
1464 2612 1598 2675 artIculo
1621 2612 1722 2675 conti-

323 2720 427 2781 netur.
449 2717 669 2801 Interrogatus
694 2721 774 2798 quot
788 2735 947 2778 annorum
962 2720 1010 2779 est
1025 2715 1092 2797 ipse
1109 2715 1206 2796 testis,
1229 2715 1312 2778 dixit
1328 2716 1414 2796 quod
1434 2715 1723 2798 trigintaquinque
1758 2723 1794 2777 20

324 2820 377 2884 vel
398 2821 488 2884 circa
526 2820 745 2904 Interrogatus
775 2820 814 2883 de
838 2825 917 2900 quot
949 2820 1041 2883 annis
1064 2818 1251 2883 recordatur
1272 2818 1312 2880 ad
1334 2817 1416 2901 plue,
1445 2819 1527 2882 dixit
1549 2818 1588 2882 de
1612 2818 1725 2901 viginti

326 2923 471 3006 quinque
493 2925 527 2987 in
550 2924 675 3005 talibus,
698 2922 737 2986 de
753 2922 871 3003 quibus
886 2923 1005 2985 mentio
1027 2922 1065 2986 fit
1086 2924 1220 2987 indicto
1244 2925 1386 2988 articmo.
1414 2925 1494 2988 Item
1509 2927 1724 3009 interrogatus

325 3050 422 3115 super
447 3006 487 3092 II.
510 3027 644 3091 articulo
668 3026 723 3109 qui
745 3026 857 3108 incipit
878 3024 959 3089 Item
984 3027 1175 3107 qucd‘idem
1208 3033 1240 3091 et
1262 3036 1367 3091 cetera
1389 3029 1523 3112 repetito
1547 3028 1607 3092 sibi
1629 3029 1723 3092 modo

326 3142 358 3199 et
380 3133 491 3198 ordine
520 3132 554 3194 in
583 3130 745 3214 praedicto
775 3130 877 3212 primo
907 3129 1039 3193 articulo
1071 3132 1238 3213 sententie,
1269 3131 1350 3195 dixit
1372 3151 1448 3195 vera
1478 3152 1547 3196 esse
1579 3151 1661 3214 quae
1690 3134 1724 3195 in

325 3241 395 3324 ipso
417 3236 623 3301 continentur
645 3232 788 3315 articulo,
810 3234 959 3296 eomodo
982 3233 1110 3315 sufficet,
1133 3240 1171 3298 ut
1192 3236 1274 3298 dixit
1295 3237 1329 3298 in
1352 3236 1436 3300 dicto
1460 3238 1561 3319 primo
1581 3235 1724 3299 articulo.
1760 3242 1793 3295 25

325 3343 545 3424 Interrogatus
568 3339 601 3400 in
624 3357 721 3401 causa
743 3338 893 3401 scientiae
915 3343 947 3401 ct
969 3337 1009 3401 de
1032 3338 1181 3402 omnibus
1203 3340 1456 3422 circumstantiis,
1484 3347 1520 3404 ut
1542 3341 1725 3407 contuetur

326 3448 361 3509 in
382 3442 634 3526 interrogatorio,
657 3441 740 3505 dixit
761 3441 846 3505 idem
868 3448 1031 3524 utsupra
1057 3442 1138 3505 Item
1158 3443 1371 3525 interrogatus
1394 3463 1491 3527 super
1512 3422 1568 3507 III.
1590 3445 1723 3509 articulo

329 3549 384 3631 qui
406 3547 518 3630 incipit
538 3546 619 3609 Item
651 3544 738 3626 quod
767 3545 851 3608 idem
883 3554 915 3608 et
937 3546 1047 3608 eodem
1079 3546 1172 3609 modo
1196 3553 1228 3609 et
1250 3554 1355 3610 cetera
1380 3546 1461 3611 lecto
1485 3546 1545 3610 sibi
1568 3547 1652 3611 dicto
1674 3568 1725 3611 ar·

328 3652 425 3715 ticnlo
449 3657 481 3715 ct
504 3650 637 3733 repetito
661 3648 721 3713 sibi
744 3648 827 3712 dioto
850 3650 955 3729 niodo,
978 3649 1059 3712 dixit
1081 3650 1164 3713 idem
1187 3669 1244 3734 per
1266 3651 1373 3712 omnia
1395 3650 1433 3713 de
1455 3650 1555 3714 literis
1573 3652 1724 3715 comitum

328 3761 361 3820 et
382 3754 627 3818 universitatum
644 3751 863 3834 saecularium,
887 3754 969 3817 sicut
990 3774 1088 3837 supra
1110 3753 1192 3816 dixit
1214 3754 1253 3817 de
1269 3753 1369 3817 literis
1385 3753 1550 3834 baronum,
1573 3754 1612 3817 de
1628 3774 1724 3818 cansa
1758 3759 1794 3813 30

329 3858 479 3923 scientiae
510 3863 541 3920 et
563 3856 633 3920 aIiis
655 3856 825 3940 praedictis
855 3858 1100 3921 circumstantiis
1123 3858 1291 3940 diligenter
1313 3858 1535 3939 interrogatus.
1573 3858 1652 3921 Item
1676 3860 1725 3921 in-

329 3966 510 4045 terrogatus
530 3979 627 4044 super
643 3964 755 4042 quarto
778 3960 912 4023 articulo
936 3961 991 4042 qni
1007 3961 1118 4045 incipit
1138 3961 1218 4024 Item
1242 3962 1328 4042 quod
1351 3962 1434 4024 idem
1458 3968 1490 4025 et
1504 3963 1617 4025 eodem
1632 3963 1726 4026 modo

330 4066 496 4131 obtentum
518 4070 568 4130 est
589 4071 622 4128 et
636 4069 742 4128 cetera
763 4064 844 4128 lecto
868 4064 928 4127 sibi
951 4065 1035 4128 dicto
1057 4065 1192 4128 articulo
1216 4066 1399 4128 atestensis
1422 4064 1480 4128 sibi
1504 4066 1596 4128 dictis
1617 4065 1725 4147 literis,

330 4171 369 4236 de
393 4169 510 4253 quibus
539 4170 607 4253 ipse
629 4169 705 4232 iacit
726 4168 880 4231 articulus
902 4168 1105 4249 mentionem,
1138 4169 1219 4231 dixit
1240 4169 1324 4231 idem
1355 4188 1412 4251 per
1434 4169 1541 4231 omnia
1562 4174 1599 4231 ut
1621 4189 1726 4253 supra,

330 4281 363 4339 et
384 4273 513 4356 addidit,
536 4272 623 4355 quod
645 4272 672 4334 si
695 4270 834 4353 sigillum
851 4271 937 4353 quod
960 4279 1009 4336 est
1031 4273 1064 4334 iu
1085 4273 1163 4355 ipsis
1185 4273 1285 4336 literIs
1308 4280 1357 4335 est
1380 4273 1608 4353 authenticum,
1630 4271 1725 4336 fidem
1761 4278 1795 4330 35

329 4378 453 4442 iaciunt
473 4378 560 4460 ipsae
582 4375 693 4439 literae
707 4375 747 4439 de
762 4375 994 4438 consuetudine
1017 4375 1093 4438 dicti
1107 4376 1198 4457 regni
1213 4375 1371 4458 Vngariae
1386 4377 1419 4437 in
1443 4395 1480 4439 eo
1503 4395 1580 4439 casu
1602 4376 1642 4439 de
1662 4395 1726 4458 quo

330 4481 509 4562 loquuntur
537 4479 572 4542 in
594 4479 663 4542 toro
687 4478 898 4543 ecclesiastico
928 4482 961 4542 et
982 4477 1136 4541 saeculari
1158 4479 1251 4541 iuxta
1272 4479 1313 4559 id,
1345 4479 1430 4560 quod
1454 4478 1615 4543 multoties
1638 4486 1671 4543 et
1694 4481 1724 4542 in

331 4583 440 4647 multis
462 4583 567 4646 causis
582 4584 663 4646 vidit
685 4581 848 4646 observari
870 4588 902 4645 et
920 4580 1030 4661 teneri,
1053 4580 1126 4644 licet
1156 4601 1220 4643 non
1236 4583 1430 4663 recordetur,
1452 4584 1536 4646 inter
1552 4602 1632 4665 quas
1654 4603 1726 4667 per-

331 4707 426 4751 sonae
456 4693 489 4750 et
517 4687 552 4749 in
576 4705 713 4768 quorum
737 4685 864 4767 iudicio,
894 4685 946 4747 vel
976 4684 1016 4748 de
1046 4684 1115 4747 loco
1137 4685 1188 4748 vel
1212 4690 1361 4769 tempore.
1407 4687 1486 4750 Item
1513 4687 1728 4770 interrogatus

331 4768 485 4874 superi,
508 4789 651 4871 articulo,
681 4790 737 4871 qui
759 4790 870 4872 incipit
891 4789 971 4852 Item
995 4788 1082 4869 quod
1110 4788 1230 4872 pluries
1260 4796 1292 4854 et
1314 4790 1433 4873 pluries
1464 4798 1495 4854 et
1518 4796 1623 4855 cetera
1645 4791 1726 4855 lecto
1762 4795 1797 4848 40

332 4894 393 4959 sibi
422 4894 506 4957 dicto
529 4893 662 4956 articulo
686 4892 862 4975 diligenter,
892 4892 974 4955 dixit
996 4912 1072 4956 vera
1095 4912 1173 4973 esse,
1204 4912 1286 4974 quae
1316 4894 1441 4976 inipso
1470 4894 1603 4957 articulo
1627 4895 1728 4957 conti-

331 5004 458 5061 nentur.
489 4996 708 5079 Interrogatus
730 4996 764 5058 in
785 5015 882 5059 causa
904 4996 1062 5076 scientiae,
1093 4996 1174 5059 dixit
1197 4997 1282 5077 quod
1305 4996 1385 5059 vidit
1408 5001 1440 5060 et
1461 4997 1585 5060 audivit
1607 5001 1639 5061 et
1660 4998 1728 5081 ipse

332 5101 423 5165 testis
444 5106 483 5164 ut
503 5100 603 5164 iudex
618 5099 789 5182 aliquando
812 5099 989 5163 secundum
1011 5099 1127 5163 dictam
1142 5099 1408 5163 consuetudinem
1430 5100 1582 5164 iudicavit
1604 5107 1636 5164 et
1656 5121 1728 5165 sen-

489 5252 511 5320 1)
527 5252 603 5306 Licet
619 5251 662 5306 dis
679 5253 785 5306 exortae
803 5251 1009 5321 aactyetrapcn.

489 5337 511 5407 ¹)
528 5337 659 5404 Hierauf
670 5337 919 5407 durctqcetricdeu:
936 5337 1009 5392 dixit

490 5425 512 5493 ⁸)
535 5423 620 5479 Ueter
637 5424 686 5478 dar
703 5422 778 5479 aaa
798 5423 1005 5495 redegeram.
