4086 6300
979 610 1135 707 *311-

359 799 486 880 indicio,
509 800 680 863 terminum
696 805 803 865 autem
823 800 863 863 ad
878 802 1139 884 prosequendum
1154 801 1270 866 dictam
1285 801 1529 885 appellationem
1544 821 1586 866 ex
1607 800 1761 867 beneficio

358 902 438 966 iuris
461 921 649 967 concessum
672 905 807 987 assigno.
852 904 920 969 Nos
942 905 1040 988 igitur
1069 906 1170 989 ipsius
1192 907 1406 989 procuratoris
1427 906 1529 971 iustas
1551 910 1584 970 et
1605 906 1762 991 legitimas

359 1007 528 1090 petitiones
551 1008 708 1091 denegare
732 1028 794 1072 non
820 1009 964 1073 valentes
986 1009 1146 1093 apostolos
1168 1009 1314 1073 dedimus
1336 1014 1369 1074 et
1390 1011 1490 1094 ipsam
1518 1010 1762 1095 appellationem

360 1111 399 1174 de
421 1111 519 1174 verbo
535 1112 574 1174 ad
590 1112 725 1176 verbum
740 1112 962 1196 praesentibus
985 1113 1170 1176 transscribi
1184 1113 1318 1177 fecimus
1337 1119 1369 1178 et
1385 1122 1568 1179 nostrorum
1584 1114 1761 1199 sigillorum

360 1216 554 1299 appensione
576 1216 727 1280 roborari.
771 1215 889 1280 Datum
919 1218 952 1285 ln
981 1218 1081 1301 pratis
1102 1218 1195 1280 iuxta
1217 1217 1398 1301 (lybinium,
1428 1219 1588 1283 dominica
1615 1221 1763 1304 proxima
1797 1227 1814 1280 n

360 1324 433 1402 post
454 1320 571 1383 iestum
594 1319 762 1385 beatomm
783 1320 872 1385 Petri
901 1327 933 1386 et
954 1320 1048 1385 Pauli
1078 1321 1295 1405 apostolorum
1320 1324 1565 1406 praedictow
1598 1342 1683 1388 anno
1705 1323 1762 1387 do-

359 1423 439 1487 mini
460 1428 655 1507 praenotato.

1017 1682 1108 1767 381.

439 1847 507 1920 Rei
541 1846 673 1938 Vojuad
697 1849 796 1919 1321
820 1847 901 1920 Jali
926 1850 985 1920 13.
1027 1847 1207 1936 Bareditt,
1240 1846 1393 1937 Βίςοῖιο]0
1410 1870 1474 1920 von
1506 1847 1655 1941 anaad,
1690 1851 1765 1924 arrd

361 1970 517 2058 Iwoalta,
555 1970 708 2059 Ba'sctof
733 1992 798 2041 oon
837 1967 1109 2057 Grosswordein,
1150 1968 1370 2061 beplanbipoa
1406 1969 1461 2042 dle
1504 1968 1669 2046 Urknndc
1704 1971 1763 2046 dea
1799 1989 1834 2045 10

361 2091 486 2165 Priora
519 2092 594 2164 aad
618 2091 813 2165 Kouaentcs
844 2114 907 2163 von
934 2090 1232 2164 Koloasmonostor
1266 2114 1331 2162 voa
1357 2094 1456 2163 1321
1483 2090 1551 2164 Nr.
1580 2095 1666 2166 279
1691 2094 1765 2166 end

364 2213 537 2303 berenger,
576 2212 657 2284 doce
684 2212 747 2285 dar
780 2212 1018 2286 Virewoiwodc
1049 2212 1204 2286 eternas
1238 2213 1312 2286 aiot
1345 2213 1420 2285 aad
1443 2213 1536 2286 seiae
1563 2212 1676 2287 Sdbac
1700 2238 1765 2288 rar

361 2332 546 2425 ammam
580 2333 643 2406 dor
678 2333 781 2425 Bury
815 2333 979 2407 mattea
1019 2358 1066 2407 on
1099 2335 1163 2406 dua
1197 2331 1478 2426 Weissenbropor
1509 2335 1655 2428 Rapiat
1687 2357 1763 2410 oar·

358 2455 513 2547 rsticltet
539 2455 609 2526 aaa.

521 2618 597 2689 Ort‘p.
616 2619 696 2689 Perp.
715 2618 925 2688 Kapitclarobio
936 2618 1104 2689 Karlaburp.
1123 2618 1212 2689 Siepcl
1225 2635 1319 2673 waren
1332 2620 1496 2690 ongebctopt,
1514 2621 1564 2676 mit
1581 2622 1667 2676 ciuem
1681 2620 1765 2676 Str'aek
1801 2624 1834 2677 15

467 2705 631 2775 Pergament
649 2706 859 2776 abpeocbnittcn.
943 2708 946 2712 “

519 2825 631 2882 Draca-
649 2825 779 2882 Saeredci
797 2827 910 2882 Notitio
927 2832 970 2883 29.
992 2827 1080 2894 Fejtr
1101 2827 1191 2883 Oodca
1214 2827 1301 2895 VIII,
1319 2833 1345 2895 2,
1363 2832 1423 2883 303.

520 2948 634 3018 nepae.-
656 2949 818 3004 rorumzms·
837 2950 1056 3018 torreantur.

519 3124 713 3188 Benedictus
736 3125 938 3189 miseratione
960 3125 1070 3188 divina
1091 3125 1258 3209 episcopus
1274 3125 1503 3191 Chenadiensis
1522 3133 1555 3191 et
1569 3122 1700 3191 Iwanlra
1714 3127 1765 3191 dei

364 3229 465 3313 galia
494 3229 662 3312 episcopus
684 3228 901 3293 Waradiensis
931 3230 1090 3293 universis
1113 3229 1229 3293 Christi
1259 3228 1407 3294 fidelibus
1437 3250 1588 3314 praesens
1610 3232 1764 3316 scriptum
1799 3237 1835 3291 20

363 3333 556 3418 inspecturis
585 3332 720 3397 salutern
749 3333 784 3395 in
814 3334 956 3396 omnium
988 3333 1153 3397 salvatore.
1197 3333 1254 3397 Ius
1284 3333 1424 3418 postulat
1453 3340 1485 3399 et
1514 3340 1765 3399 consentaneum

365 3436 432 3501 iore
456 3437 654 3520 dignoscitur
675 3437 800 3519 rationi,
830 3441 868 3500 ut
889 3438 1103 3500 humanorum
1127 3443 1258 3501 actuum
1280 3437 1423 3519 effectus,
1454 3438 1572 3520 quibus
1598 3438 1765 3523 longitudo

366 3542 518 3624 temporis
540 3539 711 3603 oblivionis
732 3540 866 3623 caligine
889 3541 1055 3603 novercari
1079 3541 1254 3619 consuevit,
1277 3541 1564 3606 instmmentorum
1585 3542 1659 3607 fidei
1680 3562 1765 3606 com·

366 3644 561 3709 mandentur
582 3650 615 3707 et
637 3644 803 3727 scripturis
825 3643 1016 3707 authenticis
1037 3644 1072 3706 in
1094 3651 1281 3728 perpetuam
1303 3645 1348 3707 rei
1373 3647 1558 3709 memoriam
1580 3646 1765 3710 solidentur.

366 3748 505 3812 Proinde
528 3748 567 3811 ad
589 3749 814 3811 universorum
834 3748 979 3811 notitiam
1003 3754 1067 3810 tam
1089 3748 1302 3831 praesentium
1327 3768 1424 3831 quam
1446 3750 1629 3812 futurorum
1652 3751 1766 3813 harum
1800 3754 1835 3809 25

369 3853 450 3916 serie
472 3850 622 3915 volumus
644 3852 821 3935 pervenire,
853 3850 939 3934 quod
970 3852 1153 3915 constitutis
1178 3871 1285 3914 coram
1308 3851 1400 3915 nobis
1422 3851 1521 3915 nobili
1545 3854 1614 3915 viro
1638 3851 1766 3917 Chelleo

368 3954 534 4033 vaivoda¹l
563 3954 629 4019 filio
660 3954 779 4019 Chellei
809 3956 848 4019 de
877 3955 1023 4018 Trozlron
1053 3955 1092 4019 de
1122 3974 1238 4039 genere
1261 3956 1353 4019 Alme
1382 3975 1440 4040 pro
1471 3975 1504 4020 se
1535 3961 1567 4021 et
1596 3954 1766 4040 Stephano,

366 4060 522 4144 Iohanne,
545 4060 645 4141 Aius,
673 4059 826 4143 Gregorio
834 4058 856 4139 ²)
879 4059 918 4122 ab
941 4079 1006 4122 una
1027 4064 1117 4142 parte
1140 4064 1172 4123 et
1194 4059 1338 4123 discretis
1360 4060 1438 4123 viris
1460 4060 1610 4143 magistro
1633 4058 1764 4123 Nicolao

367 4166 545 4250 praeposito
569 4164 719 4228 ecclesiae
735 4163 884 4228 Albensis
897 4163 1140 4227 Transsiluanae
1163 4184 1200 4226 ac
1215 4163 1364 4246 magistro
1380 4163 1522 4226 Adriano
1545 4162 1765 4226 archidiacono

368 4269 407 4333 de
429 4268 529 4333 Kezdi
559 4289 616 4353 pro
648 4268 792 4331 discretis
822 4269 900 4331 viris
931 4271 997 4331 toto
1024 4266 1162 4350 capitulo
1186 4267 1328 4331 eiusdem
1351 4266 1501 4331 ecclesiae
1523 4266 1766 4331 Iranssiluanae
1801 4274 1837 4328 30

368 4394 410 4438 ex
432 4374 531 4438 altera
552 4393 626 4436 cum
648 4371 748 4436 literis
770 4372 997 4455 procuratoriis
1018 4370 1251 4455 praedictorum
1273 4370 1412 4434 filiorum
1435 4371 1535 4454 ipsius
1557 4370 1676 4434 Oheliei
1699 4371 1766 4434 vai·

367 4478 477 4561 vodae,
511 4477 571 4541 sub
602 4475 704 4559 sigillo
734 4482 912 4541 conventus
942 4476 981 4539 de
1011 4473 1272 4538 Olusmonostora
1301 4474 1462 4556 confectis,
1495 4474 1528 4538 in
1559 4476 1637 4539 haec
1659 4474 1765 4539 verba.

368 4579 472 4665 (Folpt
500 4580 549 4645 die
578 4577 725 4645 Urlrunde
753 4580 805 4643 dar
825 4578 934 4644 Priora
964 4578 1030 4642 und
1051 4575 1220 4641 Koarentes
1240 4599 1298 4642 oon
1319 4575 1584 4643 Kolozemorwator
1604 4599 1662 4642 oon
1683 4578 1767 4641 1321

367 4683 426 4750 Nr.
453 4685 548 4766 279.)
580 4684 669 4747 Idem
692 4682 841 4747 Chelleus
870 4683 1007 4746 vaivoda
1034 4683 1163 4746 nomine
1185 4702 1244 4747 suo
1268 4689 1300 4747 et
1321 4682 1450 4746 nomine
1472 4681 1610 4745 filiorum
1634 4702 1767 4770 suorum

368 4789 602 4874 praedictorum
636 4786 802 4852 confessus
836 4793 885 4852 est
918 4786 1045 4851 oraculo
1081 4787 1173 4851 vivae
1203 4788 1291 4851 vocis
1319 4787 1474 4871 propriae,
1508 4787 1596 4868 quod
1626 4794 1766 4851 castrum
1800 4792 1834 4848 35

368 4892 516 4957 Zaadkeu
547 4897 712 4960 vocatum.
747 4891 834 4973 quod
866 4892 935 4975 ipse
965 4890 1113 4955 Chelleus
1143 4891 1280 4954 vaivoda
1308 4895 1340 4955 et
1370 4889 1427 4953 filii
1457 4891 1508 4954 sui
1536 4891 1767 4973 praenominati

525 5068 546 5131 ι)
565 5062 691 5132 emta.-
713 5062 890 5116 noevavon
929 5061 1051 5117 caeam
1074 5060 1112 5116 ot
1134 5066 1211 5116 sona
1234 5061 1277 5115 aa
1300 5044 1550 5130 retemptat
1573 5059 1767 5115 votauota

369 5150 486 5219 terebat,
503 5165 534 5204 ro
550 5164 588 5202 ru
598 5149 659 5203 dem
670 5148 744 5203 Jubr
756 5150 833 5214 1303,
850 5146 905 5201 Nr.
917 5151 977 5213 299,
994 5164 1031 5201 aa
1042 5148 1102 5202 aaa
1114 5148 1188 5203 Jabr
1200 5151 1268 5202 1311
1285 5148 1355 5202 noclr
1367 5147 1490 5216 Kominy
1501 5147 1624 5215 Diplom.
1637 5146 1767 5216 supplem.

369 5236 396 5304 I,
415 5241 474 5291 171.
499 5240 568 5290 1320
584 5235 656 5289 aor‘rd
674 5234 783 5301 Doara,
801 5233 902 5300 Deaeu,
921 5237 990 5288 1321
1007 5235 1066 5288 aad
1083 5236 1115 5289 in
1132 5236 1185 5289 dea
1202 5235 1348 5305 folpenden
1365 5233 1473 5289 ratres
1494 5235 1612 5289 Ibamus
1630 5234 1673 5288 ala
1692 5233 1767 5288 Wei-

369 5322 444 5377 mode
461 5339 514 5377 nora
532 5321 735 5392 Siebenbrlrpen
751 5325 881 5391 percant.
903 5320 968 5375 Stet
985 5320 1039 5375 Nr.
1051 5325 1113 5389 370,
1129 5325 1183 5376 372
1199 5322 1259 5375 aad
1275 5325 1336 5388 375,
1353 5321 1447 5389 ferrer
1465 5320 1587 5390 Keratnp
1604 5320 1727 5389 Diplom.
1740 5320 1766 5385 I,
1801 5321 1837 5376 40

371 5413 422 5465 199
439 5409 498 5462 “nd
514 5412 696 5565 {gonnors
707 5494 959 5564 durclrpratriobm:
978 5497 1006 5549 et
1022 5493 1160 5563 Mychaele
1178 5494 1359 5549 archidiacono
1376 5495 1410 5548 de
1427 5492 1498 5549 Cius.
