4084 6302
951 620 1013 683 521

903 708 1059 716 ...ι-

933 806 1024 891 tro.

365 972 567 1065 Wiseeprad
592 976 690 1045 1341
717 973 904 1044 Deaembcr
924 979 956 1043 9.
985 972 1141 1062 Kb'nipia
1159 970 1338 1042 Elisabeth
1362 972 1487 1041 taimmt.
1506 970 1561 1042 die
1580 969 1681 1041 locet

279 1095 576 1167 Koloasmoaoetor
602 1095 639 1165 ia
668 1093 767 1165 ibren
795 1094 999 1165 besoaderea
1026 1092 1161 1164 Sobata.

438 1257 514 1327 Om'p.
534 1258 615 1326 Perp.
633 1256 824 1311 Katleotisabes
847 1257 1057 1324 Psarraimcbio
1080 1254 1682 1373 10000000ον0,800901,Βὶ09000οῑ,000

227 1347 244 1399 0
382 1345 415 1398 ia
431 1344 522 1399 rotltca
545 1344 646 1399 Wacba
664 1344 721 1411 aas
733 1344 783 1397 dar
801 1343 945 1399 Ratcltaeitt
962 1343 1151 1413 auspedrr'eelt.
1380 1370 1384 1375 ·

436 1465 547 1519 Druck:
566 1464 772 1534 000001010ολ0
790 1465 876 1535 Rapsa
894 1464 1026 1519 Mariani
1050 1469 1090 1520 76
1118 1464 1235 1518 Katoaa
1253 1463 1329 1517 Hiat.
1351 1461 1412 1517 crit.
1430 1461 1488 1529 IX,
1506 1465 1566 1516 208.
1595 1460 1681 1527 Feilr
1717 1542 1719 1545 Ι

386 1552 477 1608 Codex
498 1550 587 1617 VIII,
604 1555 630 1619 l,
648 1555 708 1606 008.

435 1711 504 1773 Nos
523 1709 667 1774 Elisabet
688 1710 739 1774 dei
761 1711 863 1793 gratia
893 1711 1002 1793 regina
1023 1711 1207 1794 Hungariae
1231 1709 1401 1772 memoriae
1424 1707 1682 1771 commendantes

280 1814 497 1898 significamus
513 1819 623 1877 tenore
645 1814 861 1896 praesentium
885 1814 1002 1895 quibus
1024 1813 1154 1898 expedit
1178 1812 1345 1894 universis,
1369 1812 1455 1893 quod
1480 1811 1555 1892 quia
1573 1831 1683 1874 mona·

215 1925 248 1980 10
283 1917 416 1981 sterium
438 1915 549 1981 beatae
572 1917 705 2000 virgime
720 1918 759 1980 de
782 1916 947 1981 Coluswar
962 1917 1107 1981 fundatio
1130 1917 1230 1981 sancti
1255 1917 1337 1999 regis
1358 1914 1497 1979 Ladizlai
1520 1914 1629 1979 existit
1651 1920 1684 1980 et

282 2019 354 2098 0b¹)
385 2022 466 2084 hanc
495 2040 624 2085 causam
647 2021 686 2084 ad
709 2021 938 2105 protectionem
962 2022 1080 2103 regiam
1103 2026 1136 2084 et
1158 2026 1299 2084 nostram
1329 2020 1510 2083 immediate
1540 2023 1683 2102 spectare

282 2125 497 2209 dignoscatur,
520 2144 579 2188 nos
594 2125 679 2188 idem
694 2124 921 2188 monasterinm
938 2143 1011 2187 cum
1028 2124 1176 2187 omnibus
1192 2124 1259 2187 suis
1274 2123 1529 2207 possessionibus
1545 2128 1577 2186 et
1591 2121 1684 2186 bonis

281 2231 313 2292 in
330 2236 473 2292 nostram
488 2229 677 2312 recipientes
691 2228 919 2312 protectionem
943 2233 975 2290 et
990 2228 1120 2291 tutelam
1145 2227 1312 2311 specialem
1328 2248 1347 2290 a
1367 2225 1514 2289 manibus
1530 2245 1682 2308 quorum-

280 2352 419 2414 cumque
443 2332 598 2395 baronum
615 2338 648 2396 et
670 2331 824 2396 nobilium
848 2330 999 2395 volumus
1021 2332 1188 2415 segregari.
1217 2330 1429 2407 Quamobrem
1445 2329 1590 2393 fidelitati
1612 2331 1683 2394 uni-

214 2445 245 2496 15
281 2437 441 2501 versitatis
456 2442 581 2500 vestrae
595 2435 729 2500 firmiter
741 2442 773 2499 et
788 2435 930 2499 districte
945 2434 1167 2518 praecipiendo
1184 2436 1382 2515 mandamus,
1399 2439 1558 2516 quatenus
1574 2433 1683 2497 nullus

280 2560 323 2606 ex
347 2540 439 2604 vobis
460 2539 670 2623 praelibatum
685 2540 914 2603 monasterium
937 2545 969 2601 et
987 2538 1117 2601 fratrem
1132 2537 1311 2602 iohannem
1336 2557 1423 2601 nuuc
1445 2539 1515 2601 eius
1537 2536 1683 2601 abbatem

280 2645 313 2707 in
337 2650 483 2708 nostrum
506 2644 703 2727 capellanum
720 2650 919 2727 assumptum
935 2662 971 2705 ac
989 2641 1090 2724 ipsius
1105 2642 1289 2706 monasterii
1306 2643 1524 2725 possessiones
1546 2647 1579 2704 et
1600 2641 1684 2705 bona

280 2754 463 2832 praesumat
491 2752 547 2810 aut
577 2747 691 2811 debeat
712 2747 834 2830 absque
861 2747 941 2810 iuris
971 2744 1082 2808 ordine
1112 2746 1227 2827 regalis
1257 2752 1314 2810 aut
1333 2744 1483 2829 reginalis
1513 2746 1546 2807 in
1575 2745 1682 2827 aliquo

281 2852 465 2933 molestare,
499 2852 640 2933 alioquin
675 2852 702 2916 si
733 2852 806 2933 quis
838 2851 933 2914 huius
966 2847 1085 2931 gratiae
1119 2854 1307 2913 retractator
1340 2850 1499 2913 exstiterit
1528 2849 1588 2911 hiis
1617 2868 1682 2912 non

212 2963 247 3016 20
280 2957 437 3020 immerito
467 2955 606 3038 regalem
628 2961 660 3019 et
685 2955 857 3038 reginalem
880 2950 1131 3035 indignationem
1154 2972 1188 3016 se
1216 2953 1332 3016 sentiet
1354 2954 1568 3017 incursurum.
1601 2951 1684 3016 Data

281 3062 314 3124 in
347 3060 424 3124 Alto
458 3063 577 3140 castro,
614 3060 648 3121 in
682 3059 840 3122 dominica
874 3056 1015 3121 secunda
1052 3054 1210 3120 adventus
1244 3056 1381 3137 domini,
1419 3076 1503 3120 anno
1541 3057 1683 3120 eiusdem

280 3163 329 3227 M⁰
351 3162 443 3228 000⁰
463 3161 539 3226 XLo
558 3163 670 3246 primo.

938 3421 1025 3504 571.

359 3586 555 3658 Kronstodt
572 3588 677 3657 1342
695 3584 801 3678 April
817 3587 882 3657 25.
911 3585 1036 3657 Daton
1053 3585 1209 3658 Mieboal
1225 3585 1299 3656 aad
1316 3584 1488 3656 Geaossaa
1508 3585 1682 3676 beaeupea,

211 3726 245 3780 25
280 3708 362 3779 does
389 3706 559 3779 Nikolaas
591 3706 733 3779 Creonte
763 3708 837 3779 000
867 3708 960 3779 seiae
991 3706 1114 3777 Gallia
1141 3706 1373 3796 Marpcretbo
1400 3707 1437 3776 in
1464 3706 1541 3778 dem
1566 3705 1684 3777 Peter

279 3827 372 3899 Paul
396 3827 538 3900 Kloster
568 3829 605 3900 in
632 3828 826 3901 Kroastadt
859 3830 934 3900 eine
961 3826 1185 3900 0000000000
1216 3828 1289 3900 stet
1311 3827 1465 3919 peettstet
1501 3826 1575 3898 aad
1607 3827 1683 3898 dem

280 3947 421 4020 Kloeter
447 3948 503 4020 die
528 3949 654 4038 Hdlfle
680 3950 774 4021 citer
800 3949 924 4021 Meto
946 3950 1126 4040 pesobealct
1153 3947 1269 4019 00000.

439 4110 514 4181 Ortp.
533 4112 614 4181 Pero.
633 4112 843 4167 Baraculdndcr
855 4112 1072 4181 Kapitalarcbia
1097 4112 1253 4165 Bibliolbek
1277 4112 1325 4166 dea
1342 4112 1461 4181 wunpcl.
1483 4111 1681 4180 0000000000

385 4199 489 4268 Aapsb.
508 4197 574 4252 Belo.
592 4198 756 4253 Kroaatadt.
784 4198 872 4268 stapel
895 4215 954 4251 war
972 4216 1011 4252 00
1027 4198 1098 4267 pell>-
1100 4198 1385 4267 blawviolattpmtner
1404 4197 1605 4252 maedam
1630 4215 1680 4250 00-

212 4288 247 4340 30
384 4284 510 4355 paeones
536 4285 597 4339 Dar
618 4286 683 4340 Text
699 4287 737 4339 ist
754 4286 816 4340 retr
832 4285 989 4353 [0010000ιῖ

436 4459 475 4523 In
499 4461 627 4525 nomine
650 4467 777 4524 sanctae
800 4461 949 4523 multans
971 4466 1004 4524 e
990 4460 1209 4524 tindiriduae
1231 4460 1364 4524 unitatis
1386 4480 1488 4541 amen,
1519 4461 1612 4525 onius
1634 4461 1683 4524 in·

281 4563 474 4628 carnationis
503 4584 587 4628 anno
618 4543 790 4627 dominiil
821 4542 911 4629 000
942 4542 1062 4645 dud,
1086 4565 1119 4627 in
1142 4563 1193 4627 die
1216 4565 1316 4628 sancti
1340 4563 1443 4639 Marci,
1461 4564 1682 4648 evangelistae.

281 4664 362 4732 Cum
385 4668 419 4730 in
441 4672 526 4732 terra
547 4669 698 4731 universa
720 4668 893 4731 animantia
914 4668 1008 4732 homo
1031 4668 1072 4732 sit
1096 4667 1251 4751 dignior¹t
1278 4674 1310 4731 et
1332 4668 1500 4751 perfectior
1521 4668 1553 4730 in
1578 4669 1684 4732 valida

282 4772 422 4835 suavita
436 4771 548 4835 merito
571 4792 666 4835 snum
689 4771 784 4836 debet
805 4792 996 4855 cognoscere
1011 4778 1194 4836 creatorem.
1217 4771 1330 4836 Pateat
1348 4771 1447 4853 igitur
1461 4771 1683 4855 praesentibus

212 4884 246 4936 35
282 4880 315 4938 et
328 4875 446 4938 tuturis
455 4881 661 4974 praesentem
675 4876 799 4940 literam
815 4876 1014 4960 inspecturis,
1031 4876 1117 4957 quod
1133 4895 1239 4939 coram
1256 4875 1346 4938 nobis
1363 4875 1528 4940 Michaheli
1546 4875 1681 4959 plebano

282 4978 321 5042 de
344 4977 470 5043 Corona
500 4997 625 5043 necnon
655 4985 688 5043 et
717 4979 837 5043 decano
867 4979 901 5042 in
930 4979 1048 5061 Wrcia‚
1078 4998 1183 5043 coram
1214 4978 1322 5041 comiti
1343 4977 1485 5041 iohanni
1514 4986 1547 5042 et
1575 4979 1683 5044 comiti

280 5080 401 5145 Jocabo
424 5085 456 5144 et
477 5082 614 5159 carew)
636 5081 806 5147 comitibus
828 5083 868 5146 de
890 5082 999 5147 Wrcia
1023 5102 1060 5145 ac
1082 5082 1121 5146 de
1144 5082 1291 5145 Bistricia
1313 5087 1345 5146 et
1366 5101 1472 5146 coram
1496 5082 1621 5146 civibus
1643 5082 1683 5147 de

439 5236 460 5304 ¹)
482 5234 615 5305 Vorlopa:
632 5234 673 5290 ab.

437 5323 460 5391 ¹)
483 5321 616 5393 Vertere:
634 5322 761 5392 dingnior.

211 5410 247 5464 «10
437 5410 459 5470 't
477 5425 564 5464 eoram
588 5425 641 5464 oon
659 5409 802 5464 00000000
820 5409 910 5464 Hand
935 5410 992 5476 aas
1005 5410 1058 5463 dae
1077 5409 1131 5463 alta
1150 5424 1238 5463 coram
1256 5408 1543 5515 dorcaspaactra'ebaa,
1567 5424 1598 5462 ao
1615 5409 1683 5462 daea

279 5495 338 5551 aaa
355 5495 400 5551 die
418 5494 592 5566 Sobtiflattpe
609 5513 673 5551 0000
694 5495 770 5551 1000
787 5495 893 5551 aaa.
1297 5536 1302 5540 ,
