<?xml version="1.0" encoding="UTF-8"?>
<!DOCTYPE html PUBLIC "-//W3C//DTD XHTML 1.0 Transitional//EN"
    "http://www.w3.org/TR/xhtml1/DTD/xhtml1-transitional.dtd">
<html xmlns="http://www.w3.org/1999/xhtml" xml:lang="en" lang="en">
 <head>
  <title>
</title>
<meta http-equiv="Content-Type" content="text/html;charset=utf-8" />
  <meta name='ocr-system' content='tesseract 3.04.00' />
  <meta name='ocr-capabilities' content='ocr_page ocr_carea ocr_par ocr_line ocrx_word'/>
</head>
<body>
  <div class='ocr_page' id='page_1' title='image "./urkundenbuchzur00mlgoog_0526.png"; bbox 0 0 4084 6302; ppageno 0'>
   <div class='ocr_carea' id='block_1_1' title="bbox 924 603 1077 698">
    <p class='ocr_par' dir='ltr' id='par_1_1' title="bbox 924 603 1077 698">
     <span class='ocr_line' id='line_1_1' title="bbox 924 603 1077 698; baseline 0.007 -1"><span class='ocrx_word' id='word_1_1' title='bbox 924 603 1077 698; x_wconf 57' lang='lat' dir='ltr'>..El-</span> 
     </span>
    </p>
   </div>
   <div class='ocr_carea' id='block_1_2' title="bbox 231 788 1699 2428">
    <p class='ocr_par' dir='ltr' id='par_1_2' title="bbox 231 788 1699 2428">
     <span class='ocr_line' id='line_1_2' title="bbox 301 788 1699 876; baseline 0.004 -25"><span class='ocrx_word' id='word_1_2' title='bbox 301 788 496 852; x_wconf 89' lang='lat' dir='ltr'>tenebuntur</span> <span class='ocrx_word' id='word_1_3' title='bbox 518 788 723 852; x_wconf 90' lang='lat' dir='ltr'>interdictum</span> <span class='ocrx_word' id='word_1_4' title='bbox 747 790 924 854; x_wconf 79' lang='lat' dir='ltr'>observare.</span> <span class='ocrx_word' id='word_1_5' title='bbox 955 791 1035 855; x_wconf 87' lang='lat' dir='ltr'>Item</span> <span class='ocrx_word' id='word_1_6' title='bbox 1060 792 1086 855; x_wconf 91' lang='lat' dir='ltr'>si</span> <span class='ocrx_word' id='word_1_7' title='bbox 1109 791 1293 875; x_wconf 89' lang='lat' dir='ltr'>iobagiones</span> <span class='ocrx_word' id='word_1_8' title='bbox 1314 792 1347 854; x_wconf 92' lang='lat' dir='ltr'>in</span> <span class='ocrx_word' id='word_1_9' title='bbox 1371 791 1625 876; x_wconf 74' lang='lat' dir='ltr'>possessionibus</span> <span class='ocrx_word' id='word_1_10' title='bbox 1647 813 1699 856; x_wconf 91' lang='lat' dir='ltr'>ec·</span> 
     </span>
     <span class='ocr_line' id='line_1_3' title="bbox 300 893 1698 978; baseline 0.003 -23"><span class='ocrx_word' id='word_1_11' title='bbox 300 893 413 957; x_wconf 83' lang='lat' dir='ltr'>clasiae</span> <span class='ocrx_word' id='word_1_12' title='bbox 436 912 494 976; x_wconf 93' lang='lat' dir='ltr'>pro</span> <span class='ocrx_word' id='word_1_13' title='bbox 517 894 657 975; x_wconf 88' lang='lat' dir='ltr'>ipsorum</span> <span class='ocrx_word' id='word_1_14' title='bbox 681 894 784 977; x_wconf 89' lang='lat' dir='ltr'>culpis</span> <span class='ocrx_word' id='word_1_15' title='bbox 799 914 856 957; x_wconf 89' lang='lat' dir='ltr'>seu</span> <span class='ocrx_word' id='word_1_16' title='bbox 873 897 1073 959; x_wconf 80' lang='lat' dir='ltr'>nocumentis</span> <span class='ocrx_word' id='word_1_17' title='bbox 1089 916 1145 978; x_wconf 91' lang='lat' dir='ltr'>per</span> <span class='ocrx_word' id='word_1_18' title='bbox 1165 896 1286 958; x_wconf 89' lang='lat' dir='ltr'>iudices</span> <span class='ocrx_word' id='word_1_19' title='bbox 1309 915 1366 959; x_wconf 88' lang='lat' dir='ltr'>seu</span> <span class='ocrx_word' id='word_1_20' title='bbox 1383 894 1533 959; x_wconf 83' lang='lat' dir='ltr'>officiales</span> <span class='ocrx_word' id='word_1_21' title='bbox 1548 895 1698 959; x_wconf 87' lang='lat' dir='ltr'>ecclesiae</span> 
     </span>
     <span class='ocr_line' id='line_1_4' title="bbox 299 997 1698 1082; baseline 0.002 -24"><span class='ocrx_word' id='word_1_22' title='bbox 299 998 418 1060; x_wconf 85' lang='lat' dir='ltr'>inerint</span> <span class='ocrx_word' id='word_1_23' title='bbox 450 998 640 1077; x_wconf 86' lang='lat' dir='ltr'>sequestrati</span> <span class='ocrx_word' id='word_1_24' title='bbox 671 997 721 1059; x_wconf 87' lang='lat' dir='ltr'>vel</span> <span class='ocrx_word' id='word_1_25' title='bbox 754 998 905 1081; x_wconf 84' lang='lat' dir='ltr'>impediti,</span> <span class='ocrx_word' id='word_1_26' title='bbox 936 1000 1021 1082; x_wconf 88' lang='lat' dir='ltr'>ipsos</span> <span class='ocrx_word' id='word_1_27' title='bbox 1044 998 1122 1063; x_wconf 91' lang='lat' dir='ltr'>tales</span> <span class='ocrx_word' id='word_1_28' title='bbox 1144 1000 1238 1062; x_wconf 91' lang='lat' dir='ltr'>iidem</span> <span class='ocrx_word' id='word_1_29' title='bbox 1266 998 1416 1063; x_wconf 87' lang='lat' dir='ltr'>ccclesiae</span> <span class='ocrx_word' id='word_1_30' title='bbox 1440 998 1560 1062; x_wconf 89' lang='lat' dir='ltr'>iudices</span> <span class='ocrx_word' id='word_1_31' title='bbox 1583 999 1622 1060; x_wconf 88' lang='lat' dir='ltr'>ad</span> <span class='ocrx_word' id='word_1_32' title='bbox 1645 1018 1698 1061; x_wconf 91' lang='lat' dir='ltr'>eo-</span> 
     </span>
     <span class='ocr_line' id='line_1_5' title="bbox 300 1099 1698 1184; baseline 0.002 -22"><span class='ocrx_word' id='word_1_33' title='bbox 300 1100 436 1162; x_wconf 92' lang='lat' dir='ltr'>rundem</span> <span class='ocrx_word' id='word_1_34' title='bbox 459 1099 599 1162; x_wconf 88' lang='lat' dir='ltr'>iudicum</span> <span class='ocrx_word' id='word_1_35' title='bbox 623 1102 833 1182; x_wconf 88' lang='lat' dir='ltr'>praesentiam</span> <span class='ocrx_word' id='word_1_36' title='bbox 858 1122 931 1165; x_wconf 87' lang='lat' dir='ltr'>oum</span> <span class='ocrx_word' id='word_1_37' title='bbox 956 1102 1050 1166; x_wconf 85' lang='lat' dir='ltr'>rebus</span> <span class='ocrx_word' id='word_1_38' title='bbox 1077 1104 1286 1184; x_wconf 79' lang='lat' dir='ltr'>sequestratis</span> <span class='ocrx_word' id='word_1_39' title='bbox 1308 1101 1504 1165; x_wconf 88' lang='lat' dir='ltr'>iudicaturos</span> <span class='ocrx_word' id='word_1_40' title='bbox 1526 1101 1698 1182; x_wconf 87' lang='lat' dir='ltr'>remittant,</span> 
     </span>
     <span class='ocr_line' id='line_1_6' title="bbox 246 1202 1698 1288; baseline 0.006 -28"><span class='ocrx_word' id='word_1_41' title='bbox 246 1211 262 1259; x_wconf 92' lang='lat'><em>3</em></span> <span class='ocrx_word' id='word_1_42' title='bbox 301 1203 360 1266; x_wconf 89' lang='lat' dir='ltr'>nisi</span> <span class='ocrx_word' id='word_1_43' title='bbox 383 1203 416 1265; x_wconf 96' lang='lat' dir='ltr'>in</span> <span class='ocrx_word' id='word_1_44' title='bbox 439 1209 512 1266; x_wconf 89' lang='lat' dir='ltr'>actu</span> <span class='ocrx_word' id='word_1_45' title='bbox 533 1202 651 1285; x_wconf 83' lang='lat' dir='ltr'>publici</span> <span class='ocrx_word' id='word_1_46' title='bbox 669 1206 853 1269; x_wconf 76' lang='lat' dir='ltr'>nocumenti</span> <span class='ocrx_word' id='word_1_47' title='bbox 867 1205 1039 1269; x_wconf 88' lang='lat' dir='ltr'>criminahs</span> <span class='ocrx_word' id='word_1_48' title='bbox 1055 1207 1238 1270; x_wconf 81' lang='lat' dir='ltr'>exstiterint</span> <span class='ocrx_word' id='word_1_49' title='bbox 1252 1205 1451 1288; x_wconf 84' lang='lat' dir='ltr'>deprehensi,</span> <span class='ocrx_word' id='word_1_50' title='bbox 1473 1210 1506 1268; x_wconf 89' lang='lat' dir='ltr'>et</span> <span class='ocrx_word' id='word_1_51' title='bbox 1528 1205 1587 1269; x_wconf 91' lang='lat' dir='ltr'>hoc</span> <span class='ocrx_word' id='word_1_52' title='bbox 1600 1205 1698 1270; x_wconf 88' lang='lat' dir='ltr'>iidem</span> 
     </span>
     <span class='ocr_line' id='line_1_7' title="bbox 298 1306 1699 1393; baseline 0.003 -24"><span class='ocrx_word' id='word_1_53' title='bbox 298 1307 534 1389; x_wconf 85' lang='lat' dir='ltr'>possessionum</span> <span class='ocrx_word' id='word_1_54' title='bbox 545 1306 566 1383; x_wconf 93' lang='lat'>¹)</span> <span class='ocrx_word' id='word_1_55' title='bbox 597 1306 747 1371; x_wconf 88' lang='lat' dir='ltr'>ecclesiae</span> <span class='ocrx_word' id='word_1_56' title='bbox 779 1308 1000 1393; x_wconf 90' lang='lat' dir='ltr'>iobagionibus</span> <span class='ocrx_word' id='word_1_57' title='bbox 1034 1310 1170 1374; x_wconf 89' lang='lat' dir='ltr'>debeant</span> <span class='ocrx_word' id='word_1_58' title='bbox 1200 1309 1343 1375; x_wconf 88' lang='lat' dir='ltr'>similiter</span> <span class='ocrx_word' id='word_1_59' title='bbox 1373 1308 1551 1373; x_wconf 85' lang='lat' dir='ltr'>observare.</span> <span class='ocrx_word' id='word_1_60' title='bbox 1596 1307 1699 1393; x_wconf 86' lang='lat' dir='ltr'>Super</span> 
     </span>
     <span class='ocr_line' id='line_1_8' title="bbox 299 1410 1698 1497; baseline 0.002 -24"><span class='ocrx_word' id='word_1_61' title='bbox 299 1410 381 1473; x_wconf 89' lang='lat' dir='ltr'>iacto</span> <span class='ocrx_word' id='word_1_62' title='bbox 404 1416 511 1473; x_wconf 81' lang='lat' dir='ltr'>autem</span> <span class='ocrx_word' id='word_1_63' title='bbox 534 1410 728 1475; x_wconf 89' lang='lat' dir='ltr'>decimarum</span> <span class='ocrx_word' id='word_1_64' title='bbox 752 1412 863 1476; x_wconf 86' lang='lat' dir='ltr'>lolium</span> <span class='ocrx_word' id='word_1_65' title='bbox 886 1413 1044 1497; x_wconf 87' lang='lat' dir='ltr'>privilegii</span> <span class='ocrx_word' id='word_1_66' title='bbox 1064 1414 1196 1487; x_wconf 79' lang='lat' dir='ltr'>nostri²)</span> <span class='ocrx_word' id='word_1_67' title='bbox 1219 1414 1252 1476; x_wconf 93' lang='lat' dir='ltr'>in</span> <span class='ocrx_word' id='word_1_68' title='bbox 1276 1413 1521 1496; x_wconf 79' lang='lat' dir='ltr'>congregatione</span> <span class='ocrx_word' id='word_1_69' title='bbox 1544 1412 1698 1476; x_wconf 88' lang='lat' dir='ltr'>nobilium</span> 
     </span>
     <span class='ocr_line' id='line_1_9' title="bbox 299 1512 1697 1601; baseline 0.001 -24"><span class='ocrx_word' id='word_1_70' title='bbox 299 1514 418 1577; x_wconf 89' lang='lat' dir='ltr'>eisdem</span> <span class='ocrx_word' id='word_1_71' title='bbox 440 1512 670 1577; x_wconf 84' lang='lat' dir='ltr'>exhibebimus.</span> <span class='ocrx_word' id='word_1_72' title='bbox 709 1515 751 1579; x_wconf 84' lang='lat' dir='ltr'>Et</span> <span class='ocrx_word' id='word_1_73' title='bbox 779 1521 817 1580; x_wconf 91' lang='lat' dir='ltr'>ut</span> <span class='ocrx_word' id='word_1_74' title='bbox 847 1517 953 1580; x_wconf 90' lang='lat' dir='ltr'>omnia</span> <span class='ocrx_word' id='word_1_75' title='bbox 975 1518 1148 1600; x_wconf 89' lang='lat' dir='ltr'>praemissa</span> <span class='ocrx_word' id='word_1_76' title='bbox 1178 1524 1211 1581; x_wconf 89' lang='lat' dir='ltr'>et</span> <span class='ocrx_word' id='word_1_77' title='bbox 1238 1517 1365 1601; x_wconf 87' lang='lat' dir='ltr'>singula</span> <span class='ocrx_word' id='word_1_78' title='bbox 1389 1515 1636 1599; x_wconf 89' lang='lat' dir='ltr'>praemissorum</span> <span class='ocrx_word' id='word_1_79' title='bbox 1658 1515 1697 1579; x_wconf 89' lang='lat' dir='ltr'>ab</span> 
     </span>
     <span class='ocr_line' id='line_1_10' title="bbox 298 1616 1697 1702; baseline 0.002 -22"><span class='ocrx_word' id='word_1_80' title='bbox 298 1617 417 1681; x_wconf 89' lang='lat' dir='ltr'>eisdem</span> <span class='ocrx_word' id='word_1_81' title='bbox 439 1616 599 1681; x_wconf 89' lang='lat' dir='ltr'>nobilibus</span> <span class='ocrx_word' id='word_1_82' title='bbox 614 1624 768 1702; x_wconf 88' lang='lat' dir='ltr'>perpetua</span> <span class='ocrx_word' id='word_1_83' title='bbox 782 1619 930 1684; x_wconf 88' lang='lat' dir='ltr'>firmitate</span> <span class='ocrx_word' id='word_1_84' title='bbox 946 1620 1085 1684; x_wconf 88' lang='lat' dir='ltr'>subnixa</span> <span class='ocrx_word' id='word_1_85' title='bbox 1100 1621 1326 1684; x_wconf 82' lang='lat' dir='ltr'>inviolabihter</span> <span class='ocrx_word' id='word_1_86' title='bbox 1340 1624 1579 1701; x_wconf 78' lang='lat' dir='ltr'>conserventur,</span> <span class='ocrx_word' id='word_1_87' title='bbox 1601 1620 1697 1683; x_wconf 92' lang='lat' dir='ltr'>iidem</span> 
     </span>
     <span class='ocr_line' id='line_1_11' title="bbox 231 1719 1697 1805; baseline 0.004 -26"><span class='ocrx_word' id='word_1_88' title='bbox 231 1727 263 1778; x_wconf 90' lang='lat'>10</span> <span class='ocrx_word' id='word_1_89' title='bbox 297 1719 432 1783; x_wconf 85' lang='lat' dir='ltr'>Th0mas</span> <span class='ocrx_word' id='word_1_90' title='bbox 461 1719 546 1784; x_wconf 90' lang='lat' dir='ltr'>filius</span> <span class='ocrx_word' id='word_1_91' title='bbox 568 1719 716 1802; x_wconf 86' lang='lat' dir='ltr'>Dionysii</span> <span class='ocrx_word' id='word_1_92' title='bbox 747 1729 779 1785; x_wconf 91' lang='lat' dir='ltr'>et</span> <span class='ocrx_word' id='word_1_93' title='bbox 800 1743 907 1788; x_wconf 87' lang='lat' dir='ltr'>comes</span> <span class='ocrx_word' id='word_1_94' title='bbox 930 1724 1051 1787; x_wconf 78' lang='lat' dir='ltr'>Pascha</span> <span class='ocrx_word' id='word_1_95' title='bbox 1074 1724 1143 1787; x_wconf 81' lang='lat' dir='ltr'>vice</span> <span class='ocrx_word' id='word_1_96' title='bbox 1166 1723 1320 1786; x_wconf 91' lang='lat' dir='ltr'>nobihum</span> <span class='ocrx_word' id='word_1_97' title='bbox 1352 1723 1574 1786; x_wconf 84' lang='lat' dir='ltr'>universorum</span> <span class='ocrx_word' id='word_1_98' title='bbox 1598 1722 1697 1805; x_wconf 88' lang='lat' dir='ltr'>partis</span> 
     </span>
     <span class='ocr_line' id='line_1_12' title="bbox 296 1823 1698 1911; baseline 0.004 -25"><span class='ocrx_word' id='word_1_99' title='bbox 296 1823 533 1905; x_wconf 84' lang='lat' dir='ltr'>Transylvanae</span> <span class='ocrx_word' id='word_1_100' title='bbox 555 1825 790 1908; x_wconf 89' lang='lat' dir='ltr'>praedictorum</span> <span class='ocrx_word' id='word_1_101' title='bbox 818 1826 952 1891; x_wconf 87' lang='lat' dir='ltr'>firmiter</span> <span class='ocrx_word' id='word_1_102' title='bbox 982 1827 1175 1911; x_wconf 88' lang='lat' dir='ltr'>spondentes</span> <span class='ocrx_word' id='word_1_103' title='bbox 1204 1833 1447 1910; x_wconf 87' lang='lat' dir='ltr'>assumpserunt</span> <span class='ocrx_word' id='word_1_104' title='bbox 1476 1827 1569 1891; x_wconf 89' lang='lat' dir='ltr'>nobis</span> <span class='ocrx_word' id='word_1_105' title='bbox 1590 1827 1698 1892; x_wconf 84' lang='lat' dir='ltr'>literas</span> 
     </span>
     <span class='ocr_line' id='line_1_13' title="bbox 297 1927 1697 2013; baseline 0.001 -21"><span class='ocrx_word' id='word_1_106' title='bbox 297 1927 427 2011; x_wconf 90' lang='lat' dir='ltr'>capituli</span> <span class='ocrx_word' id='word_1_107' title='bbox 458 1927 608 1992; x_wconf 88' lang='lat' dir='ltr'>ecclesiae</span> <span class='ocrx_word' id='word_1_108' title='bbox 639 1928 845 1994; x_wconf 87' lang='lat' dir='ltr'>Varadiensis</span> <span class='ocrx_word' id='word_1_109' title='bbox 875 1936 908 1995; x_wconf 90' lang='lat' dir='ltr'>et</span> <span class='ocrx_word' id='word_1_110' title='bbox 935 1931 1012 1994; x_wconf 85' lang='lat' dir='ltr'>elias</span> <span class='ocrx_word' id='word_1_111' title='bbox 1042 1931 1238 2012; x_wconf 87' lang='lat' dir='ltr'>ubicumque</span> <span class='ocrx_word' id='word_1_112' title='bbox 1268 1930 1465 1994; x_wconf 84' lang='lat' dir='ltr'>voluerimus</span> <span class='ocrx_word' id='word_1_113' title='bbox 1495 1929 1697 2013; x_wconf 84' lang='lat' dir='ltr'>obligatorias</span> 
     </span>
     <span class='ocr_line' id='line_1_14' title="bbox 297 2030 1698 2118; baseline 0.002 -22"><span class='ocrx_word' id='word_1_114' title='bbox 297 2052 393 2115; x_wconf 89' lang='lat' dir='ltr'>super</span> <span class='ocrx_word' id='word_1_115' title='bbox 415 2030 506 2094; x_wconf 85' lang='lat' dir='ltr'>firrua</span> <span class='ocrx_word' id='word_1_116' title='bbox 528 2031 750 2096; x_wconf 86' lang='lat' dir='ltr'>observatione</span> <span class='ocrx_word' id='word_1_117' title='bbox 774 2034 916 2098; x_wconf 91' lang='lat' dir='ltr'>omnium</span> <span class='ocrx_word' id='word_1_118' title='bbox 937 2034 1183 2118; x_wconf 88' lang='lat' dir='ltr'>praemissorum</span> <span class='ocrx_word' id='word_1_119' title='bbox 1206 2035 1282 2099; x_wconf 89' lang='lat' dir='ltr'>dare</span> <span class='ocrx_word' id='word_1_120' title='bbox 1305 2040 1337 2099; x_wconf 92' lang='lat' dir='ltr'>et</span> <span class='ocrx_word' id='word_1_121' title='bbox 1358 2035 1461 2097; x_wconf 88' lang='lat' dir='ltr'>iacere</span> <span class='ocrx_word' id='word_1_122' title='bbox 1484 2035 1633 2096; x_wconf 82' lang='lat' dir='ltr'>emanari</span> <span class='ocrx_word' id='word_1_123' title='bbox 1656 2034 1698 2099; x_wconf 76' lang='lat' dir='ltr'>ht</span> 
     </span>
     <span class='ocr_line' id='line_1_15' title="bbox 298 2134 1697 2221; baseline 0.002 -23"><span class='ocrx_word' id='word_1_124' title='bbox 298 2135 373 2216; x_wconf 89' lang='lat' dir='ltr'>quia</span> <span class='ocrx_word' id='word_1_125' title='bbox 395 2134 454 2197; x_wconf 91' lang='lat' dir='ltr'>sub</span> <span class='ocrx_word' id='word_1_126' title='bbox 478 2135 580 2218; x_wconf 85' lang='lat' dir='ltr'>sigillo</span> <span class='ocrx_word' id='word_1_127' title='bbox 612 2142 720 2200; x_wconf 88' lang='lat' dir='ltr'>nostro</span> <span class='ocrx_word' id='word_1_128' title='bbox 751 2138 943 2221; x_wconf 81' lang='lat' dir='ltr'>praedictam</span> <span class='ocrx_word' id='word_1_129' title='bbox 966 2138 1197 2201; x_wconf 86' lang='lat' dir='ltr'>ordinationem</span> <span class='ocrx_word' id='word_1_130' title='bbox 1230 2139 1314 2201; x_wconf 88' lang='lat' dir='ltr'>inter</span> <span class='ocrx_word' id='word_1_131' title='bbox 1336 2157 1395 2201; x_wconf 90' lang='lat' dir='ltr'>nos</span> <span class='ocrx_word' id='word_1_132' title='bbox 1418 2138 1556 2202; x_wconf 89' lang='lat' dir='ltr'>habitam</span> <span class='ocrx_word' id='word_1_133' title='bbox 1578 2138 1697 2202; x_wconf 69' lang='lat' dir='ltr'>eudem</span> 
     </span>
     <span class='ocr_line' id='line_1_16' title="bbox 231 2238 1697 2325; baseline 0.007 -30"><span class='ocrx_word' id='word_1_134' title='bbox 231 2245 262 2296; x_wconf 80' lang='lat'>15</span> <span class='ocrx_word' id='word_1_135' title='bbox 297 2238 433 2302; x_wconf 81' lang='lat' dir='ltr'>Thomas</span> <span class='ocrx_word' id='word_1_136' title='bbox 456 2245 488 2301; x_wconf 91' lang='lat' dir='ltr'>et</span> <span class='ocrx_word' id='word_1_137' title='bbox 502 2238 624 2302; x_wconf 86' lang='lat' dir='ltr'>Pascha</span> <span class='ocrx_word' id='word_1_138' title='bbox 647 2240 843 2321; x_wconf 71' lang='lat' dir='ltr'>tradidimus</span> <span class='ocrx_word' id='word_1_139' title='bbox 866 2241 1016 2305; x_wconf 80' lang='lat' dir='ltr'>volumus</span> <span class='ocrx_word' id='word_1_140' title='bbox 1039 2241 1172 2306; x_wconf 88' lang='lat' dir='ltr'>eandem</span> <span class='ocrx_word' id='word_1_141' title='bbox 1195 2241 1254 2306; x_wconf 89' lang='lat' dir='ltr'>sub</span> <span class='ocrx_word' id='word_1_142' title='bbox 1279 2241 1381 2324; x_wconf 91' lang='lat' dir='ltr'>sigillo</span> <span class='ocrx_word' id='word_1_143' title='bbox 1404 2241 1546 2325; x_wconf 81' lang='lat' dir='ltr'>magistri</span> <span class='ocrx_word' id='word_1_144' title='bbox 1560 2241 1697 2306; x_wconf 83' lang='lat' dir='ltr'>Thomas</span> 
     </span>
     <span class='ocr_line' id='line_1_17' title="bbox 298 2341 1697 2428; baseline 0.002 -23"><span class='ocrx_word' id='word_1_145' title='bbox 298 2341 337 2405; x_wconf 87' lang='lat' dir='ltr'>ad</span> <span class='ocrx_word' id='word_1_146' title='bbox 362 2361 420 2405; x_wconf 90' lang='lat' dir='ltr'>nos</span> <span class='ocrx_word' id='word_1_147' title='bbox 441 2342 663 2426; x_wconf 88' lang='lat' dir='ltr'>reciperemus.</span> <span class='ocrx_word' id='word_1_148' title='bbox 686 2342 805 2406; x_wconf 89' lang='lat' dir='ltr'>Datum</span> <span class='ocrx_word' id='word_1_149' title='bbox 820 2342 940 2425; x_wconf 84' lang='lat' dir='ltr'>Budas,</span> <span class='ocrx_word' id='word_1_150' title='bbox 964 2344 1122 2408; x_wconf 90' lang='lat' dir='ltr'>dominica</span> <span class='ocrx_word' id='word_1_151' title='bbox 1144 2345 1195 2409; x_wconf 93' lang='lat' dir='ltr'>die</span> <span class='ocrx_word' id='word_1_152' title='bbox 1216 2345 1364 2428; x_wconf 85' lang='lat' dir='ltr'>proxima</span> <span class='ocrx_word' id='word_1_153' title='bbox 1386 2349 1459 2426; x_wconf 90' lang='lat' dir='ltr'>post</span> <span class='ocrx_word' id='word_1_154' title='bbox 1473 2350 1601 2408; x_wconf 82' lang='lat' dir='ltr'>octavas</span> <span class='ocrx_word' id='word_1_155' title='bbox 1624 2344 1697 2408; x_wconf 90' lang='lat' dir='ltr'>bea·</span> 
     </span>
    </p>
   </div>
   <div class='ocr_carea' id='block_1_3' title="bbox 298 2445 1460 2530">
    <p class='ocr_par' dir='ltr' id='par_1_3' title="bbox 298 2445 1460 2530">
     <span class='ocr_line' id='line_1_18' title="bbox 298 2445 1460 2530; baseline 0.003 -22"><span class='ocrx_word' id='word_1_156' title='bbox 298 2450 404 2509; x_wconf 89' lang='lat' dir='ltr'>torum</span> <span class='ocrx_word' id='word_1_157' title='bbox 427 2445 514 2510; x_wconf 89' lang='lat' dir='ltr'>Petri</span> <span class='ocrx_word' id='word_1_158' title='bbox 537 2452 569 2510; x_wconf 91' lang='lat' dir='ltr'>et</span> <span class='ocrx_word' id='word_1_159' title='bbox 590 2446 683 2510; x_wconf 90' lang='lat' dir='ltr'>Pauli</span> <span class='ocrx_word' id='word_1_160' title='bbox 706 2447 932 2530; x_wconf 90' lang='lat' dir='ltr'>apostolorum,</span> <span class='ocrx_word' id='word_1_161' title='bbox 954 2466 1039 2510; x_wconf 88' lang='lat' dir='ltr'>anno</span> <span class='ocrx_word' id='word_1_162' title='bbox 1064 2447 1184 2510; x_wconf 90' lang='lat' dir='ltr'>domini</span> <span class='ocrx_word' id='word_1_163' title='bbox 1206 2447 1460 2512; x_wconf 81' lang='lat' dir='ltr'>MCCCXXXV.</span> 
     </span>
    </p>
   </div>
   <div class='ocr_carea' id='block_1_4' title="bbox 952 2742 1042 2824">
    <p class='ocr_par' dir='ltr' id='par_1_4' title="bbox 952 2742 1042 2824">
     <span class='ocr_line' id='line_1_19' title="bbox 952 2742 1042 2824; baseline 0.011 -1"><span class='ocrx_word' id='word_1_164' title='bbox 952 2742 1042 2824; x_wconf 77' lang='lat'><strong>519.</strong></span> 
     </span>
    </p>
   </div>
   <div class='ocr_carea' id='block_1_5' title="bbox 227 2902 1697 3219">
    <p class='ocr_par' dir='ltr' id='par_1_5' title="bbox 227 2902 1697 3219">
     <span class='ocr_line' id='line_1_20' title="bbox 383 2902 1695 2996; baseline 0.002 -22"><span class='ocrx_word' id='word_1_165' title='bbox 383 2902 708 2995; x_wconf 76' lang='lat' dir='ltr'>Wiaseprod1336</span> <span class='ocrx_word' id='word_1_166' title='bbox 733 2905 893 2978; x_wconf 82' lang='lat' dir='ltr'>Febraor</span> <span class='ocrx_word' id='word_1_167' title='bbox 910 2909 971 2976; x_wconf 85' lang='grc'>18.</span> <span class='ocrx_word' id='word_1_168' title='bbox 1000 2905 1117 2995; x_wconf 75' lang='lat' dir='ltr'>Kdnip</span> <span class='ocrx_word' id='word_1_169' title='bbox 1135 2904 1229 2976; x_wconf 83' lang='lat' dir='ltr'>Korl</span> <span class='ocrx_word' id='word_1_170' title='bbox 1255 2904 1454 2996; x_wconf 70' lang='lat' dir='ltr'>bmaftroyt</span> <span class='ocrx_word' id='word_1_171' title='bbox 1480 2904 1545 2976; x_wconf 82' lang='lat' dir='ltr'>das</span> <span class='ocrx_word' id='word_1_172' title='bbox 1571 2903 1695 2976; x_wconf 58' lang='lat' dir='ltr'>(drosa-</span> 
     </span>
     <span class='ocr_line' id='line_1_21' title="bbox 227 3024 1697 3117; baseline 0.002 -22"><span class='ocrx_word' id='word_1_173' title='bbox 227 3042 262 3095; x_wconf 83' lang='lat'>20</span> <span class='ocrx_word' id='word_1_174' title='bbox 295 3024 488 3097; x_wconf 79' lang='lat' dir='ltr'>werdciuer</span> <span class='ocrx_word' id='word_1_175' title='bbox 506 3026 659 3116; x_wconf 76' lang='lat' dir='ltr'>Kopitel,</span> <span class='ocrx_word' id='word_1_176' title='bbox 688 3026 740 3097; x_wconf 83' lang='lat' dir='ltr'>hei</span> <span class='ocrx_word' id='word_1_177' title='bbox 756 3026 988 3116; x_wconf 73' lang='lat' dir='ltr'>Ih&#39;nfiihruay</span> <span class='ocrx_word' id='word_1_178' title='bbox 1006 3026 1064 3098; x_wconf 80' lang='lat' dir='ltr'>des</span> <span class='ocrx_word' id='word_1_179' title='bbox 1089 3024 1370 3116; x_wconf 75' lang='lat' dir='ltr'>Weisacabauyer</span> <span class='ocrx_word' id='word_1_180' title='bbox 1387 3024 1548 3117; x_wconf 76' lang='lat' dir='ltr'>Kopilch</span> <span class='ocrx_word' id='word_1_181' title='bbox 1569 3027 1607 3097; x_wconf 83' lang='lat' dir='ltr'>in</span> <span class='ocrx_word' id='word_1_182' title='bbox 1630 3026 1697 3098; x_wconf 77' lang='lat' dir='ltr'>dea</span> 
     </span>
     <span class='ocr_line' id='line_1_22' title="bbox 296 3144 935 3219; baseline 0.006 -5"><span class='ocrx_word' id='word_1_183' title='bbox 296 3144 415 3217; x_wconf 75' lang='lat' dir='ltr'>Bcsita</span> <span class='ocrx_word' id='word_1_184' title='bbox 439 3170 504 3218; x_wconf 86' lang='lat' dir='ltr'>oon</span> <span class='ocrx_word' id='word_1_185' title='bbox 532 3144 665 3218; x_wconf 83' lang='lat' dir='ltr'>Schlatt</span> <span class='ocrx_word' id='word_1_186' title='bbox 691 3148 935 3219; x_wconf 79' lang='lat' dir='ltr'>mitauwirkca.</span> 
     </span>
    </p>
   </div>
   <div class='ocr_carea' id='block_1_6' title="bbox 398 3292 1697 3449">
    <p class='ocr_par' dir='ltr' id='par_1_6' title="bbox 398 3292 1697 3449">
     <span class='ocr_line' id='line_1_23' title="bbox 451 3292 1697 3363; baseline 0.002 -18"><span class='ocrx_word' id='word_1_187' title='bbox 451 3293 654 3362; x_wconf 75' lang='lat' dir='ltr'>Eiapeacboltct</span> <span class='ocrx_word' id='word_1_188' title='bbox 684 3310 736 3347; x_wconf 85' lang='lat' dir='ltr'>oon</span> <span class='ocrx_word' id='word_1_189' title='bbox 764 3294 823 3347; x_wconf 81' lang='lat' dir='ltr'>dem</span> <span class='ocrx_word' id='word_1_190' title='bbox 853 3293 1095 3347; x_wconf 75' lang='lat' dir='ltr'>Grosmoardeincr</span> <span class='ocrx_word' id='word_1_191' title='bbox 1121 3292 1237 3361; x_wconf 78' lang='lat' dir='ltr'>Kopitel</span> <span class='ocrx_word' id='word_1_192' title='bbox 1268 3296 1350 3359; x_wconf 81' lang='lat'>1336,</span> <span class='ocrx_word' id='word_1_193' title='bbox 1382 3293 1459 3363; x_wconf 61' lang='grc' dir='ltr'>θήρ.</span> <span class='ocrx_word' id='word_1_194' title='bbox 1487 3292 1697 3362; x_wconf 71' lang='lat' dir='ltr'>Kapitelordrio</span> 
     </span>
     <span class='ocr_line' id='line_1_24' title="bbox 398 3379 566 3449; baseline 0.006 -17"><span class='ocrx_word' id='word_1_195' title='bbox 398 3379 566 3449; x_wconf 75' lang='lat' dir='ltr'>Karlaburp.</span> 
     </span>
    </p>
   </div>
   <div class='ocr_carea' id='block_1_7' title="bbox 451 3482 1695 3553">
    <p class='ocr_par' dir='ltr' id='par_1_7' title="bbox 451 3482 1695 3553">
     <span class='ocr_line' id='line_1_25' title="bbox 451 3482 1695 3553; baseline -0.001 -15"><span class='ocrx_word' id='word_1_196' title='bbox 451 3483 561 3553; x_wconf 76' lang='lat' dir='ltr'>Repest:</span> <span class='ocrx_word' id='word_1_197' title='bbox 574 3483 704 3537; x_wconf 74' lang='lat' dir='ltr'>Saeredoi</span> <span class='ocrx_word' id='word_1_198' title='bbox 714 3483 824 3537; x_wconf 82' lang='lat' dir='ltr'>Nolitia</span> <span class='ocrx_word' id='word_1_199' title='bbox 833 3488 876 3537; x_wconf 85' lang='lat'>36.</span> <span class='ocrx_word' id='word_1_200' title='bbox 897 3484 983 3550; x_wconf 78' lang='lat' dir='ltr'>Fejdr</span> <span class='ocrx_word' id='word_1_201' title='bbox 995 3483 1084 3538; x_wconf 75' lang='lat' dir='ltr'>Codex</span> <span class='ocrx_word' id='word_1_202' title='bbox 1099 3482 1187 3550; x_wconf 86' lang='lat' dir='ltr'><strong><em>VIII,</em></strong></span> <span class='ocrx_word' id='word_1_203' title='bbox 1199 3487 1225 3550; x_wconf 75' lang='lat'>4,</span> <span class='ocrx_word' id='word_1_204' title='bbox 1242 3487 1300 3537; x_wconf 85' lang='lat'><strong><em>162.</em></strong></span> <span class='ocrx_word' id='word_1_205' title='bbox 1320 3482 1540 3537; x_wconf 72' lang='lat' dir='ltr'>Tdrttaelmitdr</span> <span class='ocrx_word' id='word_1_206' title='bbox 1549 3487 1626 3551; x_wconf 80' lang='lat'>1889,</span> <span class='ocrx_word' id='word_1_207' title='bbox 1635 3487 1695 3539; x_wconf 75' lang='lat'><strong><em>567.</em></strong></span> 
     </span>
    </p>
   </div>
   <div class='ocr_carea' id='block_1_8' title="bbox 225 3641 1697 5176">
    <p class='ocr_par' dir='ltr' id='par_1_8' title="bbox 226 3641 1697 4139">
     <span class='ocr_line' id='line_1_26' title="bbox 226 3641 1695 3725; baseline 0.003 -23"><span class='ocrx_word' id='word_1_208' title='bbox 226 3652 259 3703; x_wconf 72' lang='lat' dir='ltr'>‘le</span> <span class='ocrx_word' id='word_1_209' title='bbox 451 3641 590 3705; x_wconf 82' lang='lat' dir='ltr'>Karalus</span> <span class='ocrx_word' id='word_1_210' title='bbox 621 3643 671 3705; x_wconf 92' lang='lat' dir='ltr'>dei</span> <span class='ocrx_word' id='word_1_211' title='bbox 694 3643 795 3724; x_wconf 89' lang='lat' dir='ltr'>gratia</span> <span class='ocrx_word' id='word_1_212' title='bbox 816 3662 875 3705; x_wconf 87' lang='lat' dir='ltr'>rex</span> <span class='ocrx_word' id='word_1_213' title='bbox 899 3642 1091 3724; x_wconf 84' lang='lat' dir='ltr'>Hungariae</span> <span class='ocrx_word' id='word_1_214' title='bbox 1113 3641 1262 3705; x_wconf 85' lang='lat' dir='ltr'>fidelihus</span> <span class='ocrx_word' id='word_1_215' title='bbox 1293 3641 1360 3705; x_wconf 88' lang='lat' dir='ltr'>suis</span> <span class='ocrx_word' id='word_1_216' title='bbox 1382 3642 1521 3725; x_wconf 90' lang='lat' dir='ltr'>capitulo</span> <span class='ocrx_word' id='word_1_217' title='bbox 1544 3642 1695 3706; x_wconf 86' lang='lat' dir='ltr'>ecclesiae</span> 
     </span>
     <span class='ocr_line' id='line_1_27' title="bbox 295 3744 1697 3829; baseline 0.002 -23"><span class='ocrx_word' id='word_1_218' title='bbox 295 3744 523 3825; x_wconf 81' lang='lat' dir='ltr'>Waradycnsis</span> <span class='ocrx_word' id='word_1_219' title='bbox 538 3746 671 3808; x_wconf 88' lang='lat' dir='ltr'>salutem</span> <span class='ocrx_word' id='word_1_220' title='bbox 696 3751 727 3808; x_wconf 92' lang='lat' dir='ltr'>ot</span> <span class='ocrx_word' id='word_1_221' title='bbox 743 3745 883 3827; x_wconf 88' lang='lat' dir='ltr'>gratiam.</span> <span class='ocrx_word' id='word_1_222' title='bbox 906 3745 1067 3808; x_wconf 84' lang='lat' dir='ltr'>Noveritis</span> <span class='ocrx_word' id='word_1_223' title='bbox 1091 3745 1177 3826; x_wconf 93' lang='lat' dir='ltr'>quod</span> <span class='ocrx_word' id='word_1_224' title='bbox 1200 3745 1391 3809; x_wconf 83' lang='lat' dir='ltr'>venerabilis</span> <span class='ocrx_word' id='word_1_225' title='bbox 1413 3745 1445 3807; x_wconf 94' lang='lat' dir='ltr'>in</span> <span class='ocrx_word' id='word_1_226' title='bbox 1463 3744 1587 3808; x_wconf 82' lang='lat' dir='ltr'>Christo</span> <span class='ocrx_word' id='word_1_227' title='bbox 1605 3751 1697 3829; x_wconf 88' lang='lat' dir='ltr'>pater</span> 
     </span>
     <span class='ocr_line' id='line_1_28' title="bbox 295 3847 1696 3932; baseline 0.002 -22"><span class='ocrx_word' id='word_1_228' title='bbox 295 3848 444 3911; x_wconf 90' lang='lat' dir='ltr'>dominns</span> <span class='ocrx_word' id='word_1_229' title='bbox 466 3849 612 3912; x_wconf 84' lang='lat' dir='ltr'>Andreas</span> <span class='ocrx_word' id='word_1_230' title='bbox 641 3848 750 3912; x_wconf 88' lang='lat' dir='ltr'>eadem</span> <span class='ocrx_word' id='word_1_231' title='bbox 782 3850 882 3931; x_wconf 90' lang='lat' dir='ltr'>gratia</span> <span class='ocrx_word' id='word_1_232' title='bbox 912 3849 1080 3932; x_wconf 86' lang='lat' dir='ltr'>episcopus</span> <span class='ocrx_word' id='word_1_233' title='bbox 1101 3849 1347 3912; x_wconf 78' lang='lat' dir='ltr'>Transsiluanus</span> <span class='ocrx_word' id='word_1_234' title='bbox 1377 3847 1512 3912; x_wconf 87' lang='lat' dir='ltr'>dilectus</span> <span class='ocrx_word' id='word_1_235' title='bbox 1541 3848 1634 3913; x_wconf 91' lang='lat' dir='ltr'>nobis</span> <span class='ocrx_word' id='word_1_236' title='bbox 1663 3854 1696 3913; x_wconf 90' lang='lat' dir='ltr'>et</span> 
     </span>
     <span class='ocr_line' id='line_1_29' title="bbox 294 3949 1695 4036; baseline 0.001 -22"><span class='ocrx_word' id='word_1_237' title='bbox 294 3950 396 4015; x_wconf 87' lang='lat' dir='ltr'>fidelis</span> <span class='ocrx_word' id='word_1_238' title='bbox 420 3952 458 4014; x_wconf 91' lang='lat' dir='ltr'>ad</span> <span class='ocrx_word' id='word_1_239' title='bbox 482 3953 691 4035; x_wconf 84' lang='lat' dir='ltr'>praesentiam</span> <span class='ocrx_word' id='word_1_240' title='bbox 717 3958 842 4015; x_wconf 87' lang='lat' dir='ltr'>nostrae</span> <span class='ocrx_word' id='word_1_241' title='bbox 866 3953 1045 4016; x_wconf 86' lang='lat' dir='ltr'>screnitatis</span> <span class='ocrx_word' id='word_1_242' title='bbox 1075 3953 1253 4016; x_wconf 90' lang='lat' dir='ltr'>accedendo</span> <span class='ocrx_word' id='word_1_243' title='bbox 1276 3949 1362 4036; x_wconf 76' lang='lat' dir='ltr'>sulh]</span> <span class='ocrx_word' id='word_1_244' title='bbox 1387 3952 1559 4033; x_wconf 83' lang='lat' dir='ltr'>quemlosa</span> <span class='ocrx_word' id='word_1_245' title='bbox 1580 3972 1695 4036; x_wconf 88' lang='lat' dir='ltr'>propo-</span> 
     </span>
     <span class='ocr_line' id='line_1_30' title="bbox 294 4054 1695 4139; baseline 0.001 -21"><span class='ocrx_word' id='word_1_246' title='bbox 294 4055 408 4118; x_wconf 89' lang='lat' dir='ltr'>sitione</span> <span class='ocrx_word' id='word_1_247' title='bbox 431 4056 500 4118; x_wconf 83' lang='lat' dir='ltr'>rice</span> <span class='ocrx_word' id='word_1_248' title='bbox 524 4062 556 4118; x_wconf 90' lang='lat' dir='ltr'>et</span> <span class='ocrx_word' id='word_1_249' title='bbox 579 4056 707 4119; x_wconf 88' lang='lat' dir='ltr'>nomine</span> <span class='ocrx_word' id='word_1_250' title='bbox 730 4056 859 4138; x_wconf 88' lang='lat' dir='ltr'>capituli</span> <span class='ocrx_word' id='word_1_251' title='bbox 883 4056 1034 4119; x_wconf 87' lang='lat' dir='ltr'>ecclesiae</span> <span class='ocrx_word' id='word_1_252' title='bbox 1057 4075 1133 4119; x_wconf 89' lang='lat' dir='ltr'>suae</span> <span class='ocrx_word' id='word_1_253' title='bbox 1165 4064 1305 4119; x_wconf 90' lang='lat' dir='ltr'>nostram</span> <span class='ocrx_word' id='word_1_254' title='bbox 1329 4056 1447 4119; x_wconf 83' lang='lat' dir='ltr'>exinde</span> <span class='ocrx_word' id='word_1_255' title='bbox 1469 4054 1616 4139; x_wconf 86' lang='lat' dir='ltr'>flagitans</span> <span class='ocrx_word' id='word_1_256' title='bbox 1638 4075 1695 4120; x_wconf 88' lang='lat' dir='ltr'>ex·</span> 
     </span>
    </p>

    <p class='ocr_par' dir='ltr' id='par_1_9' title="bbox 226 4158 1695 4657">
     <span class='ocr_line' id='line_1_31' title="bbox 226 4158 1693 4243; baseline -0.001 -19"><span class='ocrx_word' id='word_1_257' title='bbox 226 4171 260 4224; x_wconf 79' lang='lat'>30</span> <span class='ocrx_word' id='word_1_258' title='bbox 295 4158 475 4223; x_wconf 81' lang='lat' dir='ltr'>cellantiam</span> <span class='ocrx_word' id='word_1_259' title='bbox 498 4158 683 4221; x_wconf 90' lang='lat' dir='ltr'>sublimitati</span> <span class='ocrx_word' id='word_1_260' title='bbox 716 4166 841 4222; x_wconf 89' lang='lat' dir='ltr'>nostrae</span> <span class='ocrx_word' id='word_1_261' title='bbox 877 4159 1038 4222; x_wconf 90' lang='lat' dir='ltr'>humiliter</span> <span class='ocrx_word' id='word_1_262' title='bbox 1060 4165 1092 4222; x_wconf 93' lang='lat' dir='ltr'>et</span> <span class='ocrx_word' id='word_1_263' title='bbox 1114 4160 1228 4223; x_wconf 88' lang='lat' dir='ltr'>devote</span> <span class='ocrx_word' id='word_1_264' title='bbox 1251 4159 1429 4243; x_wconf 87' lang='lat' dir='ltr'>significare</span> <span class='ocrx_word' id='word_1_265' title='bbox 1451 4158 1584 4239; x_wconf 79' lang='lat' dir='ltr'>curavit,</span> <span class='ocrx_word' id='word_1_266' title='bbox 1608 4160 1693 4240; x_wconf 90' lang='lat' dir='ltr'>quod</span> 
     </span>
     <span class='ocr_line' id='line_1_32' title="bbox 296 4261 1695 4347; baseline 0.001 -22"><span class='ocrx_word' id='word_1_267' title='bbox 296 4263 426 4343; x_wconf 88' lang='lat' dir='ltr'>quidam</span> <span class='ocrx_word' id='word_1_268' title='bbox 450 4263 551 4346; x_wconf 89' lang='lat' dir='ltr'>ipsius</span> <span class='ocrx_word' id='word_1_269' title='bbox 566 4262 717 4326; x_wconf 90' lang='lat' dir='ltr'>ecclesiae</span> <span class='ocrx_word' id='word_1_270' title='bbox 737 4282 813 4325; x_wconf 90' lang='lat' dir='ltr'>suae</span> <span class='ocrx_word' id='word_1_271' title='bbox 829 4263 944 4326; x_wconf 89' lang='lat' dir='ltr'>aemuli</span> <span class='ocrx_word' id='word_1_272' title='bbox 962 4264 1122 4344; x_wconf 89' lang='lat' dir='ltr'>quandam</span> <span class='ocrx_word' id='word_1_273' title='bbox 1138 4265 1368 4347; x_wconf 87' lang='lat' dir='ltr'>possessionem</span> <span class='ocrx_word' id='word_1_274' title='bbox 1385 4262 1528 4327; x_wconf 88' lang='lat' dir='ltr'>eiusdem</span> <span class='ocrx_word' id='word_1_275' title='bbox 1544 4261 1695 4327; x_wconf 89' lang='lat' dir='ltr'>ecclesiae</span> 
     </span>
     <span class='ocr_line' id='line_1_33' title="bbox 295 4364 1695 4449; baseline 0.001 -22"><span class='ocrx_word' id='word_1_276' title='bbox 295 4366 442 4430; x_wconf 76' lang='lat' dir='ltr'>videlicet</span> <span class='ocrx_word' id='word_1_277' title='bbox 463 4365 503 4429; x_wconf 89' lang='lat' dir='ltr'>ad</span> <span class='ocrx_word' id='word_1_278' title='bbox 519 4366 692 4449; x_wconf 90' lang='lat' dir='ltr'>capitulum</span> <span class='ocrx_word' id='word_1_279' title='bbox 709 4368 919 4449; x_wconf 85' lang='lat' dir='ltr'>pertinentem</span> <span class='ocrx_word' id='word_1_280' title='bbox 932 4368 952 4443; x_wconf 83' lang='lat'>³)</span> <span class='ocrx_word' id='word_1_281' title='bbox 969 4367 1121 4430; x_wconf 87' lang='lat' dir='ltr'>Zelathna</span> <span class='ocrx_word' id='word_1_282' title='bbox 1143 4368 1338 4430; x_wconf 89' lang='lat' dir='ltr'>nominatam</span> <span class='ocrx_word' id='word_1_283' title='bbox 1360 4367 1394 4428; x_wconf 91' lang='lat' dir='ltr'>in</span> <span class='ocrx_word' id='word_1_284' title='bbox 1410 4364 1514 4429; x_wconf 91' lang='lat' dir='ltr'>medio</span> <span class='ocrx_word' id='word_1_285' title='bbox 1529 4364 1695 4429; x_wconf 58' lang='lat' dir='ltr'>&amp;sonum</span> 
     </span>
     <span class='ocr_line' id='line_1_34' title="bbox 294 4469 1695 4554; baseline 0.001 -22"><span class='ocrx_word' id='word_1_286' title='bbox 294 4469 556 4551; x_wconf 82' lang='lat' dir='ltr'>Chihinyensium</span> <span class='ocrx_word' id='word_1_287' title='bbox 570 4471 764 4534; x_wconf 90' lang='lat' dir='ltr'>adiacentem</span> <span class='ocrx_word' id='word_1_288' title='bbox 779 4472 810 4532; x_wconf 92' lang='lat' dir='ltr'>in</span> <span class='ocrx_word' id='word_1_289' title='bbox 823 4471 1053 4554; x_wconf 88' lang='lat' dir='ltr'>praeiudicium</span> <span class='ocrx_word' id='word_1_290' title='bbox 1065 4472 1144 4534; x_wconf 90' lang='lat' dir='ltr'>iuris</span> <span class='ocrx_word' id='word_1_291' title='bbox 1159 4471 1309 4534; x_wconf 86' lang='lat' dir='ltr'>ecclesiae</span> <span class='ocrx_word' id='word_1_292' title='bbox 1324 4470 1503 4554; x_wconf 87' lang='lat' dir='ltr'>praedictae</span> <span class='ocrx_word' id='word_1_293' title='bbox 1516 4469 1695 4533; x_wconf 88' lang='lat' dir='ltr'>detinerent</span> 
     </span>
     <span class='ocr_line' id='line_1_35' title="bbox 294 4572 1693 4657; baseline 0.001 -22"><span class='ocrx_word' id='word_1_294' title='bbox 294 4581 488 4656; x_wconf 82' lang='lat' dir='ltr'>occupatam,</span> <span class='ocrx_word' id='word_1_295' title='bbox 512 4580 549 4637; x_wconf 94' lang='lat' dir='ltr'>ut</span> <span class='ocrx_word' id='word_1_296' title='bbox 572 4574 839 4656; x_wconf 89' lang='lat' dir='ltr'>quemadmodum</span> <span class='ocrx_word' id='word_1_297' title='bbox 867 4574 1054 4657; x_wconf 85' lang='lat' dir='ltr'>magnificus</span> <span class='ocrx_word' id='word_1_298' title='bbox 1076 4576 1126 4637; x_wconf 82' lang='lat' dir='ltr'>vir</span> <span class='ocrx_word' id='word_1_299' title='bbox 1140 4575 1275 4638; x_wconf 77' lang='lat' dir='ltr'>Thomas</span> <span class='ocrx_word' id='word_1_300' title='bbox 1298 4572 1693 4637; x_wconf 81' lang='lat' dir='ltr'>vaivodaTranssiluanus</span> 
     </span>
    </p>

    <p class='ocr_par' dir='ltr' id='par_1_10' title="bbox 225 4675 1694 5176">
     <span class='ocr_line' id='line_1_36' title="bbox 225 4675 1693 4761; baseline -0.001 -20"><span class='ocrx_word' id='word_1_301' title='bbox 225 4691 259 4741; x_wconf 67' lang='lat'>313</span> <span class='ocrx_word' id='word_1_302' title='bbox 295 4684 327 4738; x_wconf 92' lang='lat' dir='ltr'>ct</span> <span class='ocrx_word' id='word_1_303' title='bbox 349 4695 455 4738; x_wconf 86' lang='lat' dir='ltr'>comes</span> <span class='ocrx_word' id='word_1_304' title='bbox 478 4677 517 4740; x_wconf 89' lang='lat' dir='ltr'>de</span> <span class='ocrx_word' id='word_1_305' title='bbox 533 4677 645 4740; x_wconf 84' lang='lat' dir='ltr'>Zonuh</span> <span class='ocrx_word' id='word_1_306' title='bbox 667 4676 769 4741; x_wconf 87' lang='lat' dir='ltr'>fidelis</span> <span class='ocrx_word' id='word_1_307' title='bbox 784 4679 952 4761; x_wconf 88' lang='lat' dir='ltr'>proximus</span> <span class='ocrx_word' id='word_1_308' title='bbox 968 4684 1076 4742; x_wconf 90' lang='lat' dir='ltr'>noster</span> <span class='ocrx_word' id='word_1_309' title='bbox 1099 4678 1142 4741; x_wconf 93' lang='lat' dir='ltr'>ihi</span> <span class='ocrx_word' id='word_1_310' title='bbox 1164 4678 1195 4741; x_wconf 94' lang='lat' dir='ltr'>in</span> <span class='ocrx_word' id='word_1_311' title='bbox 1212 4677 1341 4741; x_wconf 88' lang='lat' dir='ltr'>instanti</span> <span class='ocrx_word' id='word_1_312' title='bbox 1359 4675 1537 4759; x_wconf 86' lang='lat' dir='ltr'>affirmavit,</span> <span class='ocrx_word' id='word_1_313' title='bbox 1560 4676 1693 4741; x_wconf 89' lang='lat' dir='ltr'>eandem</span> 
     </span>
     <span class='ocr_line' id='line_1_37' title="bbox 296 4778 1694 4864; baseline 0.002 -23"><span class='ocrx_word' id='word_1_314' title='bbox 296 4781 526 4863; x_wconf 89' lang='lat' dir='ltr'>possessionem</span> <span class='ocrx_word' id='word_1_315' title='bbox 550 4782 588 4843; x_wconf 88' lang='lat' dir='ltr'>ad</span> <span class='ocrx_word' id='word_1_316' title='bbox 612 4781 744 4844; x_wconf 86' lang='lat' dir='ltr'>eandem</span> <span class='ocrx_word' id='word_1_317' title='bbox 769 4782 932 4845; x_wconf 87' lang='lat' dir='ltr'>ecclesiam</span> <span class='ocrx_word' id='word_1_318' title='bbox 957 4802 991 4844; x_wconf 90' lang='lat' dir='ltr'>se</span> <span class='ocrx_word' id='word_1_319' title='bbox 1007 4782 1167 4845; x_wconf 83' lang='lat' dir='ltr'>audivisse</span> <span class='ocrx_word' id='word_1_320' title='bbox 1183 4782 1342 4864; x_wconf 87' lang='lat' dir='ltr'>pertinere</span> <span class='ocrx_word' id='word_1_321' title='bbox 1364 4785 1397 4844; x_wconf 90' lang='lat' dir='ltr'>et</span> <span class='ocrx_word' id='word_1_322' title='bbox 1418 4778 1490 4855; x_wconf 76' lang='lat' dir='ltr'>ad‘)</span> <span class='ocrx_word' id='word_1_323' title='bbox 1513 4779 1694 4844; x_wconf 88' lang='lat' dir='ltr'>uberiorem</span> 
     </span>
     <span class='ocr_line' id='line_1_38' title="bbox 294 4883 1693 4968; baseline 0 -22"><span class='ocrx_word' id='word_1_324' title='bbox 294 4884 338 4947; x_wconf 87' lang='lat' dir='ltr'>rei</span> <span class='ocrx_word' id='word_1_325' title='bbox 363 4884 554 4948; x_wconf 86' lang='lat' dir='ltr'>evidentiam</span> <span class='ocrx_word' id='word_1_326' title='bbox 579 4884 775 4948; x_wconf 87' lang='lat' dir='ltr'>exhibitione</span> <span class='ocrx_word' id='word_1_327' title='bbox 805 4885 1043 4968; x_wconf 79' lang='lat' dir='ltr'>privilegiorum</span> <span class='ocrx_word' id='word_1_328' title='bbox 1067 4890 1249 4946; x_wconf 90' lang='lat' dir='ltr'>nostrornm</span> <span class='ocrx_word' id='word_1_329' title='bbox 1281 4883 1383 4967; x_wconf 90' lang='lat' dir='ltr'>sigillo</span> <span class='ocrx_word' id='word_1_330' title='bbox 1411 4889 1520 4947; x_wconf 88' lang='lat' dir='ltr'>nostro</span> <span class='ocrx_word' id='word_1_331' title='bbox 1543 4883 1693 4948; x_wconf 89' lang='lat' dir='ltr'>mediocri</span> 
     </span>
     <span class='ocr_line' id='line_1_39' title="bbox 293 4987 1694 5072; baseline 0.002 -23"><span class='ocrx_word' id='word_1_332' title='bbox 293 4988 326 5049; x_wconf 93' lang='lat' dir='ltr'>in</span> <span class='ocrx_word' id='word_1_333' title='bbox 349 4987 493 5070; x_wconf 90' lang='lat' dir='ltr'>partibus</span> <span class='ocrx_word' id='word_1_334' title='bbox 515 4988 730 5072; x_wconf 83' lang='lat' dir='ltr'>Transalpinis</span> <span class='ocrx_word' id='word_1_335' title='bbox 754 4989 916 5072; x_wconf 89' lang='lat' dir='ltr'>deperdito</span> <span class='ocrx_word' id='word_1_336' title='bbox 933 4988 1200 5070; x_wconf 88' lang='lat' dir='ltr'>consignatorum,</span> <span class='ocrx_word' id='word_1_337' title='bbox 1223 4987 1357 5051; x_wconf 88' lang='lat' dir='ltr'>eandem</span> <span class='ocrx_word' id='word_1_338' title='bbox 1378 4987 1611 5070; x_wconf 89' lang='lat' dir='ltr'>possessionem</span> <span class='ocrx_word' id='word_1_339' title='bbox 1625 4988 1694 5071; x_wconf 88' lang='lat' dir='ltr'>ipse</span> 
     </span>
     <span class='ocr_line' id='line_1_40' title="bbox 293 5089 1693 5176; baseline 0.001 -23"><span class='ocrx_word' id='word_1_340' title='bbox 293 5090 443 5154; x_wconf 92' lang='lat' dir='ltr'>dominus</span> <span class='ocrx_word' id='word_1_341' title='bbox 458 5092 626 5175; x_wconf 88' lang='lat' dir='ltr'>episcopus</span> <span class='ocrx_word' id='word_1_342' title='bbox 649 5093 688 5154; x_wconf 90' lang='lat' dir='ltr'>ad</span> <span class='ocrx_word' id='word_1_343' title='bbox 705 5092 755 5156; x_wconf 89' lang='lat' dir='ltr'>ius</span> <span class='ocrx_word' id='word_1_344' title='bbox 774 5097 806 5156; x_wconf 90' lang='lat' dir='ltr'>et</span> <span class='ocrx_word' id='word_1_345' title='bbox 820 5092 1045 5176; x_wconf 88' lang='lat' dir='ltr'>proprietatem</span> <span class='ocrx_word' id='word_1_346' title='bbox 1060 5090 1190 5173; x_wconf 90' lang='lat' dir='ltr'>capituli</span> <span class='ocrx_word' id='word_1_347' title='bbox 1207 5094 1398 5154; x_wconf 89' lang='lat' dir='ltr'>memoratae</span> <span class='ocrx_word' id='word_1_348' title='bbox 1413 5089 1565 5154; x_wconf 87' lang='lat' dir='ltr'>eeclesiae</span> <span class='ocrx_word' id='word_1_349' title='bbox 1578 5090 1693 5155; x_wconf 76' lang='lat' dir='ltr'>Isana·</span> 
     </span>
    </p>
   </div>
   <div class='ocr_carea' id='block_1_9' title="bbox 223 5244 1332 5575">
    <p class='ocr_par' dir='ltr' id='par_1_11' title="bbox 223 5244 1332 5575">
     <span class='ocr_line' id='line_1_41' title="bbox 223 5244 846 5314; baseline 0.002 -17"><span class='ocrx_word' id='word_1_350' title='bbox 223 5244 258 5297; x_wconf 75' lang='lat'>40</span> <span class='ocrx_word' id='word_1_351' title='bbox 451 5246 471 5309; x_wconf 93' lang='lat'>¹)</span> <span class='ocrx_word' id='word_1_352' title='bbox 494 5244 627 5314; x_wconf 76' lang='lat' dir='ltr'>Vorlape:</span> <span class='ocrx_word' id='word_1_353' title='bbox 645 5245 846 5314; x_wconf 87' lang='lat' dir='ltr'>possessionem.</span> 
     </span>
     <span class='ocr_line' id='line_1_42' title="bbox 447 5330 955 5401; baseline -0.004 -16"><span class='ocrx_word' id='word_1_354' title='bbox 447 5332 470 5397; x_wconf 88' lang='lat'>¹)</span> <span class='ocrx_word' id='word_1_355' title='bbox 494 5331 626 5401; x_wconf 72' lang='lat' dir='ltr'>Vorlage:</span> <span class='ocrx_word' id='word_1_356' title='bbox 644 5330 810 5401; x_wconf 83' lang='lat' dir='ltr'>privilegium</span> <span class='ocrx_word' id='word_1_357' title='bbox 829 5334 955 5384; x_wconf 90' lang='lat' dir='ltr'>nostrum.</span> 
     </span>
     <span class='ocr_line' id='line_1_43' title="bbox 448 5414 1332 5488; baseline 0 -17"><span class='ocrx_word' id='word_1_358' title='bbox 448 5422 469 5483; x_wconf 81' lang='lat'>⁸)</span> <span class='ocrx_word' id='word_1_359' title='bbox 489 5418 614 5485; x_wconf 74' lang='lat' dir='ltr'>Hieras)</span> <span class='ocrx_word' id='word_1_360' title='bbox 631 5418 868 5488; x_wconf 71' lang='lat' dir='ltr'>durcbyestricbcn</span> <span class='ocrx_word' id='word_1_361' title='bbox 884 5418 944 5472; x_wconf 81' lang='lat' dir='ltr'>aad</span> <span class='ocrx_word' id='word_1_362' title='bbox 961 5416 1181 5485; x_wconf 65' lang='lat' dir='ltr'>uatcmunktirt:</span> <span class='ocrx_word' id='word_1_363' title='bbox 1199 5414 1332 5471; x_wconf 76' lang='lat' dir='ltr'>Zalathna</span> 
     </span>
     <span class='ocr_line' id='line_1_44' title="bbox 449 5504 960 5575; baseline -0.002 -17"><span class='ocrx_word' id='word_1_364' title='bbox 449 5507 470 5573; x_wconf 89' lang='lat'>⁴)</span> <span class='ocrx_word' id='word_1_365' title='bbox 490 5504 619 5573; x_wconf 71' lang='lat' dir='ltr'>Hierasos</span> <span class='ocrx_word' id='word_1_366' title='bbox 631 5505 884 5575; x_wconf 64' lang='lat' dir='ltr'>sarmasiacum.-</span> <span class='ocrx_word' id='word_1_367' title='bbox 902 5504 960 5558; x_wconf 84' lang='lat' dir='ltr'>vab.</span> 
     </span>
    </p>
   </div>
   <div class='ocr_carea' id='block_1_10' title="bbox 0 0 2046 6295">
    <p class='ocr_par' dir='ltr' id='par_1_12' title="bbox 0 0 2046 6295">
     <span class='ocr_line' id='line_1_45' title="bbox 0 0 2046 6295; baseline 0 0"><span class='ocrx_word' id='word_1_368' title='bbox 0 0 2046 6295; x_wconf 95' lang='lat' dir='ltr'> </span> 
     </span>
    </p>
   </div>
  </div>
 </body>
</html>
