4048 6284
966 632 1122 727 Α*

346 827 379 885 et
407 820 542 885 salutem
575 820 736 903 propriam
770 822 1011 885 contemnendo.
1067 821 1108 884 Et
1138 824 1245 882 tamen
1280 819 1357 900 quia
1390 838 1449 882 nec
1482 837 1655 901 possumus
1689 836 1748 881 nec

347 924 500 989 debemus
522 924 653 1007 indigna
683 924 859 987 eorundem
888 925 1023 988 fratrum
1052 923 1251 988 dissimulare
1281 924 1473 1005 gravamina,
1498 942 1579 1004 quos
1602 928 1749 986 tenemur

347 1028 516 1093 defendere
539 1047 576 1091 ac
598 1028 717 1110 lovere,
747 1033 816 1091 tum
843 1047 921 1091 suae
950 1028 1112 1111 religionis
1143 1027 1286 1107 obtentu,
1309 1034 1377 1090 tum
1400 1033 1547 1110 respectu
1570 1025 1748 1109 specialiter

349 1138 450 1197 terrae
473 1138 609 1213 sanctae,
634 1132 726 1195 cuius
750 1150 784 1195 se
801 1130 954 1213 obsequio
971 1132 1111 1196 totaliter
1125 1133 1335 1212 devoverunt,
1350 1130 1452 1193 adhuc
1471 1150 1528 1214 pro
1545 1129 1591 1193 eis
1606 1129 1750 1212 cogimur

293 1245 311 1296 5
347 1254 457 1319 preces
486 1233 636 1318 precibus
666 1241 697 1298 et
726 1235 964 1300 exhortationes
997 1234 1273 1299 exhortationibus
1303 1233 1483 1317 cumulare,
1514 1253 1571 1316 pro
1606 1232 1749 1315 ipsorum

348 1340 454 1422 quiete
480 1358 517 1401 ac
539 1343 595 1402 tua
617 1337 720 1402 salute
749 1337 957 1402 nihilominus
987 1343 1174 1420 satagentes.
1219 1330 1381 1420 Rogamus
1415 1338 1512 1421 igitur
1544 1338 1748 1401 serenitatem

348 1450 445 1525 tuam,
467 1462 635 1506 monemus
658 1449 690 1505 et
712 1441 917 1505 obsecramus
938 1442 972 1504 in
996 1442 1124 1505 domino
1146 1442 1227 1505 Jesu
1243 1440 1377 1522 Christo,
1402 1448 1561 1522 quatenus
1575 1441 1751 1524 prudenter

348 1546 502 1628 attendas,
533 1546 620 1627 quod
642 1546 817 1629 praefatam
839 1552 957 1610 terram
979 1564 1045 1609 non
1069 1545 1183 1610 dedisti
1205 1544 1396 1627 hominibus,
1419 1546 1516 1608 immo
1541 1545 1609 1625 deo,
1643 1564 1662 1606 a
1686 1563 1749 1625 quo

348 1650 445 1713 habes
467 1669 533 1712 non
556 1648 662 1712 solum
685 1656 741 1712 tua
763 1649 819 1712 sed
842 1650 938 1712 etiam
961 1655 1059 1713 temet
1074 1650 1188 1732 ipsum,
1203 1649 1318 1711 tratres
1341 1649 1427 1731 ipsos
1448 1649 1483 1711 in
1499 1667 1635 1731 regnum
1658 1652 1751 1711 tuum

276 1761 312 1816 10
349 1772 414 1816 non
437 1751 562 1816 differas
584 1770 745 1833 revocare,
774 1754 947 1817 restituens
976 1773 1012 1816 ac
1035 1753 1158 1816 restitui
1183 1752 1229 1815 eis
1251 1751 1371 1815 faciens
1393 1752 1516 1835 integre
1539 1752 1647 1815 omnia
1667 1750 1753 1814 bona

347 1876 407 1919 sua
428 1856 609 1937 dictamque
636 1860 754 1919 terram
777 1857 823 1920 cis
845 1856 974 1940 pacifice
997 1877 1034 1920 ac
1066 1856 1172 1937 quiete
1204 1855 1343 1918 dimittas
1380 1856 1558 1919 secundum
1579 1854 1696 1918 limites
1717 1855 1751 1916 in

347 1960 424 2043 ipsis
453 1959 518 2022 tuis
545 1958 720 2042 privilegiis
751 1960 941 2044 designatos,
964 1968 997 2024 et
1018 1961 1063 2024 ita
1085 1961 1130 2024 eis
1153 1959 1327 2023 safisfacias
1355 1959 1394 2023 de
1427 1960 1551 2023 damnis
1573 1964 1605 2023 et
1626 1958 1752 2022 iniuriis

347 2064 503 2147 irrogatis,
527 2063 613 2145 quod
637 2063 742 2142 deum,
766 2067 859 2129 cuius
882 2065 1035 2129 offensam
1057 2085 1099 2128 ex
1121 2065 1181 2128 hoc
1203 2063 1325 2144 absque
1348 2063 1445 2127 dubio
1460 2063 1633 2143 incurristi,
1657 2061 1753 2143 digna

350 2168 453 2252 possis
475 2168 691 2231 satisfactione
713 2167 839 2252 placare
862 2187 987 2250 nosque
1009 2167 1101 2233 aliter
1122 2174 1234 2232 contra
1256 2173 1288 2232 te
1309 2167 1481 2250 procedere
1505 2187 1570 2231 non
1592 2184 1752 2250 cogamur,

276 2281 312 2334 15
352 2274 408 2356 qui
433 2278 729 2354 quantumcumque
758 2279 833 2336 tuae
855 2272 978 2335 deterre
1008 2271 1195 2335 sublimitati
1217 2271 1363 2351 velimus,
1394 2271 1434 2335 ad
1464 2272 1614 2336 ultimum
1645 2274 1751 2333 tamen

348 2377 459 2441 deesse
482 2394 547 2438 non
569 2377 746 2458 poterimus
768 2377 803 2439 in
825 2396 884 2439 sua
905 2376 1027 2439 iustitia
1048 2375 1201 2439 tratribus
1223 2394 1318 2458 saepe
1341 2375 1442 2457 dictis,
1468 2394 1529 2438 nec
1551 2373 1751 2437 dammulare

349 2486 474 2545 tantum
496 2479 723 2543 detrimentum
746 2479 879 2543 subsidii
902 2485 1004 2543 terrae
1027 2485 1164 2561 sanctae,
1179 2494 1253 2542 cum
1270 2499 1335 2542 non
1350 2480 1392 2542 sit
1407 2478 1615 2543 deferendum
1630 2476 1751 2541 homiui

348 2590 461 2649 contra
481 2583 587 2665 deum,
616 2601 676 2647 nec
706 2583 764 2646 tibi
793 2583 853 2666 ipsi
875 2582 1033 2665 expediat
1064 2590 1101 2647 ut
1122 2583 1157 2645 in
1178 2583 1238 2646 hoc
1261 2583 1318 2646 tibi
1341 2582 1475 2646 articulo
1499 2582 1670 2662 deteratur,
1693 2579 1750 2644 sed

348 2688 455 2772 potius
484 2693 522 2751 ut
551 2686 590 2750 ab
619 2687 737 2750 iniuria
766 2686 949 2750 huiusmodi
978 2686 1196 2770 compescaris.
1240 2683 1360 2750 Datum
1382 2686 1489 2769 Reate,
1512 2686 1567 2749 VI.
1590 2684 1751 2750 Kalendas

274 2799 313 2853 20
349 2791 550 2874 Novembris,
573 2811 657 2855 anno
681 2790 812 2856 decimo.

1019 3119 1084 3202 52.

427 3302 541 3372 1225.
569 3301 689 3392 Kdar'p
716 3297 879 3372 Andreas
905 3299 961 3371 11.
990 3300 1114 3389 bcfrca't
1141 3300 1197 3372 die
1223 3297 1419 3371 Deutscden
1444 3301 1483 3370 in
1509 3299 1655 3372 Koroko
1680 3299 1755 3371 aad

353 3421 606 3515 Craprmdorpt
632 3445 697 3494 oon
723 3422 801 3494 dem
834 3419 1011 3495 Weinaoll.

481 3648 485 3657 q
507 3586 710 3656 &madaba
726 3602 780 3640 von
797 3586 858 3640 dem
875 3586 1099 3654 Weissenburpcr
1112 3584 1227 3653 Kapitel
1244 3585 1304 3637 und
1321 3584 1375 3638 dea
1386 3584 1548 3638 Konveaao
1563 3585 1611 3638 der
1622 3584 1752 3638 Domini-

274 3675 312 3729 25
452 3675 539 3728 kaner
557 3674 616 3727 aad
634 3672 804 3742 Augustincr
828 3689 864 3726 aa
887 3671 1088 3739 Wciaacoburp.
1115 3673 1295 3736 1296—1301,
1321 3669 1397 3738 Ore.
1421 3669 1525 3738 Unqar.
1544 3670 1752 3725 Landeaarcdin

452 3760 605 3829 Budapcat,
623 3788 658 3798 —
676 3759 743 3813 Das
762 3757 1003 3829 Regieranpsjabr
1021 3756 1106 3810 lactet
1123 3755 1237 3825 ricdtiy:
1255 3754 1363 3809 XXII.

504 3880 616 3935 eruce.-
635 3881 721 3947 rere
737 3876 827 3935 coma
844 3878 914 3945 Vll,
932 3882 957 3944 r,
978 3882 1017 3933 a.
1040 3878 1152 3931 reuoca
1167 3895 1194 3931 o.
1208 3876 1369 3931 raroaoer
1382 3876 1454 3931 sao.
1472 3877 1553 3932 erro.
1567 3878 1593 3945 1,
1607 3883 1666 3932 rae.
1685 3879 1752 3932 rrae

452 3967 609 4037 Marsyan
626 3969 653 4023 d.
671 3968 802 4053 Instituta
819 3967 841 4033 γ’.
860 3971 956 4021 datam.
977 3964 1070 4019 Gcscb.
1094 3958 1127 4031 V,
1144 3968 1204 4019 559.

505 4145 651 4208 Andreas
673 4144 724 4207 dei
747 4144 849 4227 gratia
869 4160 929 4205 rex
944 4141 1104 4224 Vngariae
1123 4140 1271 4203 omnibus
1293 4145 1477 4222 praesentes
1499 4139 1607 4204 literas
1629 4141 1753 4224 inspec-

276 4256 314 4311 30
351 4249 433 4311 turis
466 4246 603 4311 salutem
636 4249 670 4311 in
703 4267 780 4311 vero
817 4247 956 4312 salutari.
1000 4244 1200 4308 Auctoritas
1211 4243 1231 4320 ¹)
1266 4244 1351 4326 regia
1379 4241 1514 4307 firmiter
1541 4245 1753 4328 praecipimus

350 4350 519 4431 universis,
542 4351 628 4432 quod
651 4352 691 4415 de
714 4351 789 4414 vino
820 4351 996 4434 primorum
1025 4348 1186 4431 hospitum
1210 4352 1393 4410 nostrorum
1415 4345 1581 4412 Saxonum
1604 4348 1753 4413 videlicet

349 4452 390 4516 de
412 4452 538 4518 Karalro
568 4460 601 4519 et
629 4454 669 4518 de
698 4453 930 4538 Grapundcrph
958 4452 1080 4516 neoda
1106 4450 1320 4514 vendentibus
1351 4469 1411 4514 nec
1433 4450 1473 4516 de
1495 4452 1675 4517 ementibus
1696 4453 1752 4516 tri·

349 4558 464 4621 butum
491 4557 620 4641 aliquod
643 4558 760 4641 aliquis
782 4558 898 4621 audeat
919 4557 1060 4640 recipere
1082 4574 1141 4620 nec
1162 4574 1260 4639 super
1286 4560 1403 4618 terram
1425 4574 1485 4620 nec
1508 4575 1605 4639 super
1627 4575 1752 4638 aquam,

351 4662 503 4743 quoniam
525 4682 584 4726 nos
606 4663 684 4748 ipsis
705 4660 888 4725 huiusmodi
919 4657 1088 4741 trib[utum
1110 4660 1198 4742 regia
1222 4657 1427 4742 in]dulsimus
1448 4659 1645 4725 liberalitate.
1676 4659 1753 4736 Qui-

274 4776 312 4829 35
350 4783 490 4847 cumque
519 4784 595 4828 vero
626 4766 724 4831 vellet
753 4766 895 4849 accipere
924 4765 1004 4827 iram
1033 4770 1176 4827 nostram
1205 4763 1345 4844 graviter
1375 4764 1525 4827 incurret.
1570 4763 1615 4827 Ut
1646 4768 1752 4826 autem

349 4888 501 4953 praesens
520 4869 673 4951 scriptum
694 4867 823 4932 firmum
842 4888 878 4932 ac
897 4868 1010 4932 stabile
1029 4872 1213 4951 permaneat
1232 4871 1430 4949 praesentem
1450 4867 1597 4951 paginam
1617 4866 1751 4949 duplicis

350 4971 446 5055 sigim
468 4973 569 5035 nostri
587 4974 764 5037 munimine
778 4972 994 5036 concessimus
1009 4971 1198 5034 roboratam.
1229 4970 1348 5034 Datum
1367 4988 1451 5033 anno
1471 4970 1510 5033 ab
1533 4970 1753 5033 incarnatione

350 5077 472 5140 domini
490 5053 580 5140 lde
599 5055 712 5159 XXV,
734 5077 826 5161 regni
847 5076 949 5140 nostri
969 5094 1057 5138 anno
1080 5052 1205 5138 XXIII.

507 5251 529 5316 ¹)
551 5245 683 5330 Vorlaye:
700 5247 843 5311 actoritate.
