4106 6294
984 600 1138 694 jaa-

363 789 495 852 moriam
524 787 666 852 fidelium
696 789 899 852 servitiorum
929 789 1057 871 meritis,
1092 808 1174 871 quae
1204 790 1288 853 idem
1316 790 1466 872 magister
1488 788 1603 852 Petrus
1632 794 1696 851 tam
1728 788 1762 851 in

364 892 514 956 secundis
537 912 633 975 quam
657 892 928 956 adversisnostris
949 893 1151 976 processibus
1173 900 1282 957 nostro
1304 895 1422 976 iugiter
1443 893 1533 956 lateri
1553 892 1762 969 adhaerendo,

362 1016 456 1080 saepe
485 1002 518 1061 et
547 996 668 1078 ubique
698 996 843 1079 vigilanti
872 995 1033 1060 fidelitatis
1063 997 1169 1059 studio
1199 998 1293 1059 laude
1325 997 1420 1078 digno
1449 996 1572 1060 studuit
1602 996 1762 1077 eahibere,

362 1099 507 1164 volentes
528 1099 718 1163 fidelitatum
739 1100 841 1183 ipsius
857 1100 1019 1181 obsequiis
1041 1101 1128 1182 longi
1151 1102 1303 1183 temporis
1317 1100 1480 1163 laboribus
1502 1100 1594 1164 nobis
1610 1101 1762 1184 impensis

363 1210 395 1268 et
416 1204 538 1268 meritis
560 1204 707 1287 3001111110
729 1205 834 1287 regiae
863 1204 1129 1267 remunerationis
1152 1223 1319 1267 occurere
1341 1205 1501 1282 donativo,
1531 1204 1606 1268 licet
1629 1223 1649 1266 a
1670 1204 1762 1267 nobis
1797 1212 1814 1261 5

361 1306 456 1390 longe
478 1306 572 1390 plura
592 1312 762 1390 praetextu
790 1328 920 1371 suarum
942 1307 1130 1370 fidelitatum
1154 1313 1339 1388 mereretur,
1370 1308 1541 1390 praefatam
1565 1314 1682 1371 terram
1705 1307 1763 1371 So·

361 1411 469 1476 lumus
491 1431 565 1475 cum
587 1411 762 1475 attinentiis
784 1418 817 1475 et
838 1411 1028 1474 utilitatibus
1053 1412 1213 1475 universis
1236 1411 1345 1495 ipsius,
1369 1410 1428 1473 sub
1452 1412 1592 1493 antiquis
1615 1411 1707 1475 metis
1730 1420 1763 1475 et

362 1516 507 1580 terminis
527 1515 596 1600 ipso
620 1516 770 1599 magistro
785 1515 881 1579 Petro
905 1521 937 1578 et
958 1534 1016 1599 per
1038 1534 1112 1577 eum
1128 1517 1195 1578 suis
1210 1515 1381 1578 heredibus
1396 1514 1614 1596 heredumque
1630 1533 1761 1578 suorum

362 1619 600 1683 successoribus
623 1618 777 1697 dedimus,
801 1618 991 1681 donavimus
1007 1620 1075 1682 sine
1091 1619 1284 1702 praeiudicio
1301 1620 1379 1682 iuris
1402 1619 1497 1682 alieni
1512 1624 1544 1682 01
1566 1617 1761 1681 contulimus

360 1723 432 1786 iure
453 1729 608 1807 perpetuo
630 1722 863 1807 possidendam,
887 1723 1058 1786 tenendam
1081 1728 1114 1786 et
1131 1722 1317 1786 habendam.
1340 1723 1376 1786 In
1394 1723 1486 1785 cuius
1508 1722 1555 1784 rei
1577 1722 1761 1783 memoriam
1798 1727 1832 1780 10

361 1832 612 1910 perpetuamque
634 1825 815 1889 firmimtem
837 1832 1020 1909 praesentes
1039 1827 1255 1889 concessimus
1269 1827 1377 1890 literas
1393 1826 1528 1908 duphcis
1551 1825 1645 1907 sigilli
1660 1827 1761 1888 nostri

361 1930 538 1994 munimine
561 1930 732 1994 roboratas.
769 1929 888 1993 Datum
911 1949 968 2012 per
989 1949 1104 1993 manus
1127 1930 1254 1993 discreti
1282 1931 1341 1992 viri
1364 1931 1504 2013 magistri
1527 1930 1683 1993 lobannis
1704 1929 1761 1992 Al-

360 2032 470 2098 bensis
491 2034 642 2098 ecclesiae
672 2034 851 2118 praepositi,
881 2033 972 2096 aulae
1003 2039 1131 2097 nostrae
1161 2032 1411 2097 vicecancellarii
1433 2040 1465 2097 et
1487 2034 1699 2096 archidiaconi
1722 2033 1761 2097 de

361 2136 526 2202 Kukulleu
549 2138 655 2201 dilecti
678 2144 710 2201 et
731 2135 834 2201 fidelis
849 2138 959 2219 nostri,
982 2157 1067 2200 anno
1084 2137 1203 2200 domini
1218 2137 1385 2200 millesimo
1402 2138 1624 2201 trecentesimo
1640 2138 1761 2201 decimo

361 2259 457 2323 nono,
480 2241 573 2304 tertio
589 2240 698 2305 Nonas
713 2241 887 2323 Februarii,
909 2242 999 2324 regni
1022 2247 1129 2304 autem
1144 2241 1245 2303 nostri
1268 2260 1352 2303 anno
1368 2240 1513 2303 similiter
1527 2240 1649 2304 decimo
1665 2260 1759 2305 nono.
1797 2248 1830 2298 15

1014 2534 1107 2617 303.

438 2698 746 2772 Metiosedum
771 2699 931 2772 Februor
960 2703 991 2770 9.
1022 2698 1201 2787 Nikoloas,
1229 2696 1399 2770 Woiwodc
1416 2721 1480 2770 oon
1499 2695 1759 2791 Sicbcabdrgen,

360 2821 532 2893 mkuadet
556 2821 595 2892 ia
620 2820 814 2894 Modioacb.

439 2940 569 3014 Datum
595 2941 635 3012 in
661 2941 803 3034 Medios,
828 2942 867 3012 in
894 2940 1025 3013 octavis
1052 2938 1304 3034 purificationis
1332 2941 1449 3013 beatae
1477 2939 1638 3035 virginis,
1669 2963 1760 3013 anno

362 3061 493 3134 domini
519 3061 577 3134 M⁰
604 3062 703 3135 000ο
729 3061 858 3135 decimo
885 3084 983 3133 nono.
1796 3078 1831 3132 20

516 3226 627 3281 Drraek:
645 3226 730 3295 Napy
750 3226 815 3281 000.
834 3226 1041 3294 Andeqooensie
1059 3227 1085 3293 I,
1104 3232 1155 3281 505
1175 3226 1245 3280 noch
1262 3227 1322 3279 dem
1343 3224 1418 3294 Orig.
1437 3224 1540 3294 Unger.
1553 3224 1761 3280 Laudesorcba‘o

464 3313 615 3382 Badopcat.

1012 3540 1108 3623 304.

438 3706 537 3775 1319
553 3703 662 3776 Mora
688 3708 723 3777 8.
742 3704 820 3777 Dos
846 3702 1126 3795 Weisseaburqer
1143 3705 1288 3797 Kopitel
1313 3705 1460 3794 0000001,
1488 3705 1569 3775 dass
1586 3703 1763 3795 Mopider

364 3825 520 3915 11100000,
550 3825 643 3899 Sobn
670 3828 728 3898 dea
747 3826 907 3898 Palatius
924 3825 1123 3917 Dionysius,
1148 3826 1340 3916 ycpoodber
1358 3825 1532 3916 Magister
1549 3826 1670 3897 Elisus
1687 3827 1761 3897 scin
1795 3842 1830 3896 25

359 3946 512 4018 Aarccbt
535 3948 674 4039 geltcad
697 3948 812 4020 machi
838 3949 911 4037 auf
929 3947 985 4018 dic
1012 3946 1200 4037 Basitzuag
1226 3946 1400 4018 Bochucu.

515 4094 626 4149 Druck:
651 4095 737 4163 Fejbr
758 4094 848 4150 (lodex
870 4095 958 4161 VIII,
982 4099 1007 4161 2,
1031 4097 1087 4147 237
1107 4094 1178 4147 noch
1197 4093 1332 4146 Analecta
1352 4092 1447 4146 Caroli
1466 4094 1621 4163 Fejbrvdry
1643 4094 1715 4149 Tem.
1734 4093 1760 4162 I,

463 4180 517 4235 Nr.
536 4180 603 4234 XV.
622 4211 656 4220 -
675 4180 764 4234 Szobd
783 4180 858 4235 0001.
877 4180 1021 4235 010100111ον
1040 4180 1065 4247 I,
1083 4183 1126 4234 36.

515 4339 583 4403 Nos
609 4339 783 4423 capitulum
815 4340 898 4403 beati
921 4339 1083 4403 Michaelis
1110 4338 1289 4421 archangeli
1311 4339 1537 4402 Transiluanae
1568 4340 1680 4403 damus
1702 4360 1760 4423 pro

359 4443 520 4525 memoria,
544 4443 631 4525 quod
654 4443 769 4507 nobilis
784 4444 835 4506 vir
850 4446 1000 4527 magister
1014 4444 1149 4507 Thomas
1170 4443 1256 4506 filius
1279 4442 1440 4525 quondam
1460 4442 1608 4524 Dionysii
1628 4443 1760 4527 palatini
1795 4449 1830 4503 30

359 4565 466 4610 comes
482 4546 662 4611 Siculorum
684 4567 742 4631 per
756 4546 938 4611 Renoldum
958 4547 1105 4609 comitem
1122 4546 1289 4610 officialem
1305 4566 1399 4610 suum
1423 4546 1462 4610 de
1478 4545 1592 4611 Siculis
1614 4547 1654 4611 de
1668 4547 1761 4610 iuxta

358 4652 507 4732 Aranyas
529 4657 723 4734 protestatus
753 4656 803 4715 est
824 4670 930 4714 coram
952 4651 1053 4733 nobis,
1085 4651 1172 4733 quod
1201 4651 1359 4735 possessio
1382 4651 1496 4714 Bohna
1518 4656 1630 4714 vocata
1651 4651 1686 4713 in
1708 4671 1760 4714 co-

358 4755 472 4819 mitatu
495 4756 535 4819 do
556 4754 693 4836 Kukolo,
714 4756 807 4818 iuxta
827 4754 964 4818 fluvium
987 4755 1143 4819 minorem
1166 4754 1291 4818 Kouolo
1314 4755 1383 4835 sita,
1407 4759 1491 4818 esset
1512 4754 1670 4837 possessio
1690 4755 1760 4819 eius

359 4879 433 4922 cum
454 4860 607 4924 iratribus
630 4860 705 4922 suis.
750 4857 845 4921 Unde
868 4859 895 4921 si
917 4859 1068 4940 magister
1089 4858 1200 4922 Elleus
1221 4857 1307 4922 filius
1329 4858 1423 4939 Moys
1445 4859 1479 4921 in
1502 4858 1706 4941 generatione
1729 4864 1761 4922 et

359 4963 588 5047 compositione
611 4983 685 5027 cum
707 4962 858 5046 magistro
874 4961 1005 5024 Nicolao
1028 4960 1093 5023 filio
1117 4961 1243 5025 Erdehd
1266 4961 1437 5026 castellano
1461 4962 1500 5025 de
1522 4961 1662 5025 Keeshes
1678 4962 1760 5025 tacta
1795 4968 1829 5020 30

359 5067 412 5130 rel
444 5067 590 5131 iacienda
621 5068 722 5151 ipsam
755 5066 989 5150 possessionem
1019 5065 1134 5130 Bohna
1165 5066 1313 5149 traderet,
1346 5066 1414 5149 ipse
1448 5067 1599 5150 magister
1626 5067 1761 5130 Thomas

347 5171 481 5235 'dictum
502 5172 689 5254 magistrum
712 5170 847 5252 Ellcum,
879 5176 1035 5252 quantum
1059 5171 1098 5234 de
1120 5171 1191 5235 iure
1213 5170 1273 5234 sibi
1296 5170 1490 5251 conceditur,
1514 5189 1556 5234 en
1579 5190 1666 5233 nnnc
1688 5189 1761 5253 pro-

358 5273 490 5356 hiberet,
520 5294 561 5339 ne
589 5276 692 5359 ipsam
721 5276 953 5358 possessionem
984 5274 1098 5338 Bohna
1126 5276 1161 5338 in
1190 5274 1420 5359 praeiudicium
1449 5273 1593 5358 ipsorum
1621 5272 1760 5337 filiorum

358 5376 508 5459 Dyonisii
531 5397 662 5461 quoquo
694 5378 788 5442 modo
819 5383 927 5461 posset
948 5377 1095 5442 alienare.
1139 5377 1258 5441 Datum
1281 5378 1360 5441 feria
1383 5378 1496 5459 quinta
1516 5378 1664 5461 proxima
1686 5382 1760 5440 ante

358 5482 549 5547 dominicam
572 5480 674 5567 Oculi,
696 5502 781 5546 anno
804 5482 970 5547 millesimo
994 5480 1215 5546 trecentesimo
1240 5480 1361 5544 decimo
1384 5499 1478 5543 nono.
1794 5485 1831 5540 40
