4106 6294
1040 620 1103 685 334

1030 826 1120 910 357.

455 987 636 1061 Temesoar
656 991 759 1060 1318
776 987 883 1081 April
902 992 963 1062 30.
989 990 1106 1082 Kbatp
1123 991 1219 1063 Korl
1243 992 1385 1064 valcibt
1411 993 1467 1064 die
1494 999 1589 1064 terro
1612 992 1771 1066 &lania

373 1132 421 1180 aa
446 1109 622 1200 Mapister
647 1111 783 1198 Parta,
811 1104 995 1183 Micbocl's
1021 1110 1123 1184 Solo.

529 1274 732 1343 Eiapeacboltct
755 1291 809 1328 ooo
833 1275 893 1328 dem
916 1274 1141 1345 Weissenboryer
1158 1276 1274 1344 Kopitcl
1297 1282 1367 1332 1313
1386 1278 1445 1332 und
1462 1278 1512 1332 mit
1529 1278 1618 1333 diem
1641 1278 1770 1333 Urkunde

476 1377 530 1414 ooo
547 1360 642 1430 Ktoip
660 1360 735 1414 Korl
753 1365 829 1430 1319,
851 1361 927 1432 erip.
950 1362 1054 1432 Unpar.
1072 1362 1280 1417 Laodeaarcbic
1297 1365 1449 1435 Badopcct.
1806 1363 1822 1417 5

528 1481 640 1536 Druck:
657 1482 743 1552 Napy
763 1482 827 1539 eod.
845 1483 1053 1553 Andeqovcasis
1069 1483 1096 1552 Ι,
1114 1488 1174 1539 482.

529 1657 668 1721 Karolus
698 1657 749 1721 dei
779 1658 881 1741 gratia
910 1677 969 1722 rex
991 1658 1175 1742 Hungariae
1196 1658 1344 1723 fidelibus
1371 1659 1438 1723 suis
1460 1660 1598 1743 capitulo
1621 1660 1772 1724 ecclesiae

373 1760 615 1825 transsiluanae
646 1761 781 1825 salutem
804 1767 837 1826 et
858 1762 999 1845 gratiam.
1044 1762 1178 1825 Noverit
1198 1760 1335 1826 fidelitas
1358 1768 1472 1845 vestra,
1507 1763 1594 1846 quod
1623 1764 1773 1847 magister

374 1864 491 1928 Petrus
512 1863 599 1928 filius
614 1864 777 1928 Michaelis
798 1865 901 1930 tidelis
918 1872 1027 1929 noster
1049 1866 1089 1929 ad
1104 1872 1246 1929 nostram
1261 1866 1414 1929 accedens
1428 1869 1640 1950 praesentiam
1656 1873 1772 1932 terram

374 1975 516 2032 nostram
539 1967 691 2032 Solumus
713 1975 858 2034 vocatam
881 1990 900 2032 a
921 1969 1014 2033 nobis
1036 1989 1093 2053 pro
1114 1967 1263 2033 fidelibus
1286 1970 1352 2033 suis
1374 1971 1511 2035 servitiis
1526 1969 1585 2035 sibi
1609 1971 1677 2035 dari
1698 1990 1772 2054 pos·
1807 1973 1842 2028 10

374 2071 498 2154 tulavit,
530 2091 676 2136 asserens
705 2092 775 2137 eam
806 2073 846 2136 ad
868 2079 1010 2138 nostram
1032 2072 1233 2138 collationem
1254 2074 1421 2157 pertinere.
1459 2074 1553 2140 Unde
1576 2095 1649 2139 cum
1672 2075 1711 2139 de
1733 2094 1771 2139 eo

377 2181 487 2239 utrum
510 2176 595 2240 dicta
617 2183 701 2240 terra
723 2178 764 2241 ad
786 2185 927 2242 nostram
947 2178 1105 2263 pertineat
1120 2177 1321 2242 collationem
1336 2197 1436 2243 necne
1458 2181 1577 2244 veritas
1599 2180 1692 2243 nobis
1707 2198 1772 2243 non

375 2285 508 2362 constet,
538 2279 681 2344 fidelitati
709 2287 834 2346 vestrae
856 2281 989 2346 firmiter
1012 2282 1179 2345 demusin
1203 2282 1368 2362 mandatis,
1400 2288 1559 2365 quatenus
1582 2283 1662 2347 detis
1685 2282 1773 2347 testi-

377 2384 521 2447 monium
543 2390 695 2467 vestrum,
725 2406 833 2449 coram
864 2406 928 2468 quo
958 2386 1107 2469 magister
1127 2386 1262 2449 Thomas
1290 2385 1376 2450 filius
1398 2386 1513 2450 Micola
1539 2387 1634 2450 bomo
1665 2391 1773 2450 noster

374 2488 457 2550 lacta
487 2488 702 2571 inquisitione,
736 2489 763 2552 si
793 2489 877 2552 dicta
906 2494 990 2552 terra
1012 2490 1052 2552 ad
1082 2496 1222 2552 nostram
1253 2490 1410 2573 pertineat
1431 2490 1641 2573 collationem,
1670 2490 1771 2574 ipsam
1808 2494 1841 2549 15

374 2597 490 2653 terram
514 2590 665 2655 Solumus
695 2597 841 2655 vocatam
870 2593 1052 2656 convocatis
1081 2593 1195 2656 vicinis
1225 2598 1258 2657 et
1287 2595 1512 2657 commetaneis
1542 2592 1719 2657 reambulet
1740 2598 1773 2657 et

374 2699 493 2759 statuat
516 2696 664 2780 magistro
688 2696 783 2761 Petro
806 2697 967 2780 praedicto
982 2702 1135 2781 perpetuo
1150 2697 1383 2781 possidendam,
1407 2699 1434 2761 si
1455 2717 1522 2761 non
1536 2698 1634 2761 fuerit
1647 2702 1772 2760 contra-

375 2797 503 2880 dictum
526 2799 773 2864 contradictores
788 2819 865 2864 vero
888 2800 915 2864 si
938 2800 994 2883 qui
1016 2799 1137 2864 tuerint
1151 2806 1262 2864 contra
1277 2802 1414 2866 eundem
1435 2802 1624 2885 magistrum
1638 2801 1771 2866 Petrum

375 2902 415 2965 ad
437 2908 579 2967 nostram
606 2904 682 2967 citet
703 2905 915 2987 praesentiam
945 2904 987 2968 ad
1018 2904 1188 2968 terminum
1211 2910 1450 2989 competentem.
1494 2905 1573 2969 Post
1593 2906 1671 2970 haec
1692 2924 1769 2969 vero

375 3006 459 3070 diem
489 3008 648 3072 citationis
678 3008 849 3072 terminum
881 3009 1077 3093 assignatum
1106 3029 1142 3073 ac
1172 3010 1303 3073 nomina
1331 3010 1501 3074 citatorum
1522 3008 1615 3072 nobis
1636 3007 1771 3073 fideliter
1806 3013 1841 3070 20

375 3110 563 3175 rescribatis.
585 3111 705 3175 Datum
726 3112 759 3176 in
782 3112 984 3196 Themesuar,
1006 3113 1041 3177 in
1063 3114 1184 3177 octavis
1206 3113 1334 3196 Pascae‚
1356 3133 1441 3177 anno
1465 3114 1585 3177 domini
1606 3113 1772 3177 millesimo

375 3193 451 3279 CCC
475 3216 596 3279 decimo
619 3222 741 3281 octavo.

1024 3493 1118 3580 358.

451 3657 610 3750 Aoipaoo
628 3661 730 3731 1318
745 3658 836 3731 Jaua‘
852 3663 913 3731 17.
933 3659 1043 3750 Popst
1058 3660 1199 3733 Joboao
1216 3660 1345 3730 XXII.
1362 3659 1561 3751 teuojtropt
1574 3660 1640 3731 dea
1651 3663 1773 3752 pipat·

376 3780 484 3851 liabeo
498 3778 781 3852 Steaeraommler
794 3780 945 3869 Rufinus
959 3780 1000 3852 de
1019 3779 1147 3867 Ciuica,
1163 3780 1218 3852 die
1231 3781 1357 3869 Hdlfte
1370 3781 1432 3852 der
1440 3779 1578 3872 Beatqe
1591 3780 1774 3871 mkdipaer
1808 3792 1843 3848 25

368 3901 583 3992 pdpstlicber
605 3900 732 3973 Steltca
754 3903 791 3973 ia
823 3901 968 3993 Uupora
982 3902 1052 3988 fiir
1074 3901 1140 3972 dea
1161 3901 1271 3993 Popat
1293 3901 1504 3973 amalthea.

531 4064 643 4120 Druck:
664 4065 780 4120 illabor
797 4066 876 4120 Mon.
895 4064 991 4134 Hanc.
1009 4063 1036 4132 I,
1054 4067 1108 4118 462
1124 4064 1195 4119 uodo
1212 4065 1272 4118 dem
1290 4063 1416 4134 Repinar
1436 4064 1645 4119 Votikaaiacbea
1662 4063 1773 4118 Archiv.

530 4240 694 4305 lohannes
716 4241 885 4326 episcopus
908 4288 1038 4302 .....
1062 4239 1176 4302 dilecto
1198 4237 1263 4301 filio
1286 4239 1436 4322 magistro
1458 4238 1576 4302 Rufino
1599 4238 1638 4303 de
1661 4237 1774 4302 (livino

377 4343 597 4408 archidiacono
616 4344 754 4408 Tollensi
776 4344 810 4407 in
832 4343 967 4408 ecclesia
981 4342 1314 4424 Quinqueecclesiensi
1337 4343 1527 4426 apostolicae
1549 4342 1633 4406 sedis
1655 4341 1774 4405 nuncio

376 4448 511 4512 salutem
534 4497 663 4511 .....
693 4447 805 4532 Nuper
835 4447 1026 4531 apostolatui
1054 4452 1164 4510 nostro
1194 4466 1252 4530 per
1274 4451 1346 4510 tuas
1368 4445 1476 4510 literas
1497 4446 1660 4528 intimasti,
1688 4444 1775 4527 quod
1810 4449 1845 4504 ³0

375 4553 496 4617 taxatio
518 4551 702 4616 reddituum
724 4556 756 4615 et
777 4556 993 4636 proventuum
1015 4547 1242 4614 beneficiorum
1263 4549 1548 4614 ecclesiasticorum
1571 4568 1775 4631 nequaquam

374 4657 409 4719 in
431 4675 530 4739 regno
545 4655 706 4739 Ungariae
728 4657 895 4739 reperitur,
916 4661 1047 4739 propter
1070 4654 1157 4737 quod
1179 4654 1235 4718 tibi
1259 4659 1291 4717 et
1312 4653 1374 4718 illis
1390 4653 1595 4718 ecclesiarum
1616 4652 1775 4736 praelatis,

376 4759 494 4842 quibus
527 4758 747 4823 collectionem
779 4759 962 4824 reddituum
997 4764 1029 4823 et
1061 4762 1277 4842 proventuum
1311 4758 1405 4841 primi
1438 4757 1514 4821 anni
1548 4756 1774 4821 beneficiorum

375 4863 518 4948 ipsorum
540 4869 619 4927 tunc
641 4863 833 4945 vacantium,
864 4867 896 4926 et
927 4881 1009 4944 quae
1038 4881 1143 4944 usque
1173 4863 1213 4926 ad
1235 4862 1409 4925 triennium
1433 4881 1546 4927 vacare
1568 4861 1775 4943 contingeret,

376 4966 601 5050 deputatorum
624 4967 810 5030 auctoritate
833 4966 1006 5050 apostolica
1026 4985 1085 5049 pro
1108 4965 1258 5029 ecclesiae
1277 4964 1439 5029 Romanae
1461 4964 1704 5030 necessitatibus
1725 4983 1775 5027 re·
1810 4968 1845 5022 35

375 5071 529 5153 levandis,
562 5071 655 5134 iuxta
685 5071 880 5135 arabonam
911 5070 1052 5134 decimae
1081 5088 1138 5153 per
1167 5074 1292 5133 nostras
1324 5068 1433 5132 literas
1466 5067 1526 5131 sub
1556 5072 1643 5131 certa
1675 5067 1778 5129 forma

375 5175 600 5258 commisimus,
631 5174 698 5239 dari
728 5174 859 5238 modum
882 5179 914 5238 et
935 5173 1079 5256 formam,
1112 5173 1167 5255 qni
1197 5172 1350 5236 deberent
1378 5172 1499 5236 servari
1530 5172 1564 5233 iu
1590 5168 1776 5233 collectione

375 5279 567 5363 huiusmodi
590 5278 782 5363 postulabas,
826 5278 894 5342 Nos
916 5279 1014 5362 igitur
1034 5277 1241 5362 postulationi
1264 5281 1338 5339 tuae
1371 5275 1600 5359 respondentes
1626 5273 1777 5337 volumus

376 5388 410 5447 et
431 5383 629 5447 declaramus
644 5383 831 5447 auctoritate
846 5383 1015 5467 praedicta,
1038 5382 1125 5464 quod
1139 5382 1264 5445 tructus
1279 5385 1312 5444 et
1326 5379 1535 5443 obventiones
1550 5376 1776 5442 beneficiorum

376 5487 567 5571 huiusmodi,
590 5505 672 5569 quae
694 5487 729 5550 iu
752 5487 874 5550 decima
895 5485 1019 5550 solvere
1034 5489 1282 5567 consueverunt,
1305 5503 1379 5547 cnm
1400 5482 1456 5549 illa
1475 5501 1588 5547 vacare
1610 5480 1776 5565 contingit,
1809 5484 1846 5541 40
