4084 6302
1010 621 1164 716 ger—

1034 846 1131 929 544.

463 1013 571 1081 1338
589 1010 698 1081 Mar
715 1012 772 1080 12.
801 1010 878 1081 Das
900 1008 1202 1082 Grosswordeiaer
1219 1010 1363 1101 Kapitei
1385 1009 1545 1082 bacam
1562 1010 1639 1081 dem
1655 1009 1785 1082 aiebam

387 1132 587 1223 amporam
609 1130 802 1203 Woiwoden
824 1130 980 1219 muros,
1001 1133 1081 1203 dosa
1099 1132 1250 1203 doacalbc
1267 1131 1323 1202 dic
1339 1130 1528 1222 Bepcbaap
1545 1132 1608 1203 dar
1629 1131 1788 1203 (irenaeo

385 1277 450 1325 voa
476 1252 574 1323 Victa
600 1253 674 1323 aad
694 1251 796 1340 Trlrc,
824 1251 1056 1343 Basitzanpan
1082 1253 1142 1324 dea
1167 1252 1482 1344 sicdeaditrpiscbca
1508 1252 1681 1341 Beatus,
1708 1276 1785 1324 oer-

387 1377 531 1447 nebmca
558 1375 670 1447 uacca
696 1375 817 1445 warda.
1824 1391 1842 1443 5

546 1538 621 1608 Oriy.
634 1540 705 1607 Pap.
724 1538 828 1608 Unpar.
841 1538 1208 1607 LaadaaarcbiaBodopest
1228 1537 1323 1608 Siapel,
1336 1538 1499 1608 baccbddipt
1517 1538 1659 1607 mavul,
1678 1538 1788 1592 Durea-

491 1642 590 1679 mesaer
608 1629 651 1679 5·6
669 1626 728 1679 und
744 1629 788 1679 3·6
809 1625 976 1691 Oeatimatar,
1000 1625 1031 1678 in
1049 1625 1198 1679 acbworres
1221 1625 1322 1678 Waclrs
1341 1626 1397 1692 aas
1410 1626 1458 1678 der
1477 1625 1621 1679 Rackseita
1637 1642 1700 1678 aum
1722 1624 1788 1679 Ver·

491 1712 596 1766 sublaco
614 1712 803 1780 cuspedrr'tclt.
833 1712 876 1764 Es
895 1711 932 1765 iat
949 1711 1001 1764 das
1019 1711 1101 1765 dritta
1120 1711 1208 1780 Siepel
1231 1713 1278 1765 des
1297 1712 1433 1779 Kopitels,
1452 1711 1637 1766 baaclrriebea:
1664 1711 1789 1780 Battydn

492 1798 578 1867 Lepas
596 1798 684 1851 eccles.
703 1798 767 1866 ΠΙ,
784 1802 837 1852 228
855 1797 914 1851 aad
933 1797 1018 1863 chir
1039 1798 1129 1852 Oodac
1147 1798 1204 1865 IX,
1222 1804 1247 1866 4,
1265 1804 1333 1868 602,·
1358 1799 1528 1852 desolariabcu
1545 1799 1605 1852 aad
1623 1798 1789 1868 obpebildet:

492 1885 638 1952 Bunpitay
656 1885 682 1938 A
699 1884 801 1937 adradi
818 1883 953 1952 kdptalan
971 1883 1104 1953 laprdpibb
1123 1886 1287 1939 maintained
1304 1890 1339 1939 24
1357 1886 1416 1940 aad
1433 1889 1476 1939 25.
1827 1884 1862 1936 10

543 2059 712 2143 Magnifica
728 2061 797 2123 viro
824 2067 856 2124 et
877 2061 1010 2125 honesto
1025 2062 1162 2125 Thomae
1185 2062 1340 2126 vaivodae
1354 2062 1562 2126 Transiluano
1579 2067 1612 2125 et
1626 2061 1734 2125 comiti
1749 2060 1789 2123 do

390 2165 502 2229 Zonulr
524 2165 698 2249 capitulum
722 2165 951 2247 Waradyensis
973 2166 1124 2230 ecclesiae
1146 2166 1301 2229 sinceram
1324 2167 1491 2229 amicitiam
1514 2186 1588 2230 eum
1610 2165 1790 2229 reverentia

389 2269 531 2351 pleniori.
565 2268 712 2352 Receptis
734 2269 835 2334 literis
865 2277 989 2333 vestrae
1013 2268 1264 2353 magnificentiae
1287 2270 1512 2352 intelleximus,
1544 2275 1581 2333 ut
1602 2269 1725 2333 nobiles
1750 2268 1789 2331 de

389 2374 516 2438 Nadasd
541 2374 574 2435 in
597 2374 841 2457 congregatione
863 2380 970 2437 vestra
998 2374 1137 2456 generali
1160 2375 1239 2437 feria
1262 2380 1376 2455 quarta
1397 2375 1545 2457 proxima
1566 2378 1639 2457 pest
1661 2378 1790 2436 octavas

390 2477 472 2541 beati
485 2478 633 2542 Andreae
655 2479 789 2562 apostoli
799 2477 821 2556 1)
844 2478 1060 2541 universitatis
1079 2478 1234 2541 nobilium
1254 2484 1358 2542 terrae
1371 2478 1615 2542 Transsiluanue
1637 2477 1671 2539 in
1685 2476 1788 2539 Tarda
1825 2485 1859 2535 15

390 2582 548 2646 celebrata
560 2582 599 2645 de
611 2581 715 2646 medio
728 2583 953 2646 universorum
964 2589 1184 2665 exsurgentes,
1200 2602 1242 2645 ex
1255 2582 1372 2663 quibus
1383 2602 1478 2663 unus,
1495 2581 1615 2645 scilieet
1626 2581 1791 2645 {lohannes

390 2686 475 2750 lilius
497 2685 620 2751 Nicolai
650 2706 707 2770 pro
738 2686 856 2750 eisdem
880 2686 978 2750 verbo
1001 2687 1143 2770 ipsorum
1167 2687 1228 2762 etr)
1259 2685 1349 2764 suo’)
1378 2688 1597 2770 proposuisset
1625 2704 1663 2749 eo
1686 2684 1791 2767 modo,

392 2791 478 2873 quod
501 2789 692 2855 venerabilis
714 2790 748 2853 in
771 2790 1009 2874 Christopater
1035 2791 1183 2854 dominus
1205 2790 1351 2855 Andreas
1374 2792 1542 2876 episcopus
1562 2790 1792 2854 'l‘ransiluanus

391 2896 422 2958 in
454 2895 705 2959 reambulatione
734 2895 971 2977 possessionum
995 2915 1126 2958 suarum
1149 2895 1266 2976 Wysta
1288 2901 1320 2959 et
1340 2896 1423 2977 Tyra
1450 2900 1643 2976 vocatarum,
1674 2891 1792 2975 quibus

392 3000 552 3084 praedicta
573 2999 730 3083 possessio
750 3000 889 3083 ipsorum
903 2999 933 3062 N
935 2998 1030 3062 adasd
1046 2998 1360 3062 commetaneitaliter
1374 3000 1576 3079 vicinaretur,
1591 2999 1668 3081 ipsis
1680 2996 1793 3061 absen-
1827 3004 1863 3057 20

392 3105 478 3168 tibus
501 3103 628 3187 propria
643 3104 829 3166 auctoritate
852 3103 1011 3185 quandam
1027 3102 1213 3187 particulam
1238 3110 1340 3168 terrae
1362 3104 1402 3167 ad
1424 3103 1558 3167 eandem
1574 3102 1703 3166 Nadasd
1721 3120 1793 3186 per·

392 3209 545 3272 timentem
561 3207 743 3291 postpositis
759 3206 844 3270 veris
859 3207 951 3270 metis
966 3212 998 3270 et
1013 3208 1163 3289 antiquis,
1183 3227 1240 3290 per
1255 3208 1446 3271 erectionem
1462 3227 1619 3271 novarum
1635 3212 1793 3271 metarum

394 3312 534 3376 indebite
547 3311 731 3395 occupando
744 3311 784 3373 ad
796 3310 896 3374 dictas
904 3312 1121 3394 possessiones
1133 3332 1207 3375 suas
1218 3312 1344 3376 lecisset
1355 3312 1504 3396 applicari
1517 3312 1550 3374 in
1563 3311 1793 3395 praeiudicium

392 3418 534 3501 ipsorum
557 3436 622 3478 non
646 3415 805 3478 modicum
828 3420 860 3478 et
882 3434 1063 3497 gravamen.
1102 3414 1172 3491 Quo
1196 3415 1304 3481 audito
1327 3417 1431 3480 dictus
1454 3416 1604 3480 dominus
1626 3416 1795 3499 episcopus

392 3540 527 3602 surgens
557 3539 599 3583 ex
628 3519 762 3582 adverso
792 3519 990 3583 exhibuisset
1020 3519 1111 3582 vobis
1145 3521 1298 3602 quasdam
1328 3522 1436 3585 literas
1466 3526 1592 3584 nostras
1621 3538 1680 3583 sua
1709 3519 1791 3582 serie
1826 3525 1861 3578 25

393 3624 497 3687 taliter
510 3643 567 3686 vos
582 3623 798 3703 informantes,
813 3629 851 3687 ut
865 3623 950 3687 idem
962 3624 1111 3686 dominus
1127 3625 1294 3708 episcopus
1310 3625 1566 3709 praenominatas
1578 3624 1794 3707 possessiones

393 3747 468 3791 suas
498 3727 718 3811 praesentibus
746 3728 874 3790 homine
904 3729 990 3811 regio
1025 3733 1057 3792 et
1085 3735 1195 3792 nostro
1226 3729 1406 3792 testimonio
1438 3728 1477 3791 ad
1512 3729 1572 3790 hoc
1601 3728 1794 3791 transmissis

393 3830 614 3915 praesentibus
642 3831 756 3894 vicinis
779 3836 811 3895 et
832 3833 1058 3896 commetaneis
1088 3832 1260 3896 earundem
1284 3831 1514 3896 reambulasset
1536 3839 1568 3896 et
1589 3832 1628 3895 ab
1659 3832 1795 3895 aliorum

394 3935 648 4018 possessionibus
670 3953 727 4018 per
736 3933 757 4010 ⁸)
788 3954 889 3998 novas
911 3937 1087 4000 erectiones
1109 3945 1266 4000 nretarum
1289 3942 1474 4020 separasset
1502 3938 1629 4002 nemine
1652 3942 1729 4000 tuuc
1751 3935 1795 4000 ibi
1813 3982 1818 3989 .

397 4038 627 4102 contradictore
650 4044 821 4122 apparente
851 4040 950 4101 etsie
973 4040 1005 4101 in
1030 4039 1114 4103 dicta
1139 4039 1389 4104 reambulatione
1420 4040 1557 4123 legitime
1580 4041 1793 4125 processisset
1829 4045 1865 4099 30

395 4143 550 4206 Videatur
579 4149 684 4206 tamen
707 4143 741 4206 in
763 4142 864 4206 literis
894 4144 1018 4226 vestris,
1050 4145 1135 4225 quod
1166 4151 1275 4208 nostra
1305 4145 1485 4208 testimonia
1511 4147 1551 4208 ad
1581 4144 1794 4228 replicandam

394 4247 510 4310 dictam
533 4247 815 4310 reambulationem
838 4247 878 4310 ob
901 4248 947 4310 rei
963 4248 1092 4311 maioris
1107 4250 1330 4313 certitudinem
1346 4248 1499 4312 ambabus
1522 4248 1665 4332 partibus
1688 4252 1796 4312 essent

395 4351 581 4425 necessaria
602 4351 739 4433 petendo
756 4347 839 4434 [nos]
860 4350 1074 4434 amicabiliter,
1098 4358 1135 4415 ut
1157 4353 1234 4416 visis
1253 4353 1353 4417 literis
1377 4352 1491 4416 vestris
1505 4360 1633 4417 nostros
1648 4353 1796 4416 daremus

395 4454 538 4517 homines
560 4453 622 4517 fide
645 4454 768 4536 dignos,
796 4454 913 4535 quibus
935 4454 1156 4537 praesentibus
1181 4456 1342 4520 lohannes
1363 4455 1449 4519 filius
1471 4456 1598 4539 Wgrini
1621 4456 1660 4520 de
1683 4455 1796 4539 Kapan

395 4565 451 4620 aut
472 4557 661 4620 Harbordus
684 4557 723 4621 de
747 4556 835 4639 Gald,
859 4559 957 4623 altero
981 4560 1120 4641 absente,
1144 4561 1238 4624 homo
1261 4567 1376 4635 vester,
1399 4580 1496 4642 quern
1518 4561 1623 4623 dictus
1647 4560 1797 4623 deminus
1832 4567 1865 4619 35

396 4661 564 4744 episcopus
593 4661 751 4724 adducere
782 4667 953 4743 teneretur,
976 4664 1051 4726 item
1073 4663 1238 4727 dohannes
1259 4663 1345 4727 lilius
1361 4664 1511 4748 Stephani
1534 4664 1573 4727 de
1595 4664 1723 4727 Zuchalr
1746 4663 1798 4726 vel

394 4763 559 4828 lohannes
588 4765 628 4828 de
650 4764 831 4828 Zurdukew
861 4765 1004 4829 similiter
1034 4767 1133 4830 altero
1163 4767 1294 4832 absente
1324 4769 1418 4831 homo
1448 4776 1564 4850 vester,
1595 4788 1692 4850 quem
1722 4767 1798 4832 dicti

397 4868 520 4932 nobiles
535 4869 692 4931 adducere
708 4875 886 4950 teneantur,
908 4870 942 4931 in
966 4871 1085 4934 oetavis
1101 4870 1184 4934 beati
1200 4871 1326 4955 Georgii
1348 4872 1499 4953 martyris
1521 4891 1609 4935 nuuc
1623 4870 1798 4943 venturis⁴l

395 4972 434 5035 ad
449 4972 562 5036 taciem
577 4971 734 5035 dictarum
748 4975 985 5057 possessionum
1008 4975 1197 5057 accedendo,
1219 4977 1253 5039 iu
1269 4976 1353 5039 diota
1367 4977 1523 5060 particula
1540 4984 1643 5040 terrae
1661 4975 1800 5059 litigiosa

397 5083 494 5161 prout
521 5082 628 5160 partas
657 5082 757 5141 metas
786 5085 911 5141 veteres
933 5098 970 5140 ac
992 5098 1093 5142 novas
1123 5085 1155 5142 et
1178 5098 1241 5161 quo
1271 5080 1361 5163 signo
1392 5080 1532 5164 signatas
1563 5081 1737 5145 ostendunt
1766 5084 1799 5143 et
1832 5086 1868 5140 40

555 5250 575 5315 ¹)
594 5252 666 5303 1337
680 5247 829 5302 Deaanber
848 5253 889 5303 10.

555 5336 578 5403 ²)
601 5335 687 5389 Ucber
703 5334 753 5389 der
770 5335 845 5389 Zeila
862 5336 1071 5407 muumapen.

555 5422 577 5490 ⁸)
595 5420 727 5488 Hbraaf
740 5421 1065 5492 compesceremus.

555 5508 577 5580 ⁴)
594 5507 660 5562 Mai
678 5513 703 5563 1.
