4106 6294
1003 550 1069 616 294

992 737 1080 823 317.

420 900 662 994 Waisseaburp
688 906 794 975 1300
820 903 1016 995 September
1041 907 1101 975 10.
1139 902 1335 990 Beatam,
1368 902 1493 974 Delum
1519 902 1578 973 dea
1604 902 1736 974 Kisder

334 1024 504 1116 Kapiteta
539 1025 614 1095 000
640 1024 767 1096 cadere
793 1023 936 1097 Dabana
963 1026 1126 1098 000100
1153 1026 1218 1096 aaa
1244 1024 1557 1115 Kardiuctlepatea
1588 1023 1736 1095 Gentib‘e

335 1168 395 1218 00
420 1144 650 1237 Beetbtipucp
677 1147 735 1218 deo
761 1148 1015 1237 naupewtbltaa
1040 1147 1356 1238 siccentur-pisata
1382 1145 1553 1233 Biseboss.

492 1292 604 1347 Druck:
621 1291 699 1348 Mor.
722 1293 862 1349 Vaticana
880 1294 976 1363 Huap.
996 1293 1086 1349 Serica
1107 1295 1134 1361 Ι,
1156 1295 1229 1349 Tem.
1247 1294 1292 1359 ΙΙ,
1314 1297 1367 1348 170
1384 1292 1455 1347 ouda
1473 1293 1548 1362 Papo·
1566 1292 1736 1362 0009οο0εεί
1771 1291 1788 1343 5

443 1379 504 1434 Vol.
523 1379 549 1446 I,
572 1378 781 1435 Vatibuaioebea
799 1380 909 1437 Arcbic.
935 1412 968 1420 -
991 1381 1107 1436 lbainar
1125 1380 1204 1434 Mea.
1222 1381 1318 1450 Huop.
1336 1381 1363 1447 I,
1381 1384 1441 1434 430.

492 1539 675 1602 Venerabili
705 1540 739 1601 in
762 1539 886 1603 Christo
916 1542 998 1624 patri
1029 1547 1060 1604 et
1083 1541 1210 1602 domino
1235 1540 1362 1602 domino
1386 1539 1504 1603 Gentili
1535 1540 1736 1603 miseratione

339 1643 449 1705 divina
478 1642 562 1706 tituli
593 1644 693 1707 saneti
726 1643 854 1706 Martini
884 1644 916 1706 in
945 1644 1108 1707 Montibus
1138 1643 1324 1727 presbytero
1355 1642 1515 1721 cardinali,
1546 1642 1737 1725 apostolicae

338 1746 422 1810 sedis
451 1746 555 1830 legato
583 1747 755 1811 Bertoldus
785 1747 925 1812 decanus
954 1748 992 1811 de
1014 1747 1117 1830 Kyzd‚
1147 1748 1276 1812 Ulricus
1300 1747 1439 1811 decanus
1466 1747 1505 1810 do
1528 1746 1674 1809 districtu
1697 1746 1736 1809 de

340 1855 448 1913 sancto
471 1849 626 1931 Ladislaq
657 1850 818 1914 Gerardus
840 1852 980 1915 decanus
1009 1852 1048 1915 de
1071 1852 1181 1915 maiori
1204 1851 1358 1931 Kukullm
1389 1850 1510 1932 Symon
1534 1850 1674 1913 decanus
1697 1850 1736 1912 de
1776 1853 1807 1906 10

339 1952 422 2035 Seli,
444 1953 606 2018 Henricus
629 1955 768 2018 decanus
792 1955 830 2019 de
847 1954 978 2039 Spreng,
1000 1956 1170 2020 Bertcldus
1190 1956 1329 2019 decanus
1352 1955 1391 2018 de
1407 1954 1509 2017 Sabus
1532 1959 1563 2017 et
1579 1953 1738 2018 Corardus

341 2058 482 2122 decanus
505 2058 544 2122 de
566 2058 711 2122 Warasio
734 2059 869 2123 diocesis
890 2059 1114 2124 Transilvanae
1145 2060 1356 2124 obedientiam
1385 2058 1513 2122 filialem
1540 2078 1613 2121 cum
1635 2057 1738 2120 humi-

339 2162 428 2226 litate
451 2161 557 2226 debita
578 2182 613 2225 ac
637 2162 759 2227 devota.
782 2163 965 2227 Innotescat
987 2164 1146 2227 sanctitati
1170 2170 1302 2245 vestrae,
1327 2164 1412 2245 quod
1437 2163 1570 2244 quilibet
1592 2167 1738 2224 nostrum

341 2271 373 2329 et
396 2265 513 2348 singuli
536 2286 578 2329 ex
602 2266 694 2329 nobis
716 2266 812 2329 iurati
835 2266 1050 2349 significamus
1077 2267 1264 2330 beatitudini
1287 2274 1421 2348 vestrae,
1454 2266 1540 2348 quod
1563 2265 1740 2349 capitulum

339 2368 491 2433 ecclcsiae
520 2370 648 2433 maioris
679 2390 736 2434 seu
767 2370 955 2434 cathedralis
976 2371 1201 2434 Transilvanae
1231 2371 1270 2434 ab
1301 2391 1338 2434 eo
1363 2376 1512 2453 tempore,
1545 2389 1609 2451 quo
1636 2370 1738 2433 bonae
1776 2374 1807 2424 15

340 2474 511 2536 memoriae
534 2473 649 2538 Petrus
673 2475 834 2557 quondam
858 2477 1025 2558 episcopus
1047 2475 1275 2538 Transilvanus
1298 2481 1431 2538 vocante
1462 2474 1590 2537 domino
1620 2473 1739 2537 dehac

339 2575 411 2640 luce
433 2578 590 2661 migravit,
621 2598 745 2662 semper
774 2579 941 2661 usquead
965 2585 1094 2643 octavas
1124 2579 1207 2643 beati
1229 2579 1385 2643 lobannis
1418 2579 1572 2662 baptistae
1595 2579 1740 2662 proxime

339 2682 500 2765 praeteriti
510 2680 531 2759 ¹)
562 2700 619 2765 per
647 2681 790 2746 laicalem
821 2683 995 2766 potentiam
1026 2689 1058 2747 et
1086 2690 1208 2747 metum
1239 2684 1427 2747 continuum
1459 2688 1491 2746 et
1517 2682 1740 2766 gravissimum

340 2784 528 2868 impeditum
551 2785 621 2867 fuit,
647 2786 692 2849 ita
715 2786 801 2868 quod
825 2787 1012 2851 electionem
1034 2788 1136 2852 futuri
1156 2788 1295 2872 episcopi
1326 2807 1501 2869 numquam
1533 2786 1637 2870 potuit
1659 2786 1741 2850 cele·

339 2887 441 2952 brare.
464 2889 608 2953 Oessavit
622 2895 729 2953 autem
752 2891 844 2973 plene
867 2892 934 2974 ipse
957 2896 1062 2955 metus
1077 2892 1214 2956 Sabbato
1237 2892 1382 2976 proximo
1406 2898 1480 2955 ante
1495 2891 1613 2955 festum
1627 2889 1739 2954 Jacobi
1775 2893 1810 2945 20

341 2992 509 3075 apostoli,⁹)
533 2993 661 3074 quando
678 2993 825 3057 videlieet
840 2993 956 3057 nobilis
978 2999 1010 3056 et
1025 3000 1138 3077 potens
1161 2995 1237 3058 baro
1253 2994 1418 3058 Ladislaus
1434 2994 1570 3058 vaivoda
1587 2999 1620 3059 et
1635 3013 1741 3057 comes

342 3095 382 3160 de
398 3095 534 3159 Zounulr
556 3116 614 3180 per
635 3096 749 3179 Elyam
772 3098 930 3161 decanum
952 3098 1052 3181 ipsius
1074 3099 1203 3162 maioris
1226 3106 1259 3162 et
1273 3098 1461 3162 cathedralis
1477 3099 1627 3162 ccclesiae
1643 3098 1740 3160 lban-

341 3200 483 3264 silvanae
504 3200 566 3283 ipsi
588 3201 726 3283 capitulo
751 3201 925 3281 nunciavit,
948 3208 986 3263 ut
1006 3202 1112 3285 ipsum
1134 3203 1309 3286 capitulum
1330 3203 1495 3267 occasione
1517 3202 1741 3287 postulationis

341 3304 398 3368 filii
421 3306 472 3369 sui
495 3324 553 3368 nec
569 3305 677 3387 aliqua
699 3305 760 3368 alia
782 3305 918 3388 amplius
941 3306 1116 3389 impediret,
1140 3307 1219 3387 quin
1241 3306 1340 3370 libere
1359 3312 1391 3371 et
1406 3326 1518 3371 secure
1533 3307 1742 3391 procederent

343 3408 383 3471 ad
406 3408 594 3472 electionem
617 3410 717 3472 futuri
741 3410 880 3493 episcopi
894 3410 1101 3473 Transilvaui.
1129 3410 1234 3486 Quare
1258 3410 1473 3493 supplicamus
1496 3411 1655 3474 sanctitati
1670 3429 1741 3473 ves·
1777 3412 1810 3465 25

344 3517 420 3594 trae,
442 3517 481 3575 ut
503 3512 639 3576 electum
662 3512 762 3596 ipsius
784 3514 935 3578 ecclesiae
956 3513 1182 3577 Transilvanae
1205 3514 1378 3596 dignemini
1401 3514 1589 3578 confirmare
1612 3519 1644 3578 et
1667 3534 1742 3577 con-

343 3634 476 3697 secrare,
507 3622 666 3696 quatenus
697 3636 756 3679 nos
786 3622 948 3697 tamquam
973 3636 1049 3681 oves
1072 3618 1232 3700 dispersae
1263 3623 1295 3681 et
1317 3624 1458 3682 errantes
1488 3639 1545 3701 per
1574 3619 1680 3701 ipsum
1703 3618 1742 3680 ad

344 3718 428 3782 ovile
451 3718 571 3782 domini
593 3720 756 3783 veleamus
778 3722 971 3804 congregari.
1005 3720 1124 3784 Datum
1145 3720 1255 3801 Albae,
1285 3722 1364 3784 teria
1389 3722 1482 3785 tertia
1503 3722 1651 3806 proxima
1671 3727 1744 3805 post

344 3823 462 3887 festum
484 3823 686 3887 exaltationis
709 3829 836 3888 sanctae
859 3825 971 3906 crucio,
995 3845 1079 3889 enno
1103 3825 1222 3888 domim
1245 3825 1412 3889 millesimo
1436 3825 1520 3890 000.
1543 3845 1637 3888 nono.

1004 4119 1094 4201 318.
1779 4146 1813 4199 eo

422 4279 701 4354 Hermaabstudt
727 4286 833 4354 1309
864 4282 1009 4356 Ottober
1035 4286 1099 4354 20.
1133 4283 1352 4371 Gisalbcrtus,
1381 4282 1515 4370 Dabam,
1543 4283 1617 4354 000
1646 4281 1743 4354 Wal-

345 4402 471 4491 tbarar,
499 4402 674 4495 Mapoar
700 4405 762 4476 der
784 4404 1021 4495 Krauatrbper
1046 4427 1110 4476 voa
1128 4404 1414 4492 Hermcauetudt,
1443 4404 1663 4495 bapluubipcc
1689 4405 1745 4475 dic

354 4521 519 4595 Urkcmda
545 4523 604 4596 das
622 4525 767 4617 Papulas
790 4524 944 4598 Clemens
969 4524 1006 4597 V.
1035 4549 1099 4598 0οο
1113 4528 1219 4596 1309
1238 4525 1303 4596 Nr.
1327 4529 1401 4597 315
1427 4527 1502 4597 000
1518 4526 1744 4616 becaftrupau

346 4646 402 4718 dia
436 4646 588 4735 Pfarrer
614 4645 784 4719 Bertbold
817 4670 882 4719 coa
908 4647 1050 4738 Kailiup
1085 4646 1158 4719 000
1197 4646 1394 4719 00000003
1430 4670 1494 4720 coc
1524 4646 1641 4734 Gom,
1678 4646 1744 4717 dea

351 4765 573 4839 Groaskobler
599 4766 836 4840 Arcbidicltom
869 4770 907 4839 ia
935 4768 1067 4840 Sarma
1094 4768 1153 4841 das
1180 4768 1476 4860 Abpubemtreitas
1510 4769 1574 4839 mit
1609 4769 1744 4858 ciaipea
1779 4784 1813 4836 35

346 4887 521 4975 Pfurremr
546 4889 636 4960 0000
664 4888 940 4961 Hermonastudt
966 4890 1181 4962 corrumdam.

505 5032 580 5103 Orip.
599 5035 680 5104 Parp.
699 5034 908 5104 Kapitelarcbic
920 5035 1087 5104 Karlaburp.
1109 5036 1185 5090 Zwei
1198 5035 1287 5105 Siepel
1304 5053 1398 5090 waren
1415 5053 1454 5089 00
1466 5036 1745 5104 Perpamaatutraisea

451 5122 614 5192 unpabbnqt.
633 5121 714 5177 Nacb
726 5122 933 5178 Vareinaarcbic
946 5122 1023 5177 Naue
1037 5123 1123 5192 Folpe
1133 5123 1188 5190 IV,
1200 5127 1253 5177 208
1264 5123 1323 5177 aad
1334 5126 1395 5188 212,
1411 5121 1490 5188 Tasci
1500 5122 1544 5189 11,
1562 5122 1711 5188 Umocbrist
1719 5127 1745 5187 2,

450 5207 521 5262 wird
533 5208 582 5262 der
593 5209 711 5263 alterae
723 5208 920 5279 Siepelattmpal
932 5209 978 5263 dea
991 5209 1105 5264 Dabana
1119 5210 1287 5264 &teotbertus
1305 5209 1337 5262 ia
1348 5209 1408 5264 dem
1421 5208 1524 5263 Kisdar
1537 5208 1745 5277 Kapitalarebt‘v

504 5348 525 5417 ι)
542 5347 605 5403 tm
623 5353 647 5402 1.
1780 5344 1815 5399 40

503 5437 525 5503 η
542 5432 605 5488 rur
622 5437 665 5489 19.
