4084 6302
920 588 1074 682 Q

294 779 393 861 partis
415 776 672 861 septentrIonalis
695 779 838 841 existens
861 776 952 839 dictis
973 775 1047 839 filiis
1062 774 1214 839 Demetrii
1237 773 1367 858 pacifice
1389 780 1422 838 et
1443 774 1693 839 irrevocabiliter

294 903 352 966 pro
382 902 494 947 eorum
523 881 669 964 portione
698 881 845 944 cessisset
867 888 952 943 terra
978 878 1121 943 eiusdem
1150 878 1249 941 silvae
1271 878 1349 960 ipsis
1378 877 1453 941 filiis
1474 877 1599 942 Alberti
1621 897 1693 962 per·

294 991 451 1050 manente.
484 985 554 1048 Hoc
577 984 672 1046 etiam
694 984 867 1063 interiecto,
901 983 986 1065 quod
1010 983 1130 1066 piscina
1152 1002 1188 1044 ac
1212 982 1305 1044 vinea
1327 981 1489 1045 Michaelis
1516 989 1548 1045 et
1569 982 1692 1046 Nicolai

294 1089 431 1152 filiorum
457 1087 580 1152 Alberti
604 1107 716 1150 versus
745 1092 866 1170 partem
898 1086 1134 1150 meridionalem
1157 1086 1331 1148 existentes
1359 1086 1450 1148 dictis
1472 1084 1545 1148 filiis
1567 1086 1691 1150 Alberti

243 1202 260 1251 e
297 1213 353 1276 pro
377 1212 486 1257 eorum
510 1192 655 1275 portione
677 1196 830 1274 perpetue
858 1190 1002 1253 similiter
1023 1188 1257 1273 permanebunt
1279 1189 1498 1271 possidendae,
1529 1209 1566 1252 ac
1588 1190 1692 1272 etiam,

295 1296 381 1379 quod
412 1295 526 1359 silvam
556 1296 588 1357 in
620 1295 764 1377 portione
793 1292 931 1356 filiorum
961 1292 1116 1357 Demetrii
1139 1312 1251 1355 versus
1275 1291 1382 1354 villam
1404 1292 1576 1375 Apathyda
1607 1294 1692 1357 exis-

294 1406 414 1464 tentem
437 1400 550 1462 dividit
566 1399 695 1481 quidam
719 1397 843 1460 rivulus
858 1396 1072 1480 Zarazpathalr
1087 1402 1219 1458 vocatus
1239 1414 1343 1477 usque
1360 1395 1520 1477 quandam
1544 1416 1691 1479 magnam

293 1505 378 1566 viam
406 1509 438 1567 et
466 1524 540 1586 pars
569 1504 711 1567 eiusdem
742 1501 841 1565 silvae
872 1519 985 1564 versus
1014 1505 1136 1582 partem
1167 1499 1406 1563 meridionalem
1432 1500 1575 1564 existens
1598 1501 1690 1565 dictis

293 1606 367 1670 filiis
389 1605 512 1671 Alberti
544 1626 601 1690 pro
624 1607 766 1689 ipsorum
790 1605 937 1669 cessisset
958 1604 1105 1687 portione
1127 1603 1226 1666 altera
1248 1607 1337 1685 parte
1359 1604 1503 1668 eiusdem
1525 1605 1625 1669 silvae
1647 1625 1690 1669 ex

227 1716 259 1769 10
292 1716 382 1794 parte
411 1711 510 1794 partis
537 1708 793 1793 septentrionalis
821 1727 887 1771 uua
916 1727 989 1771 cum
1020 1707 1112 1770 terris
1142 1705 1314 1769 arabilibus
1336 1707 1405 1771 sive
1428 1726 1493 1770 non
1516 1708 1690 1774 arabilibus

293 1814 391 1877 totius
413 1813 512 1878 silvae
535 1819 599 1877 tam
621 1833 663 1877 ex
685 1814 747 1876 ista
768 1819 857 1895 parte
881 1829 976 1893 quam
1001 1829 1041 1872 ex
1065 1808 1127 1872 alia
1148 1809 1361 1873 existentibus
1383 1829 1477 1893 saepe
1503 1810 1595 1876 dictis
1617 1812 1691 1877 filiis

292 1915 445 1980 Demetrii
474 1922 689 2001 permanente.
727 1915 798 1979 Hoc
820 1916 914 1978 etiam
939 1912 1143 1991 declarantes,
1176 1912 1263 1993 quod
1290 1932 1400 1976 omues
1423 1918 1525 1978 metae
1547 1915 1690 1997 ipsorum

292 2040 349 2104 per
378 2022 479 2084 fossas
508 2026 614 2084 essent
644 2021 785 2102 signatae
808 2024 943 2101 excepta
972 2022 1057 2079 meta
1079 2015 1139 2079 sub
1162 2016 1257 2080 salice
1280 2017 1447 2097 existente,
1474 2018 1566 2080 euius
1589 2019 1692 2083 forma

292 2143 349 2187 seu
364 2123 466 2207 figura
488 2130 536 2188 est
550 2125 695 2205 rotunda,
717 2124 761 2185 ita
783 2123 878 2185 etiam
902 2121 988 2204 quod
1011 2120 1037 2183 si
1061 2120 1133 2201 quis
1156 2138 1198 2182 ex
1220 2120 1297 2202 ipsis
1313 2118 1398 2182 domi
1415 2122 1557 2186 existens
1574 2122 1690 2188 dictam

224 2235 256 2286 15
292 2228 405 2290 seriem
436 2227 600 2290 divisionis
629 2245 780 2290 revocare
798 2222 909 2288 ‘vellet
938 2243 996 2288 seu
1026 2222 1174 2302 refutare,
1205 2228 1282 2286 tunc
1312 2224 1464 2306 praedicti
1486 2225 1610 2291 nobiles
1634 2229 1689 2309 qui

291 2349 397 2392 coram
421 2330 513 2393 nobis
535 2336 783 2413 comparuerunt
805 2335 837 2393 et
859 2332 1017 2393 steterunt
1039 2327 1144 2410 ipsum
1168 2327 1201 2388 in
1224 2326 1407 2390 huiusmodi
1427 2330 1508 2392 serie
1524 2329 1690 2396 divisionis

292 2433 489 2498 tenebuntur
511 2453 709 2514 conservare,
733 2434 909 2515 obligantes
931 2451 965 2495 se
980 2433 1112 2514 insuper
1135 2430 1230 2493 iidem
1253 2430 1376 2495 nobiles
1398 2437 1472 2496 ante
1493 2433 1577 2502 dicti.
1605 2435 1691 2516 quod

291 2536 330 2599 ab
354 2536 502 2601 omnibus
525 2538 581 2619 qui
603 2557 755 2622 processu
786 2543 965 2620 temporum
988 2535 1089 2597 dictos
1110 2533 1193 2597 filios
1216 2532 1369 2598 Demetrii
1396 2555 1493 2619 super
1515 2539 1609 2601 terris
1631 2558 1689 2603 seu

290 2641 544 2723 possessionibus
577 2640 724 2704 videlicet
753 2639 839 2717 Zwlr,
869 2638 1090 2719 Zawathclwlr,
1122 2637 1397 2720 Kuserdothelvrlr,
1428 2640 1634 2720 Nyesthelwlr
1657 2648 1690 2706 et

220 2749 255 2803 20
289 2744 456 2808 medietate
479 2744 740 2808 Kedelanthelwk
771 2745 803 2805 in
834 2742 976 2825 ipsorum
1007 2743 1152 2824 portione
1181 2740 1368 2805 cedentibus
1400 2743 1451 2807 vel
1482 2743 1583 2808 dictos
1604 2744 1687 2810 filios

288 2847 413 2911 Alberti
443 2867 540 2931 super
569 2848 736 2911 medietate
758 2847 900 2911 eiusdem
932 2845 1142 2929 possessionis
1163 2842 1418 2910 Kedelenthelulr
1441 2865 1482 2910 ex
1505 2854 1594 2930 parte
1616 2867 1687 2932 sep-

291 2951 459 3014 tentrionis
488 2952 645 3015 existente
674 2971 711 3015 ac
734 2950 809 3014 Zwlr
840 2956 872 3013 et
893 2946 1104 3030 Vyzathelnlr,
1134 2947 1379 3031 Kouestbelwk,
1409 2948 1626 3016 Gumathelulr
1658 2958 1691 3017 et

289 3051 614 3137 Bodwwelghthelwk
629 3054 773 3118 similiter
795 3053 1013 3136 proportione
1036 3052 1212 3115 eorundem
1234 3051 1421 3117 cedentibus
1444 3054 1689 3151 ordineiudici·

289 3156 356 3218 ario
379 3156 499 3220 vellent
520 3159 673 3241 impetere
696 3177 755 3222 seu
776 3157 937 3240 impedire,
960 3162 1038 3220 tunc
1067 3175 1132 3219 una
1157 3175 1230 3239 pars
1253 3158 1391 3238 partium
1414 3157 1544 3222 alteram
1566 3166 1689 3243 partem

222 3265 255 3319 25
292 3259 402 3322 ordine
424 3261 589 3325 iudiciario
605 3268 805 3344 aggravatam
816 3260 836 3337 ¹)
860 3260 1037 3324 secundnm
1060 3260 1129 3323 eins
1151 3260 1332 3323 facultatem
1355 3261 1506 3326 adiuvare
1529 3264 1690 3329 tenebitur

287 3364 425 3446 propriis
446 3363 608 3428 laboribus
631 3370 664 3428 et
679 3365 836 3448 expensis.
859 3364 898 3427 ln
913 3365 1006 3427 cuius
1027 3364 1074 3427 rei
1089 3364 1306 3427 testimonium
1329 3384 1365 3427 ac
1381 3365 1480 3428 robur
1498 3373 1688 3451 perpetuum

289 3465 328 3528 ad
351 3467 536 3530 instantiam
559 3475 592 3531 et
613 3469 796 3552 petitionem
820 3467 1053 3551 praedictarum
1061 3467 1083 3543 ²)
1106 3467 1245 3550 partium
1267 3474 1450 3551 praesentes
1473 3471 1688 3536 concessimus

289 3570 397 3634 literas
420 3571 514 3652 sigilli
536 3572 637 3635 nostri
658 3572 826 3656 pendentis
849 3572 1025 3635 munimine
1048 3571 1219 3635 roboratas.
1258 3570 1376 3635 Datum
1399 3572 1479 3636 feria
1500 3580 1593 3637 sexta
1613 3595 1686 3658 pro·

287 3674 374 3736 xima
386 3679 459 3737 ante
472 3673 662 3737 dominicam
677 3674 971 3759 Ramispalmarum,
987 3694 1071 3738 anno
1088 3675 1208 3738 domini
1223 3675 1271 3738 Μο
1283 3675 1375 3740 0000
1388 3675 1523 3740 xxx*
1537 3679 1687 3743 secundo.

217 3783 252 3836 30
287 3776 453 3842 Dominico
469 3780 657 3861 praeposito,
670 3777 767 3843 Sento
780 3785 917 3861 cantore,
928 3779 1046 3843 Thema
1061 3778 1194 3842 custode
1206 3784 1238 3843 et
1248 3779 1391 3842 Adriano
1404 3779 1523 3844 decano
1535 3780 1686 3847 ecclesiae

287 3887 415 3945 nostrae
437 3882 658 3946 existentibus.

942 4155 1034 4239 497.

364 4320 471 4389 1332
497 4317 634 4408 enpust
656 4324 686 4389 1.
715 4317 792 4389 Dus
818 4317 1098 4411 Weisseabarper
1115 4319 1259 4410 Kapitel
1285 4320 1431 4411 bezeupt,
1459 4322 1541 4394 dress
1565 4322 1686 4395 Janka

287 4460 352 4508 voa
375 4438 524 4509 Palatia
547 4460 655 4529 papea
674 4440 876 4530 Aasprdcbe
903 4440 965 4511 der
983 4441 1185 4511 Kastellum
1210 4464 1275 4513 voa
1292 4441 1387 4533 Repe
1413 4443 1486 4531 auf
1503 4445 1596 4516 seiae
1612 4444 1682 4516 Bc-

216 4573 251 4626 st
287 4558 422 4649 sileam
448 4558 566 4650 Lepta
592 4559 809 4651 Eiaspracbe
835 4561 979 4632 eteberi
1004 4562 1073 4632 bot.

442 4720 519 4790 θήρ.
537 4721 617 4792 Perp.
647 4722 750 4792 [lupar.
768 4723 1028 4779 Natioaalmuseum
1045 4724 1197 4793 Badapeat.
1225 4723 1548 4794 saepememoratus
1571 4726 1681 4797 Wucba,

305 4841 311 4850 ·
387 4822 447 4859 war
465 4807 523 4874 auf
535 4807 584 4861 der
602 4808 746 4863 Rdckaeita
763 4810 951 4879 auspedrr'tctt.

439 4926 551 4981 Druck:
569 4928 654 4998 Nopy
673 4929 1103 5000 uod.Andepamas11,orr.

1120 5039 1135 5074 ο

439 5100 506 5164 Nos
535 5102 710 5185 capitulum
741 5104 891 5167 ecclesiae
913 5103 1155 5167 Transsiluanae
1187 5105 1299 5168 danius
1321 5125 1379 5188 pro
1402 5108 1562 5190 memoria,
1594 5110 1680 5190 quod
1794 5166 1798 5172 .

213 5208 248 5262 40
283 5203 438 5267 accedeus
466 5204 507 5267 ad
537 5212 678 5269 nostram
708 5208 920 5290 praesentiam
941 5207 1046 5271 Janlxa
1074 5206 1160 5271 filius
1183 5206 1315 5290 Gregori
1346 5208 1461 5273 nobilis
1487 5210 1527 5274 de
1549 5210 1681 5275 Palatlra

439 5356 460 5423 ¹)
482 5355 616 5427 Vorloye:
633 5361 776 5428 agrestam

437 5443 459 5503 ¹)
477 5442 607 5511 Hiatus
619 5444 773 5499 mctmab:
789 5445 990 5515 praedictarum
