4088 6292
981 593 1136 689 jao—

363 780 441 844 ordo
464 780 564 860 exigit
586 780 727 861 rationis,
760 788 797 844 ut
819 780 851 843 id
873 799 930 864 per
952 780 1196 845 sollicitudinem
1220 780 1315 845 officii
1337 782 1439 845 nostri
1460 781 1501 844 ad
1522 780 1665 845 debitum
1686 802 1758 866 per-

361 884 497 947 ducatur
519 884 674 947 cffectum.
703 883 853 948 Exhibita
875 885 902 948 si
926 885 1055 966 quidem
1078 885 1171 949 nobis
1193 892 1300 950 vestra
1321 886 1430 970 petitio
1454 886 1645 967 continebat
1672 887 1758 968 quod

361 992 431 1051 orta
453 987 527 1051 olim
549 988 634 1050 inter
661 1007 720 1050 vos
750 1008 791 1051 ex
814 994 903 1071 parte
926 1009 991 1051 una
1013 995 1045 1052 et
1067 989 1198 1052 dilectos
1227 987 1310 1051 filios
1332 988 1507 1071 capitulum
1529 989 1680 1053 ecclesiae
1701 989 1758 1053 Al·

360 1091 468 1154 bensis
488 1090 714 1153 Transiluanac
745 1091 879 1153 diocesis
908 1111 950 1154 cx
980 1093 1080 1155 altera
1108 1111 1205 1175 super
1233 1092 1423 1174 quibusdam
1446 1092 1585 1175 decimis
1608 1111 1689 1174 quas
1718 1092 1758 1154 ad

360 1214 419 1257 vos
440 1194 652 1257 communiter
674 1193 859 1274 dictumque
881 1194 1056 1277 capitulum
1079 1196 1119 1259 ad
1135 1215 1168 1259 se
1184 1204 1326 1281 spectare
1341 1196 1490 1274 asseritis,
1512 1195 1645 1258 materia
1660 1214 1757 1276 quae-
1791 1206 1808 1259 o

360 1300 472 1363 stionis
502 1298 629 1363 tandem
660 1297 872 1360 mediantibus
906 1298 998 1362 bonis
1032 1301 1110 1363 viris
1141 1301 1295 1381 quaedam
1329 1301 1413 1363 inter
1446 1305 1552 1383 partes
1586 1298 1758 1363 amicabilis

360 1403 545 1485 compositio
576 1402 749 1465 intervenit
778 1402 967 1465 venerabilis
997 1403 1103 1467 fratris
1136 1406 1237 1467 nostri
1268 1404 1356 1468 Petri
1389 1403 1528 1486 episcopi
1558 1401 1757 1466 Transiluani

360 1506 400 1569 ad
423 1506 454 1568 id
478 1506 646 1569 accedente
668 1525 837 1585 consensu,
858 1514 967 1590 ¹prout
996 1507 1030 1568 in
1051 1506 1234 1590 patentibus
1265 1508 1365 1571 literis
1386 1507 1462 1570 inde
1484 1506 1635 1570 coniectis
1657 1506 1759 1590 ipsius

360 1609 499 1692 episcopi
522 1609 624 1692 sigillo
647 1610 779 1672 munitis
801 1610 928 1693 plenius
951 1609 1067 1672 dicitur
1088 1611 1251 1674 contineri.
1284 1611 1351 1675 Nos
1373 1612 1481 1693 itaque
1504 1610 1618 1674 vestris
1639 1609 1759 1693 suppli-

360 1712 539 1776 nationibus
560 1712 703 1776 inclinati
718 1715 980 1796 compositionem
995 1714 1103 1797 ipsam,
1127 1715 1211 1777 sicut
1232 1715 1292 1778 rite
1314 1716 1384 1779 sine
1398 1716 1555 1799 pravitate
1574 1734 1611 1777 ac
1625 1714 1757 1798 provide
1793 1723 1827 1778 10

361 1816 444 1879 iacta
466 1822 515 1880 est
537 1822 569 1880 et
591 1816 630 1879 ab
654 1822 790 1899 utraque
812 1824 902 1901 parte
925 1823 1038 1901 sponte
1060 1825 1188 1902 recepta
1210 1824 1242 1882 et
1264 1820 1417 1882 hactenus
1439 1817 1568 1903 pacifice
1591 1817 1759 1881 observata

360 1924 393 1983 ct
406 1920 441 1982 in
456 1920 587 1984 alterius
601 1921 830 2003 praeiudicium
845 1941 911 1984 non
929 1921 1096 1997 redundat
1117 1928 1216 1985 ratam
1233 1929 1265 1986 et
1279 1928 1400 2005 gratam
1416 1922 1576 2004 habentes,
1599 1941 1669 1986 eam
1684 1941 1758 1984 auc-

362 2025 488 2088 toritate
507 2025 680 2107 apostolica
697 2024 922 2088 confimiamus
945 2031 977 2088 et
1000 2026 1175 2109 praesentis
1194 2026 1303 2110 scripti
1321 2027 1495 2110 patrocinio
1515 2025 1757 2090 communimus

361 2126 450 2190 Nulli
478 2147 552 2210 orgo
584 2130 713 2192 omnino
744 2130 909 2193 homiuum
937 2129 1030 2193 liceat
1059 2130 1139 2192 hanc
1168 2130 1316 2213 peginam
1350 2138 1477 2194 nostrae
1510 2128 1759 2194 confirmationis

361 2231 534 2314 intringere
563 2232 614 2296 vel
644 2233 673 2296 ei
702 2252 783 2296 ausu
806 2234 973 2296 temerario
1003 2234 1169 2297 contraire,
1207 2233 1241 2298 Si
1271 2235 1343 2316 quis
1376 2240 1483 2298 autem
1513 2234 1572 2297 hoc
1602 2238 1757 2297 attentare
1795 2242 1827 2296 15

360 2336 616 2418 praesumpserit,
646 2336 896 2419 indignationem
926 2337 1153 2420 omnipotentis
1183 2337 1234 2401 dei
1256 2344 1289 2402 et
1314 2338 1480 2402 beatorum
1502 2338 1590 2401 Petri
1612 2344 1645 2401 et
1666 2336 1760 2401 Pauli

361 2439 578 2522 apostoloriun
600 2442 669 2505 eius
692 2461 726 2505 so
748 2442 875 2506 noverit
896 2443 1109 2505 incursurum.
1140 2440 1259 2505 Datum
1281 2441 1430 2524 Pictauis,
1453 2441 1483 2503 V
1505 2442 1583 2506 Idus
1604 2440 1759 2522 Octobris,

360 2540 563 2625 pontificatus
585 2544 686 2607 nostri
708 2564 792 2608 anno
817 2546 966 2609 secundo.

517 2646 547 2708 V

516 2767 591 2851 Auf
607 2767 662 2832 der
682 2767 858 2833 thckaeite:
879 2769 1037 2853 Rogerius
1059 2770 1099 2834 de
1120 2769 1233 2834 Rocca
1794 2776 1830 2832 20

361 2987 415 3054 Ru
516 2888 591 2990 ‘lys
613 2890 668 2952 der
697 2889 853 2954 thclcaeite
885 2892 950 2974 auf
977 2891 1044 2955 mm
1077 2899 1202 2956 acmen
1234 2892 1448 2977 ampelopenen
1479 2891 1760 2977 Pergameatrand:

443 2993 562 3057 Antan.

1020 3238 1110 3321 310.

439 3404 548 3472 1307
577 3400 766 3474 November
792 3409 822 3474 1.
851 3403 927 3474 Dos
952 3402 1233 3494 Weioscnharper
1249 3403 1395 3493 Kapitel
1420 3402 1566 3492 hamt,
1594 3403 1676 3473 dass
1697 3400 1759 3473 Je-

361 3522 471 3593 eliaes
506 3546 570 3594 ees
609 3522 741 3613 Vejesd
775 3526 873 3597 aneo
908 3524 1144 3595 Miihlentheil
1178 3523 1326 3594 deselhat
1353 3525 1423 3611 fe'r
1457 3523 1539 3593 awei
1569 3521 1680 3593 Merit
1714 3544 1761 3592 en
1796 3537 1830 3592 25

360 3642 535 3734 Mepe‘ster
561 3646 673 3735 Elpas
699 3647 860 3734 vericensi
887 3646 955 3717 het.

520 3808 595 3878 θήρ.
614 3810 694 3879 Pera.
713 3810 921 3878 Kapiteiarcbio
940 3809 1106 3877 Karlsbarp.
1127 3808 1215 3876 Siepel
1232 3823 1291 3860 war
1309 3807 1472 3876 unedreapt.

519 3930 630 3999 Repest:
652 3930 813 3984 Torttmlmi
832 3932 877 3984 ter
896 3935 971 3995 1889,
990 3934 1051 3984 579.

517 4105 698 4190 Capitulum
713 4106 862 4169 Albensis
884 4105 1035 4168 eeclesiae
1057 4105 1139 4168 beati
1155 4103 1318 4168 Michaelis
1340 4103 1519 4186 archangeli
1534 4102 1759 4166 lbansilnanae

361 4208 508 4272 omnibus
531 4208 647 4273 Christi
669 4208 815 4272 fidelibus
837 4208 971 4272 salutem
997 4209 1030 4270 in
1054 4209 1197 4271 omnium
1218 4206 1383 4271 salvatore.
1418 4203 1609 4287 Quoniaml
1715 4204 1757 4290 Γ)
1794 4210 1829 4264 30

360 4312 552 4393 provisionis
580 4313 721 4377 fortuitis
751 4312 919 4376 eventibus
950 4311 1083 4395 diligens
1111 4311 1269 4374 industria
1297 4311 1486 4393 plenumque
1516 4310 1706 4394 opprimitur
1728 4313 1760 4373 et

361 4435 512 4499 oppressa
535 4416 686 4480 damnum
709 4420 840 4499 generat
862 4416 1047 4496 vivacisque
1070 4414 1240 4478 memoriae
1255 4413 1355 4477 robur
1369 4413 1502 4477 suffocat
1524 4419 1556 4477 et
1573 4413 1759 4496 exstinguit

361 4519 495 4602 provida
522 4521 593 4584 vult
622 4520 712 4601 ratio,
744 4525 782 4583 ut
812 4520 919 4581 vincat
949 4518 1074 4599 veritas,
1108 4517 1183 4580 dum
1212 4518 1309 4581 fuerit
1340 4516 1504 4601 propalata
1535 4521 1568 4580 et
1601 4515 1760 4599 perennis,

361 4618 568 4706 testimo[ni0]
599 4643 665 4687 non
695 4627 824 4686 corruat
854 4621 980 4684 casibus
1007 4620 1176 4684 casualiter
1205 4622 1406 4704 oppressivis.
1451 4619 1589 4684 Proinde
1611 4618 1761 4681 noverint

362 4726 504 4790 universi
521 4732 584 4790 mm
607 4732 790 4810 praesentes
814 4744 910 4806 quam
933 4725 1043 4806 intimi,
1067 4724 1153 4806 quod
1167 4723 1312 4788 leolinus
1327 4723 1413 4788 filius
1427 4723 1573 4788 Walterii
1597 4720 1757 4804 quondam
1796 4728 1831 4781 36

361 4829 537 4912 iobagionis
568 4829 667 4892 nostri
698 4830 736 4893 de
759 4829 890 4892 Woiasd
920 4849 993 4892 cum
1016 4828 1187 4912 Bertolpho
1215 4835 1248 4892 et
1269 4827 1409 4891 Marsilio
1440 4827 1592 4890 tratribus
1614 4827 1682 4889 suis
1703 4844 1760 4907 pro

362 4952 396 4996 se
419 4940 451 4996 ot
472 4953 529 5016 pro
552 4932 686 4997 Herrico
715 4933 811 4996 tratre
840 4934 982 5017 ipsorum
1008 4932 1264 5014 comparentibus
1295 4931 1334 4994 ab
1358 4952 1424 4995 una
1445 4936 1534 5015 parte
1557 4934 1590 4993 et
1612 4930 1761 5013 magistro

361 5035 442 5116 Elya
465 5036 685 5100 archidiacono
708 5036 747 5099 de
762 5035 881 5098 Hunad
904 5035 1119 5098 concanonico
1135 5041 1244 5098 nostro
1267 5055 1309 5098 ex
1332 5036 1432 5098 altera
1453 5053 1561 5097 coram
1583 5033 1676 5096 nobis
1690 5052 1761 5116 per·

361 5139 512 5203 sonaliter
543 5141 733 5220 constitutis,
766 5138 850 5202 idem
884 5138 1028 5202 Jeclinus
1062 5140 1240 5222 portionem
1274 5159 1365 5203 suam
1399 5138 1438 5201 de
1471 5137 1653 5201 molendino
1687 5136 1761 5199 dicti

361 5243 502 5326 magistri
524 5242 633 5323 Elyaa
657 5243 742 5324 quod
766 5243 860 5305 habet
883 5260 979 5325 super
1001 5241 1155 5304 fossatum
1178 5239 1271 5304 tluvii
1290 5240 1371 5304 Gald
1393 5240 1508 5305 subtus
1530 5245 1661 5323 pontem
1683 5240 1761 5323 lapi·
1796 5246 1833 5301 40

361 5345 458 5409 deum
480 5344 621 5427 Woiasd,
645 5365 742 5428 quam
764 5347 798 5409 in
821 5346 933 5410 eodem
955 5343 1138 5407 molendino
1162 5363 1196 5408 se
1219 5346 1456 5428 contingentem
1480 5363 1551 5411 esse
1574 5343 1706 5427 dicebat
1728 5343 1763 5407 in

517 5484 537 5551 ι)
556 5481 655 5550 me,
675 5486 718 5537 re
738 5481 897 5537 aeaeae
915 5480 992 5537 oren
