4086 6300
1005 608 1159 702 Q

379 799 491 882 recipit
512 817 554 862 er
577 796 688 880 sigillo.
711 795 792 861 Gum
807 796 901 878 enim,
924 801 962 860 ut
981 796 1057 860 inde
1072 796 1286 877 exordiamur,
1308 795 1436 858 favente
1452 812 1499 877 eo,
1522 793 1614 859 cuius
1629 798 1680 859 est
1693 798 1779 858 tarra

380 907 412 965 et
433 900 599 986 plenitudo
622 900 700 982 eius,
731 899 969 964 serenissimum
1000 898 1127 962 culmen
1157 899 1320 982 regiminis
1341 897 1517 981 Hungarici
1544 902 1577 962 et
1599 897 1683 962 dicto
1705 918 1778 962 suo·

379 1005 516 1069 cessario
539 1023 597 1068 seu
619 1003 730 1067 ordine
752 1003 918 1085 geniturae
940 1002 980 1065 ad
1002 1020 1062 1065 nos
1084 1002 1290 1085 pervenisset,
1312 1002 1380 1086 ipse
1393 1001 1529 1065 Thomas
1550 1002 1688 1066 vaivoda
1701 1020 1778 1064 mox

378 1108 471 1171 nobis
502 1108 685 1179 adhaerens,
716 1125 892 1188 numquam
922 1110 1073 1170 anostra
1094 1105 1257 1169 maiestate
1283 1105 1407 1169 exstitit
1429 1109 1601 1188 separatus.
1639 1103 1777 1168 Domum

380 1230 453 1274 cum
484 1210 667 1275 succedenti
690 1214 832 1293 tempore
853 1208 1000 1273 Matheus
1022 1207 1062 1272 de
1083 1207 1276 1288 lhinchynio
1307 1207 1468 1288 quondam
1499 1212 1608 1271 noster
1639 1206 1777 1271 infidelis
1812 1213 1829 1265 o

378 1332 495 1397 pravae
524 1313 725 1396 cogitationis
756 1313 912 1377 desideria
941 1313 974 1374 in
1005 1316 1127 1376 secreto
1160 1316 1314 1395 concepta
1343 1311 1394 1374 sui
1416 1311 1520 1375 cordis
1553 1313 1690 1394 inopus
1712 1329 1778 1373 non

378 1418 552 1481 iomnidans
581 1417 767 1501 producere,
797 1416 854 1480 sed
883 1416 1061 1480 attrocitata
1091 1414 1242 1479 horrendi
1263 1415 1404 1478 criminis
1437 1420 1501 1478 tarn
1523 1432 1558 1478 se
1579 1413 1777 1496 maculando,

380 1539 477 1603 quam
499 1540 576 1584 suos
605 1525 749 1605 posteros
779 1524 948 1602 aggregata
976 1518 1036 1582 sibi
1066 1536 1198 1582 snorum
1231 1517 1421 1601 complicum
1448 1524 1576 1582 satanae
1606 1517 1779 1581 satellitum

378 1629 506 1688 caterva
527 1642 625 1707 prope
645 1623 806 1686 civitatem
821 1628 962 1686 nostram
978 1620 1076 1686 Cassa
1097 1627 1242 1685 vocatam
1257 1621 1377 1685 bellum
1391 1621 1559 1685 nobiscum
1581 1621 1778 1685 committere

379 1747 445 1790 non
469 1728 678 1808 formidasset
708 1726 741 1787 in
774 1744 838 1806 quo
869 1724 952 1789 bello
976 1725 1055 1788 deus
1077 1725 1237 1789 ultionum
1260 1730 1293 1788 et
1317 1724 1467 1788 dominus
1488 1725 1690 1789 exercituum
1711 1724 1777 1786 ric·
1814 1726 1848 1781 10

380 1831 494 1893 teriam
521 1830 614 1893 nobis
645 1828 757 1893 tribuit
777 1827 1010 1911 triumphalem,
1042 1827 1204 1910 praelatus
1225 1828 1360 1891 Thomas
1381 1828 1518 1891 vaivoda
1546 1848 1604 1911 pro
1626 1826 1778 1892 fidehtate

381 1934 487 2016 regiae
515 1952 651 1996 coronae
681 1932 788 1996 debita
816 1931 933 1995 ibidem
956 1929 1146 1993 decertando
1172 1930 1377 1994 vehementer
1399 1932 1560 1995 sauciatus
1582 1931 1778 2015 gratissimos

378 2036 471 2099 nobis
486 2036 641 2119 impendit
655 2036 835 2100 famulatus.
858 2035 909 2099 nd
925 2034 1002 2097 haec
1016 2053 1091 2097 cum
1112 2053 1172 2097 nos
1194 2038 1334 2098 castrum
1349 2040 1495 2097 nostrum
1509 2032 1706 2116 Wyssegrad
1720 2052 1778 2095 vo-

382 2146 497 2223 catum,
519 2140 605 2222 quod
619 2160 677 2224 per
691 2144 764 2204 ante
780 2138 900 2202 dictum
912 2136 1072 2202 infidelem
1083 2143 1229 2201 nostrum
1240 2139 1274 2199 in
1286 2138 1492 2222 opprobrium
1503 2137 1666 2220 regiminis
1677 2136 1779 2200 nostri

384 2244 594 2327 detinebatur,
615 2245 650 2307 iu
672 2245 792 2307 virtute
815 2241 921 2305 valida
934 2261 1032 2304 manu
1047 2242 1122 2304 lorti
1137 2243 1315 2325 expugnari
1330 2242 1524 2323 fecissemus,
1546 2240 1630 2304 idern
1644 2240 1779 2303 Thomas
1814 2245 1847 2296 15

380 2347 517 2410 vairoda
538 2345 577 2409 ab
599 2347 726 2430 incepto
748 2345 909 2410 fidehtatis
931 2345 1093 2428 proposito
1116 2364 1182 2408 non
1204 2346 1349 2409 resiliens
1371 2344 1492 2409 tamdm
1514 2345 1620 2428 ipsum
1638 2349 1778 2407 castrum

381 2470 453 2513 cum
485 2451 552 2512 suis
582 2456 615 2512 et
643 2449 713 2512 aliis
741 2447 890 2512 fidelibus
920 2449 1037 2511 nostris
1067 2447 1199 2530 obsedit,
1233 2448 1335 2512 donec
1364 2449 1446 2512 idem
1481 2448 1598 2513 nostris
1632 2447 1778 2512 manibus

379 2552 529 2615 traditum
552 2556 585 2615 et
607 2553 731 2616 exstitit
752 2551 981 2634 assignatum.¹)
1019 2550 1167 2615 Ceterum
1196 2572 1270 2616 cum
1292 2572 1351 2616 nos
1372 2553 1603 2616 mentionatum
1626 2551 1778 2615 Thomam

379 2654 546 2718 vaivodam
570 2661 647 2718 tunc
670 2654 877 2719 castellanum
900 2654 940 2718 de
954 2653 1069 2738 Lypua
1090 2660 1122 2719 et
1144 2654 1184 2719 de
1198 2654 1329 2719 Hoznos
1351 2675 1387 2719 ac
1409 2654 1548 2719 iudicem
1564 2653 1778 2718 Gomanorum

379 2758 420 2822 ad
441 2757 587 2821 inclitum
608 2758 784 2842 principem
800 2757 965 2822 dominum
979 2757 1160 2822 iohannem
1181 2759 1338 2824 illustrem
1360 2777 1467 2842 regem
1482 2758 1653 2822 Bohemiae
1674 2758 1778 2822 misis-
1813 2760 1848 2817 20

380 2880 496 2945 semus,
519 2868 556 2925 ut
576 2862 660 2925 inter
682 2882 741 2925 nos
764 2866 796 2926 et
824 2881 966 2926 sororem
997 2862 1066 2927 eius
1088 2863 1201 2927 foedus
1222 2862 1416 2927 matrimonii
1438 2861 1608 2944 ordinaret,
1638 2861 1723 2926 idem
1744 2862 1778 2924 in

380 2965 578 3029 ordinatione
593 2966 694 3029 nostri
708 2965 792 3050 iacti,
815 2967 849 3028 in
864 2967 1045 3049 receptione
1061 2971 1094 3030 et
1108 2965 1299 3030 adductione
1315 2965 1461 3030 dominae
1477 2964 1630 3030 Beatricis
1644 2965 1778 3029 condam

381 3070 561 3133 carissimae
590 3088 726 3152 sponsae
756 3074 883 3133 nostrae
914 3070 1032 3133 sororis
1062 3070 1145 3154 regis
1168 3074 1242 3133 ante
1264 3069 1340 3133 dicti
1361 3074 1488 3153 gratum
1510 3069 1603 3133 nobis
1633 3068 1780 3133 exhibuit

380 3173 547 3238 servitium
574 3192 612 3235 ac
642 3178 815 3255 acceptum.
852 3172 895 3236 Et
922 3172 997 3237 licet
1018 3180 1288 3257 praememoratus
1309 3173 1444 3237 Thomas
1474 3172 1612 3237 vaivoda
1631 3191 1690 3256 pro
1712 3172 1780 3236 suis

380 3277 543 3341 strennuis
558 3275 690 3357 actibuS,
705 3274 854 3340 fidelibus
869 3276 1016 3359 servitiis,
1037 3296 1095 3360 pro
1112 3296 1243 3341 suarum
1257 3277 1451 3360 probitatum
1466 3276 1640 3341 vimutibus
1654 3277 1779 3342 iructtrs
1813 3278 1848 3333 25

380 3379 513 3444 anobis
543 3377 779 3443 munificentiae
808 3378 978 3462 decarpere
1007 3383 1182 3443 mereretur
1204 3378 1382 3463 ampliores,
1412 3384 1519 3444 tamen
1545 3385 1584 3445 ut
1604 3380 1689 3444 votis
1710 3380 1780 3444 eius

382 3483 610 3566 aliquantisper
639 3501 821 3546 annuamus
850 3502 907 3566 pro
938 3482 1061 3566 magnis
1090 3482 1230 3563 minima,
1263 3501 1321 3565 pro
1351 3481 1459 3546 arduis
1485 3483 1604 3567 exigua
1634 3484 1780 3564 quamvis

380 3585 484 3648 iacere
506 3584 681 3665 videamur,
703 3585 871 3648 universas
885 3586 1103 3668 possessiones
1118 3591 1150 3650 et
1171 3592 1312 3649 castrum
1322 3584 1448 3668 Selgow
1463 3592 1612 3649 vocatum
1623 3586 1780 3649 Johannis

372 3687 439 3750 filii
460 3686 608 3751 Gomardi
631 3687 706 3750 clim
729 3687 865 3752 infidelis
888 3689 999 3771 nostri,
1030 3690 1142 3771 quiin
1165 3689 1324 3753 obstinata
1345 3707 1422 3752 suae
1444 3688 1639 3753 infidelitatis
1662 3689 1781 3752 malitia

382 3789 475 3853 nobis
497 3794 530 3853 et
551 3809 650 3872 regno
673 3796 783 3855 nostro
813 3792 938 3856 notorie
960 3799 1037 3856 nota
1058 3792 1142 3857 diem
1164 3792 1279 3856 clausit
1300 3797 1481 3855 extremum
1507 3798 1540 3856 et
1561 3811 1599 3856 ea
1620 3791 1660 3856 de
1682 3811 1780 3856 causa
1813 3795 1849 3849 30

382 3899 510 3957 nostrae
533 3893 694 3958 collationi
710 3895 877 3959 devolutas
898 3895 1159 3960 in'lransiluanis
1180 3895 1323 3979 partibus
1338 3895 1522 3977 existentes,
1545 3894 1629 3958 dicto
1643 3895 1780 3958 ihomas

381 3997 536 4060 vaivodae
565 4002 634 4061 tum
664 4003 795 4082 propter
829 3999 1109 4063 annunciationem
1141 4000 1249 4082 gaudii
1281 3998 1457 4062 nativitatis
1489 3998 1692 4082 primogeniti
1722 3996 1781 4061 filii

384 4101 486 4164 nostri
508 4101 671 4184 carissimi,
694 4108 763 4166 tum
786 4102 881 4166 etiam
902 4106 1033 4185 propter
1047 4101 1292 4165 satisfactionem
1308 4121 1441 4166 suorum
1463 4101 1671 4165 laudabilium
1685 4100 1780 4165 meri-

381 4208 488 4267 torum
517 4205 785 4288 praescriptorum
814 4224 888 4268 cum
918 4204 1092 4269 earundem
1112 4206 1351 4288 possessionum
1372 4211 1405 4269 et
1434 4205 1530 4269 castri
1551 4204 1727 4268 attinentiis
1748 4207 1781 4267 et

381 4305 572 4371 utilitatibus
601 4307 761 4371 universis
790 4306 851 4370 sibi
879 4312 912 4371 et
932 4325 991 4389 per
1019 4326 1094 4372 eum
1115 4307 1183 4371 suis
1205 4307 1375 4373 heredibus
1396 4308 1615 4389 heredumque
1642 4326 1775 4371 suorum
1811 4310 1847 4363 35

384 4410 620 4475 successoribus
642 4410 682 4475 de
704 4411 837 4475 consilio
867 4410 1023 4475 baronum
1046 4417 1229 4476 nostrorum
1251 4411 1406 4494 dedimus,
1437 4410 1627 4475 donavimus
1649 4416 1682 4474 et
1702 4427 1780 4473 con·

380 4514 514 4578 tulimus
536 4520 689 4599 perpetuo
711 4515 782 4579 iure
803 4514 1054 4579 irrevocabiliter
1075 4513 1290 4597 possidendas,
1313 4514 1467 4579 tenendas
1488 4518 1521 4578 et
1541 4512 1711 4577 habendas.
1741 4511 1780 4575 ln

385 4619 478 4682 cuius
499 4618 546 4682 rei
568 4617 754 4682 memoriam
775 4623 1027 4701 perpetuamque
1041 4616 1223 4681 firmitatem
1237 4623 1420 4701 praesentes
1442 4617 1658 4681 concessimus
1672 4615 1781 4679 literas

382 4726 507 4785 nocuas
530 4721 743 4805 privilegiales
764 4722 842 4785 nori
863 4726 897 4786 et
918 4720 1093 4785 authentici
1114 4719 1209 4802 sigilli
1223 4721 1325 4784 nostri
1339 4721 1475 4805 duplicis
1496 4719 1673 4783 munimine
1687 4716 1781 4782 robo-

383 4828 477 4888 ratas.
521 4823 641 4889 Datum
670 4844 728 4908 per
757 4844 871 4889 manus
902 4825 1029 4889 discreti
1058 4824 1121 4887 riri
1142 4824 1284 4907 magistri
1305 4825 1454 4889 Andreae
1479 4823 1607 4887 lectoris
1629 4822 1780 4886 ecclesiae
1814 4827 1851 4882 40

385 4925 745 5010 Quinqueecclesiensis,
767 4928 859 4992 aritae
881 4932 1008 4991 nostrae
1022 4927 1272 4991 vicecancellarii
1287 4928 1394 4992 dilecti
1408 4931 1441 4993 et
1454 4926 1557 4991 fidelis
1572 4926 1682 5009 nostri,
1697 4944 1782 4988 anno

383 5029 504 5094 domini
535 5030 704 5095 millesimo
727 5009 803 5095 (1οῧ
825 5009 894 5095 XX
923 5036 1046 5113 quarto,
1069 5031 1162 5094 tertio
1184 5030 1263 5095 Idus
1283 5032 1411 5116 Aprilis,
1433 5031 1523 5115 regni
1552 5035 1659 5094 autem
1681 5027 1783 5093 nostri

383 5153 467 5198 anno
495 5134 640 5199 similiter
660 5113 729 5198 XX
760 5140 882 5217 quarto.
919 5133 1164 5199 Venerabilibus
1194 5136 1229 5198 in
1256 5135 1381 5200 Christo
1409 5135 1553 5220 patribus
1583 5139 1617 5198 et
1645 5132 1782 5197 dominis

382 5237 531 5303 Bolezlao
563 5237 773 5322 strigoniensi
803 5245 836 5302 et
865 5238 963 5302 tratre
991 5237 1136 5302 ladislao
1159 5239 1325 5304 colocensi
1354 5237 1606 5323 archiepiscopis,
1633 5235 1782 5301 Johanne

382 5341 546 5424 Nihiensi,
568 5342 741 5407 Benedicto
766 5341 986 5426 Chanadiensi,
1010 5340 1146 5425 Georgia
1169 5342 1353 5427 Sirimiensi,
1375 5343 1472 5408 tratre
1494 5343 1590 5407 Petro
1613 5342 1782 5425 Boanensi,
1816 5347 1852 5401 45

544 5476 565 5547 ι)
586 5474 672 5532 oeae
689 5477 739 5533 aa
756 5476 832 5533 aaut
848 5476 1057 5549 maumam
