4048 6284
1024 595 1069 659 48

347 786 492 870 coniugis
507 788 635 848 nostrae
649 783 806 866 particeps
821 784 1005 866 exstitisset,
1020 785 1127 850 habito
1142 787 1305 850 communi
1319 786 1458 852 tiliorum
1479 793 1511 852 et
1529 787 1752 874 episcoporum

347 910 473 956 necnon
503 894 535 953 et
558 888 701 950 omnium
722 887 880 951 baronum
902 895 1086 952 nostrorum
1108 890 1250 972 consilio,
1270 892 1438 956 universas
1460 893 1603 957 eiusdem
1625 913 1751 978 posses·

347 996 453 1059 siones
475 991 675 1056 decrevimus
697 991 766 1054 tore
789 989 1007 1055 confiscandas
1029 994 1123 1057 etad
1146 1013 1260 1058 manus
1286 995 1391 1078 regias
1413 997 1526 1060 merito
1548 1003 1581 1061 et
1609 996 1750 1081 legitime

348 1096 572 1175 devolvendus,
595 1094 634 1157 de
657 1094 774 1176 quibus
794 1095 954 1177 quandam
977 1096 1077 1179 ipsius
1100 1098 1333 1180 possessionem
1354 1099 1485 1164 nomine
1508 1099 1643 1186 Sceplolx
1664 1102 1750 1166 ultra

347 1202 444 1267 silvas
466 1200 671 1264 constitutam
694 1216 767 1260 cum
789 1196 938 1262 omnibus
961 1199 1045 1264 villis
1068 1207 1100 1264 et
1122 1201 1266 1285 praediis,
1288 1201 1454 1283 libertinis,
1485 1204 1596 1285 servis,
1626 1205 1749 1269 ancillis
1784 1212 1801 1265 ὁ

347 1325 470 1370 necnon
503 1308 535 1367 et
564 1301 634 1365 aliis
663 1301 704 1364 ad
733 1300 866 1365 eandem
888 1304 1130 1387 pertinentibus,
1153 1306 1248 1369 certis
1270 1307 1363 1369 metis
1385 1311 1418 1369 et
1439 1307 1583 1371 terminis
1605 1307 1750 1391 undique

347 1410 528 1474 distinctam
558 1405 672 1469 dilecto
702 1424 739 1467 ac
761 1404 846 1468 fideli
869 1411 979 1469 nostro
1001 1404 1145 1472 Dionisio
1171 1407 1237 1472 filio
1259 1407 1408 1491 Dyonisii
1436 1410 1587 1493 magistro
1610 1412 1749 1476 taverni-

347 1532 457 1577 corum
487 1516 670 1574 nostrorum
702 1507 741 1571 ob
769 1508 958 1572 indeciduae
987 1508 1148 1574 fidelitatis
1180 1531 1257 1577 suae
1286 1513 1507 1595 constantiam,
1537 1533 1634 1596 quam
1656 1515 1749 1580 nobis

348 1618 418 1680 loco
442 1621 474 1679 et
497 1620 638 1699 tempore
661 1611 880 1675 indesinenter
902 1618 933 1675 et
956 1612 1152 1677 excellenter
1181 1616 1336 1698 exhibuit,
1366 1617 1437 1680 iure
1460 1614 1649 1680 hereditario
1672 1637 1749 1681 con-

347 1720 478 1783 trrlimus
493 1716 716 1801 possidendam
737 1717 773 1778 in
787 1716 1020 1798 possessionem
1038 1717 1102 1780 iam
1125 1717 1241 1782 dictam
1263 1718 1467 1803 perfidelem
1489 1725 1636 1783 nostrum
1653 1720 1746 1785 Alcol
1784 1729 1818 1783 10

346 1822 462 1887 Bodun
485 1822 643 1901 comitem,
663 1819 702 1882 de
721 1837 837 1902 genere
851 1818 931 1901 Aba,
953 1818 1019 1884 filio
1045 1819 1225 1885 leustachii
1248 1824 1436 1886 auctoritate
1463 1824 1550 1906 regia
1570 1825 1676 1908 ipsum
1697 1827 1747 1889 in·

347 1927 471 1991 uoduci
501 1926 661 1989 facientes.
712 1921 812 1986 Gaius
844 1923 947 2005 prima
983 1931 1068 1988 meta
1097 1925 1209 2010 incipit
1238 1945 1258 1988 a
1286 1932 1375 2009 parte
1405 1927 1551 1992 orientali
1583 1929 1617 1992 in
1646 1927 1746 1994 fluvio

346 2029 457 2094 Morus
478 2030 513 2092 in
536 2028 605 2091 loco
633 2028 690 2109 qui
717 2031 851 2090 vocatur
872 2025 1097 2110 Mogorreuu1)
1127 2030 1226 2093 etsie
1248 2030 1426 2094 secundum
1450 2050 1581 2095 cursum
1603 2033 1747 2097 eiusdem

346 2133 457 2197 Morus
479 2133 520 2196 ad
542 2132 703 2196 sinistram
724 2131 807 2194 iacet
828 2130 970 2212 magistri
985 2129 1132 2213 Dyonisii
1155 2139 1248 2215 terra,
1279 2134 1318 2197 ad
1341 2133 1488 2198 dextram
1503 2154 1580 2200 vero
1602 2142 1747 2203 remanet

346 2243 431 2301 terra
452 2236 590 2300 Simonis
605 2233 689 2315 bani,
712 2233 827 2297 deinde
849 2233 952 2298 adhuc
973 2235 1007 2297 in
1032 2254 1129 2300 cursu
1150 2238 1295 2302 eiusdem
1316 2235 1428 2302 Morus
1448 2239 1515 2302 itur
1538 2239 1578 2303 ed
1602 2246 1743 2304 casuum
1780 2249 1813 2302 15

344 2342 496 2421 Wecheu,
519 2346 551 2403 et
580 2338 640 2402 snb
669 2343 772 2401 castro
795 2336 938 2402 Wecheu
967 2336 1108 2403 flectitur
1136 2341 1177 2404 ad
1207 2341 1353 2404 dextram
1382 2361 1513 2405 manum
1543 2348 1576 2405 et
1597 2343 1641 2406 ibi
1669 2349 1746 2407 aunt

345 2446 427 2509 duae
441 2450 543 2508 metae
565 2444 599 2505 in
616 2449 708 2523 terra,
724 2441 838 2505 deinde
860 2442 964 2525 vergit
979 2461 1093 2508 versus
1107 2444 1304 2509 occidentem
1327 2450 1360 2507 et
1381 2446 1525 2510 ascendit
1546 2447 1580 2509 in
1603 2453 1745 2512 montem

344 2549 400 2631 qui
422 2553 556 2611 vocatur
574 2545 678 2627 Zalral,
700 2545 745 2609 ibi
767 2552 844 2609 sunt
865 2546 947 2610 duae
969 2552 1081 2628 metae,
1104 2565 1241 2628 quarum
1263 2567 1330 2611 una
1350 2548 1385 2610 in
1411 2554 1504 2630 terra,
1527 2549 1589 2612 alia
1610 2570 1687 2614 vero
1709 2552 1745 2614 in

343 2651 476 2716 arbore(
500 2650 624 2714 Deinde
646 2649 810 2714 descendit
832 2650 871 2713 ad
887 2649 1034 2734 paludem
1058 2652 1192 2716 eandem
1214 2651 1319 2734 Zakal,
1342 2671 1440 2734 qnam
1458 2652 1608 2736 paludem
1629 2655 1744 2719 manat

342 2757 427 2820 ultra
442 2756 482 2819 ad
497 2753 731 2836 Dienustelelxe,
747 2754 861 2818 deinde
876 2754 964 2819 vadit
978 2756 1072 2819 iuxta
1087 2755 1195 2818 villam
1209 2754 1302 2836 Luer,
1319 2775 1401 2838 quae
1416 2756 1493 2819 villa
1506 2755 1591 2821 Luer
1610 2758 1651 2821 ad
1665 2758 1743 2821 sini-
1778 2763 1814 2819 20

342 2866 440 2924 stram
455 2864 597 2923 remanet
611 2859 761 2942 magistro
777 2857 943 2940 Dyonisio,
965 2859 999 2921 in
1015 2858 1130 2923 denua
1144 2879 1221 2923 vero
1240 2865 1329 2944 parta
1344 2866 1488 2925 remanet
1503 2866 1589 2925 terre
1603 2859 1742 2926 Simonis

342 2964 417 3027 bani
432 2970 465 3027 et
479 2963 524 3027 sic
540 2962 645 3026 eundo
662 2962 804 3026 ascendit
825 2963 858 3024 in
875 2982 1026 3046 magnum
1048 2969 1199 3045 montem,
1214 2963 1329 3027 deinde
1345 2963 1509 3028 descendit
1524 2964 1564 3028 de
1586 2971 1695 3030 monte
1711 2970 1743 3030 et

342 3068 480 3132 declinat
501 3067 568 3130 fere
590 3085 703 3130 versus
717 3066 891 3148 meridiem,
915 3074 946 3131 et
967 3067 1012 3131 ibi
1034 3068 1149 3131 mansit
1165 3086 1263 3131 unam
1284 3086 1431 3151 magnam
1448 3068 1533 3131 riam
1556 3086 1639 3151 quae
1654 3068 1743 3133 ducit

341 3173 381 3238 de
404 3171 538 3257 Sceplok
560 3189 664 3253 usque
686 3171 720 3233 in
749 3169 872 3254 Regun.
905 3169 1029 3235 Deinde
1058 3170 1201 3235 ascendit
1226 3172 1344 3235 iterum
1364 3172 1400 3234 in
1421 3171 1632 3235 monticulum
1655 3172 1742 3236 etin

341 3276 562 3341 terminatione
585 3275 728 3339 eiusdem
750 3274 917 3337 monticuli
939 3275 1103 3339 descendit
1116 3293 1230 3339 versus
1245 3274 1442 3339 occidentem
1463 3275 1504 3338 ad
1525 3272 1662 3340 flurium
1685 3276 1742 3359 qui
1777 3280 1812 3337 25

340 3386 474 3444 vocatur
494 3379 615 3462 Lyuch,
631 3378 745 3443 deinde
760 3379 875 3442 transit
888 3376 1009 3442 flumen
1031 3378 1168 3461 illudet
1189 3376 1470 3456 conterminatur2)
1493 3384 1595 3443 terrae
1618 3380 1742 3443 comitis

341 3485 433 3548 Bana
455 3491 487 3548 et
509 3484 553 3547 ibi
576 3489 625 3547 est
646 3488 732 3546 meta
752 3483 787 3545 in
809 3487 902 3546 terra
935 3479 1059 3547 Deinde
1081 3482 1224 3547 ascendit
1245 3483 1280 3545 in
1302 3482 1431 3546 sinistra
1457 3485 1548 3565 parte
1577 3482 1670 3546 iuxta
1699 3483 1742 3545 ri·

340 3589 453 3652 nulum
484 3586 578 3650 Miles
600 3604 714 3649 versus
736 3584 920 3667 aquilonem
949 3590 982 3649 et
1004 3587 1049 3649 sic
1069 3586 1135 3650 itur
1156 3586 1197 3649 ad
1225 3585 1333 3649 locum
1355 3584 1410 3648 ubi
1440 3591 1518 3648 sunt
1547 3590 1612 3649 tres
1639 3591 1741 3650 metae

338 3692 430 3757 Bana
451 3691 575 3755 comitis
598 3691 632 3753 in
654 3695 747 3770 terra,
777 3687 892 3752 deinde
914 3689 1008 3752 iuxta
1036 3688 1135 3752 alium
1160 3688 1303 3752 rimrlum
1334 3688 1391 3770 qui
1417 3695 1551 3752 vocatur
1581 3687 1741 3771 Osoiosyd

338 3796 481 3861 ascendit
503 3794 659 3878 superius,
688 3792 866 3856 secundum
895 3811 1027 3855 cursum
1056 3791 1199 3856 eiusdem
1228 3790 1321 3854 fluvii
1350 3797 1382 3855 et
1410 3792 1445 3853 in
1470 3792 1572 3875 capite
1595 3792 1737 3856 eiusdem
1773 3797 1809 3852 30

338 3899 429 3964 fluvii
460 3906 536 3963 sunt
565 3898 647 3961 duae
677 3902 780 3960 metae
807 3895 964 3959 Johannis
985 3893 1043 3957 filii
1069 3893 1229 3979 Stephani,
1259 3894 1374 3958 deinde
1403 3895 1492 3958 radit
1521 3895 1561 3957 ed
1588 3914 1741 3960 cacumen

338 4004 465 4085 montis,
488 4008 520 4066 et
541 4002 575 4064 in
597 4000 762 4064 cacumine
784 3999 885 4084 ipsius
906 3999 1025 4062 montis
1045 3999 1149 4082 posita
1170 4005 1220 4063 est
1241 4005 1325 4062 meta
1347 3998 1488 4062 eiusdem
1504 3997 1662 4063 Johannis
1683 3997 1740 4062 filii

338 4107 497 4192 Stephani.
525 4106 562 4169 In
580 4105 692 4169 eodem
714 4123 790 4166 vero
806 4108 923 4184 monte,
945 4102 1002 4166 ubi
1017 4103 1205 4167 terminatur
1224 4108 1308 4167 terra
1321 4101 1487 4183 iohannis,
1509 4105 1586 4164 sunt
1600 4105 1741 4182 quatuor

337 4219 440 4276 metae
462 4216 495 4274 et
519 4209 563 4273 ibi
592 4210 694 4291 tangit
714 4213 831 4271 metam
853 4205 999 4287 Emerici,
1021 4206 1056 4269 in
1078 4206 1189 4270 eodem
1219 4206 1315 4270 etiam
1337 4211 1445 4269 monte
1467 4204 1555 4268 vadit
1576 4222 1633 4287 per
1655 4205 1740 4267 riam

338 4316 377 4379 ad
398 4313 609 4378 monticulum
642 4329 754 4391 unum,
776 4308 832 4372 ubi
862 4310 1051 4374 terminatur
1083 4316 1167 4374 meta
1195 4309 1342 4392 Emerici,
1364 4307 1473 4389 ibique
1501 4307 1600 4371 intrat
1621 4312 1738 4371 metam
1773 4313 1808 4369 35

338 4420 463 4483 comitis
493 4416 667 4498 Coquinus,
691 4421 723 4477 et
746 4413 791 4476 aio
821 4413 985 4477 descendit
1006 4414 1040 4477 in
1063 4413 1178 4478 vallem
1201 4413 1258 4496 qui
1280 4418 1414 4476 rocatm
1432 4410 1529 4475 Zelua
1559 4410 1639 4475 Inde
1668 4411 1740 4475 des-

338 4521 444 4586 cendit
459 4521 499 4584 ad
522 4518 658 4582 flurimn
682 4517 738 4600 qui
761 4523 895 4580 vocatur
916 4516 1087 4580 Piztemha
1108 4522 1140 4579 et
1163 4517 1207 4580 sic
1230 4516 1408 4580 secundum
1435 4534 1566 4579 cursum
1595 4514 1739 4579 eiusdem
1778 4531 1784 4539 ·

337 4624 429 4689 fluvii
459 4625 547 4687 vadit
576 4622 724 4706 superius
753 4639 866 4684 versus
888 4618 1080 4702 aquilonem,
1103 4620 1143 4684 ed
1168 4620 1276 4682 villam
1291 4619 1409 4701 Radus,
1429 4638 1511 4701 quae
1533 4623 1677 4683 remanet
1698 4620 1739 4683 ad

338 4727 484 4791 dextram
499 4744 639 4804 manum,
662 4724 703 4787 ad
718 4723 879 4787 sinistram
902 4742 978 4787 vero
1000 4730 1124 4807 partem
1145 4725 1211 4788 itur
1233 4724 1381 4808 superius
1403 4727 1436 4786 et
1458 4723 1503 4786 sic
1524 4722 1559 4784 in
1582 4721 1738 4805 superiori

337 4835 427 4914 parte
449 4828 543 4891 villae
565 4827 668 4911 posita
690 4833 739 4891 est
760 4832 853 4908 meta,
875 4826 932 4889 ubi
961 4826 1150 4891 terminatur
1172 4833 1257 4892 terra
1278 4827 1402 4891 comitis
1425 4825 1601 4907 Coquinus,
1623 4823 1738 4888 deinde
1772 4828 1808 4884 40

337 4934 438 5017 tangit
467 4936 584 4995 metam
613 4929 767 4994 Demetrii
796 4938 828 4995 et
860 4930 1003 4994 ascendit
1032 4930 1072 4994 ed
1101 4936 1242 4994 montem
1273 4930 1328 5013 qui
1359 4934 1494 4993 vocatur
1515 4927 1615 4991 Zaurs
1643 4931 1676 4991 et
1703 4927 1738 4990 in

337 5039 448 5103 eodem
477 5042 586 5100 monte
616 5036 705 5099 vadit
733 5054 846 5098 versus
876 5034 1039 5116 orientem,
1061 5039 1095 5097 et
1124 5038 1173 5097 est
1195 5039 1280 5097 meta
1312 5033 1372 5097 sub
1394 5032 1466 5096 ilice
1488 5032 1600 5115 posita,
1623 5030 1738 5095 deinde

336 5144 479 5207 ascendit
500 5142 540 5205 ad
563 5140 723 5203 sinistram
739 5145 861 5223 partem
882 5138 966 5202 inter
988 5138 1070 5201 duos
1091 5136 1176 5201 Bilm
1199 5136 1254 5199 ubi
1277 5145 1354 5200 sunt
1368 5137 1450 5200 duae
1472 5141 1575 5199 metae
1597 5134 1738 5198 maxime

336 5248 370 5311 in
399 5254 485 5310 terra
504 5246 539 5309 in
565 5244 705 5329 planitie,
727 5242 842 5306 deinde
863 5241 952 5305 vadit
980 5241 1022 5305 ad
1043 5240 1254 5305 monticulum
1275 5259 1387 5322 unum,
1410 5239 1449 5303 de
1474 5258 1538 5321 quo
1561 5238 1736 5303 monticulo

491 5382 512 5451 ¹)
530 5379 745 5450 Fridooldasty,
762 5376 896 5446 ebenfalta
912 5377 984 5432 nect
1000 5376 1062 5432 dem
1080 5374 1172 5446 Oeta:
1189 5375 1354 5445 Magonem
1769 5372 1804 5428 dd

489 5467 511 5541 ¹)
529 5464 567 5523 Sc
584 5465 715 5537 Ketaion.
737 5464 870 5536 Vorlepc:
887 5463 1061 5519 continuatur.
