<?xml version="1.0" encoding="UTF-8"?>
<!DOCTYPE html PUBLIC "-//W3C//DTD XHTML 1.0 Transitional//EN"
    "http://www.w3.org/TR/xhtml1/DTD/xhtml1-transitional.dtd">
<html xmlns="http://www.w3.org/1999/xhtml" xml:lang="en" lang="en">
 <head>
  <title>
</title>
<meta http-equiv="Content-Type" content="text/html;charset=utf-8" />
  <meta name='ocr-system' content='tesseract 3.04.00' />
  <meta name='ocr-capabilities' content='ocr_page ocr_carea ocr_par ocr_line ocrx_word'/>
</head>
<body>
  <div class='ocr_page' id='page_1' title='image "./urkundenbuchzur00mlgoog_0259.png"; bbox 0 0 4088 6292; ppageno 0'>
   <div class='ocr_carea' id='block_1_1' title="bbox 1000 597 1155 691">
    <p class='ocr_par' dir='ltr' id='par_1_1' title="bbox 1000 597 1155 691">
     <span class='ocr_line' id='line_1_1' title="bbox 1000 597 1155 691; baseline 0 -33"><span class='ocrx_word' id='word_1_1' title='bbox 1000 597 1155 691; x_wconf 36' lang='grc' dir='ltr'><strong>,εξε-</strong></span> 
     </span>
    </p>
   </div>
   <div class='ocr_carea' id='block_1_2' title="bbox 371 782 1842 5443">
    <p class='ocr_par' dir='ltr' id='par_1_2' title="bbox 371 782 1842 5443">
     <span class='ocr_line' id='line_1_2' title="bbox 375 782 1774 870; baseline 0.004 -27"><span class='ocrx_word' id='word_1_2' title='bbox 375 784 477 844; x_wconf 90' lang='lat' dir='ltr'>terrae</span> <span class='ocrx_word' id='word_1_3' title='bbox 493 782 587 844; x_wconf 80' lang='lat' dir='ltr'>Vilalr</span> <span class='ocrx_word' id='word_1_4' title='bbox 611 789 712 846; x_wconf 88' lang='lat' dir='ltr'>metae</span> <span class='ocrx_word' id='word_1_5' title='bbox 735 783 780 847; x_wconf 91' lang='lat' dir='ltr'>sic</span> <span class='ocrx_word' id='word_1_6' title='bbox 803 784 1052 866; x_wconf 87' lang='lat' dir='ltr'>distinguuntur.</span> <span class='ocrx_word' id='word_1_7' title='bbox 1075 784 1202 849; x_wconf 79' lang='lat' dir='ltr'>Scilicet</span> <span class='ocrx_word' id='word_1_8' title='bbox 1223 788 1325 870; x_wconf 92' lang='lat' dir='ltr'>prima</span> <span class='ocrx_word' id='word_1_9' title='bbox 1340 791 1425 850; x_wconf 87' lang='lat' dir='ltr'>meta</span> <span class='ocrx_word' id='word_1_10' title='bbox 1446 785 1582 850; x_wconf 86' lang='lat' dir='ltr'>fluvium</span> <span class='ocrx_word' id='word_1_11' title='bbox 1597 787 1774 870; x_wconf 75' lang='lat' dir='ltr'>Kiikellew,</span> 
     </span>
     <span class='ocr_line' id='line_1_3' title="bbox 375 885 1774 975; baseline 0.007 -29"><span class='ocrx_word' id='word_1_12' title='bbox 375 885 431 966; x_wconf 89' lang='lat' dir='ltr'>qui</span> <span class='ocrx_word' id='word_1_13' title='bbox 454 885 566 948; x_wconf 86' lang='lat' dir='ltr'>dividit</span> <span class='ocrx_word' id='word_1_14' title='bbox 595 892 710 949; x_wconf 90' lang='lat' dir='ltr'>terram</span> <span class='ocrx_word' id='word_1_15' title='bbox 733 887 812 950; x_wconf 83' lang='lat' dir='ltr'>Bwn</span> <span class='ocrx_word' id='word_1_16' title='bbox 837 909 856 951; x_wconf 90' lang='lat' dir='ltr'>a</span> <span class='ocrx_word' id='word_1_17' title='bbox 878 895 963 951; x_wconf 86' lang='lat' dir='ltr'>terra</span> <span class='ocrx_word' id='word_1_18' title='bbox 985 889 1095 952; x_wconf 88' lang='lat' dir='ltr'>Nonec</span> <span class='ocrx_word' id='word_1_19' title='bbox 1118 896 1238 972; x_wconf 77' lang='lat' dir='ltr'>vocata,</span> <span class='ocrx_word' id='word_1_20' title='bbox 1269 910 1288 954; x_wconf 88' lang='lat' dir='ltr'>a</span> <span class='ocrx_word' id='word_1_21' title='bbox 1317 897 1405 975; x_wconf 87' lang='lat' dir='ltr'>parte</span> <span class='ocrx_word' id='word_1_22' title='bbox 1435 910 1511 954; x_wconf 86' lang='lat' dir='ltr'>vero</span> <span class='ocrx_word' id='word_1_23' title='bbox 1544 897 1646 955; x_wconf 89' lang='lat' dir='ltr'>terrae</span> <span class='ocrx_word' id='word_1_24' title='bbox 1668 890 1774 975; x_wconf 82' lang='lat' dir='ltr'>Sugus</span> 
     </span>
     <span class='ocr_line' id='line_1_4' title="bbox 375 987 1772 1079; baseline 0.006 -30"><span class='ocrx_word' id='word_1_25' title='bbox 375 987 544 1071; x_wconf 85' lang='lat' dir='ltr'>distinguit</span> <span class='ocrx_word' id='word_1_26' title='bbox 564 990 662 1072; x_wconf 80' lang='lat' dir='ltr'><strong>ipsam</strong></span> <span class='ocrx_word' id='word_1_27' title='bbox 689 997 801 1054; x_wconf 89' lang='lat' dir='ltr'>metam</span> <span class='ocrx_word' id='word_1_28' title='bbox 826 991 1008 1075; x_wconf 85' lang='lat' dir='ltr'>Segnswar;</span> <span class='ocrx_word' id='word_1_29' title='bbox 1040 995 1115 1056; x_wconf 89' lang='lat' dir='ltr'>item</span> <span class='ocrx_word' id='word_1_30' title='bbox 1140 994 1269 1075; x_wconf 79' lang='lat' dir='ltr'>qiridam</span> <span class='ocrx_word' id='word_1_31' title='bbox 1293 993 1381 1056; x_wconf 84' lang='lat' dir='ltr'>birch</span> <span class='ocrx_word' id='word_1_32' title='bbox 1404 996 1536 1058; x_wconf 81' lang='lat' dir='ltr'>vemens</span> <span class='ocrx_word' id='word_1_33' title='bbox 1559 995 1593 1056; x_wconf 92' lang='lat' dir='ltr'>in</span> <span class='ocrx_word' id='word_1_34' title='bbox 1616 996 1772 1079; x_wconf 79' lang='lat' dir='ltr'>superiori</span> 
     </span>
     <span class='ocr_line' id='line_1_5' title="bbox 373 1094 1772 1179; baseline 0.004 -24"><span class='ocrx_word' id='word_1_35' title='bbox 373 1097 463 1175; x_wconf 89' lang='lat' dir='ltr'>parte</span> <span class='ocrx_word' id='word_1_36' title='bbox 492 1094 656 1157; x_wconf 84' lang='lat' dir='ltr'>cuiusdam</span> <span class='ocrx_word' id='word_1_37' title='bbox 689 1095 785 1159; x_wconf 81' lang='lat' dir='ltr'>fontis</span> <span class='ocrx_word' id='word_1_38' title='bbox 816 1097 872 1177; x_wconf 89' lang='lat' dir='ltr'>qui</span> <span class='ocrx_word' id='word_1_39' title='bbox 901 1096 1018 1159; x_wconf 90' lang='lat' dir='ltr'>dicitur</span> <span class='ocrx_word' id='word_1_40' title='bbox 1039 1097 1212 1179; x_wconf 71' lang='lat' dir='ltr'>Hideglrut</span> <span class='ocrx_word' id='word_1_41' title='bbox 1244 1099 1299 1179; x_wconf 90' lang='lat' dir='ltr'>qui</span> <span class='ocrx_word' id='word_1_42' title='bbox 1323 1098 1436 1161; x_wconf 84' lang='lat' dir='ltr'>dividit</span> <span class='ocrx_word' id='word_1_43' title='bbox 1459 1104 1575 1162; x_wconf 87' lang='lat' dir='ltr'>terram</span> <span class='ocrx_word' id='word_1_44' title='bbox 1598 1098 1711 1162; x_wconf 86' lang='lat' dir='ltr'>Hetwr</span> <span class='ocrx_word' id='word_1_45' title='bbox 1732 1099 1772 1163; x_wconf 89' lang='lat' dir='ltr'>ab</span> 
     </span>
     <span class='ocr_line' id='line_1_6' title="bbox 374 1196 1825 1284; baseline 0.003 -25"><span class='ocrx_word' id='word_1_46' title='bbox 374 1196 442 1279; x_wconf 90' lang='lat' dir='ltr'>ipsa</span> <span class='ocrx_word' id='word_1_47' title='bbox 464 1203 549 1260; x_wconf 88' lang='lat' dir='ltr'>terra</span> <span class='ocrx_word' id='word_1_48' title='bbox 571 1197 661 1260; x_wconf 87' lang='lat' dir='ltr'>Bwn.</span> <span class='ocrx_word' id='word_1_49' title='bbox 704 1200 743 1262; x_wconf 90' lang='lat' dir='ltr'>In</span> <span class='ocrx_word' id='word_1_50' title='bbox 774 1201 885 1263; x_wconf 88' lang='lat' dir='ltr'>eodem</span> <span class='ocrx_word' id='word_1_51' title='bbox 915 1201 1003 1264; x_wconf 89' lang='lat' dir='ltr'>birch</span> <span class='ocrx_word' id='word_1_52' title='bbox 1034 1202 1193 1265; x_wconf 91' lang='lat' dir='ltr'>tendendo</span> <span class='ocrx_word' id='word_1_53' title='bbox 1224 1203 1389 1284; x_wconf 88' lang='lat' dir='ltr'>usquead</span> <span class='ocrx_word' id='word_1_54' title='bbox 1419 1208 1535 1265; x_wconf 89' lang='lat' dir='ltr'>metam</span> <span class='ocrx_word' id='word_1_55' title='bbox 1565 1222 1646 1284; x_wconf 88' lang='lat' dir='ltr'>quae</span> <span class='ocrx_word' id='word_1_56' title='bbox 1669 1204 1773 1267; x_wconf 88' lang='lat' dir='ltr'>estin</span> <span class='ocrx_word' id='word_1_57' title='bbox 1809 1212 1825 1264; x_wconf 90' lang='lat'>5</span> 
     </span>
     <span class='ocr_line' id='line_1_7' title="bbox 373 1299 1771 1389; baseline 0.006 -27"><span class='ocrx_word' id='word_1_58' title='bbox 373 1299 462 1363; x_wconf 91' lang='lat' dir='ltr'>birch</span> <span class='ocrx_word' id='word_1_59' title='bbox 484 1320 581 1384; x_wconf 88' lang='lat' dir='ltr'>super</span> <span class='ocrx_word' id='word_1_60' title='bbox 602 1302 885 1388; x_wconf 80' lang='lat' dir='ltr'>Meeznestpatalra,</span> <span class='ocrx_word' id='word_1_61' title='bbox 909 1306 964 1387; x_wconf 89' lang='lat' dir='ltr'>qui</span> <span class='ocrx_word' id='word_1_62' title='bbox 987 1306 1100 1368; x_wconf 85' lang='lat' dir='ltr'>dividit</span> <span class='ocrx_word' id='word_1_63' title='bbox 1121 1307 1221 1389; x_wconf 82' lang='lat' dir='ltr'>ipsam</span> <span class='ocrx_word' id='word_1_64' title='bbox 1244 1312 1361 1371; x_wconf 87' lang='lat' dir='ltr'>terram</span> <span class='ocrx_word' id='word_1_65' title='bbox 1383 1307 1465 1370; x_wconf 88' lang='lat' dir='ltr'>Bwn</span> <span class='ocrx_word' id='word_1_66' title='bbox 1487 1306 1526 1369; x_wconf 91' lang='lat' dir='ltr'>ab</span> <span class='ocrx_word' id='word_1_67' title='bbox 1550 1313 1634 1370; x_wconf 82' lang='lat' dir='ltr'>terra</span> <span class='ocrx_word' id='word_1_68' title='bbox 1655 1307 1771 1387; x_wconf 78' lang='lat' dir='ltr'>Nudas,</span> 
     </span>
     <span class='ocr_line' id='line_1_8' title="bbox 374 1404 1772 1494; baseline 0.006 -28"><span class='ocrx_word' id='word_1_69' title='bbox 374 1404 449 1467; x_wconf 88' lang='lat' dir='ltr'>item</span> <span class='ocrx_word' id='word_1_70' title='bbox 472 1405 571 1469; x_wconf 88' lang='lat' dir='ltr'>altera</span> <span class='ocrx_word' id='word_1_71' title='bbox 585 1406 722 1471; x_wconf 84' lang='lat' dir='ltr'>Simonis</span> <span class='ocrx_word' id='word_1_72' title='bbox 738 1409 892 1473; x_wconf 82' lang='lat' dir='ltr'>vaivodae</span> <span class='ocrx_word' id='word_1_73' title='bbox 908 1410 1021 1473; x_wconf 83' lang='lat' dir='ltr'>dividit</span> <span class='ocrx_word' id='word_1_74' title='bbox 1042 1416 1127 1473; x_wconf 89' lang='lat' dir='ltr'>meta</span> <span class='ocrx_word' id='word_1_75' title='bbox 1144 1410 1245 1492; x_wconf 90' lang='lat' dir='ltr'>ipsius</span> <span class='ocrx_word' id='word_1_76' title='bbox 1259 1410 1341 1473; x_wconf 83' lang='lat' dir='ltr'>Bwn</span> <span class='ocrx_word' id='word_1_77' title='bbox 1358 1428 1440 1490; x_wconf 89' lang='lat' dir='ltr'>quae</span> <span class='ocrx_word' id='word_1_78' title='bbox 1463 1415 1512 1474; x_wconf 88' lang='lat' dir='ltr'>est</span> <span class='ocrx_word' id='word_1_79' title='bbox 1534 1430 1631 1494; x_wconf 89' lang='lat' dir='ltr'>super</span> <span class='ocrx_word' id='word_1_80' title='bbox 1645 1410 1772 1474; x_wconf 88' lang='lat' dir='ltr'>Weich·</span> 
     </span>
     <span class='ocr_line' id='line_1_9' title="bbox 374 1508 1772 1598; baseline 0.006 -29"><span class='ocrx_word' id='word_1_81' title='bbox 374 1508 482 1572; x_wconf 81' lang='lat' dir='ltr'>keierii</span> <span class='ocrx_word' id='word_1_82' title='bbox 512 1530 531 1573; x_wconf 93' lang='lat' dir='ltr'>a</span> <span class='ocrx_word' id='word_1_83' title='bbox 560 1517 649 1594; x_wconf 86' lang='lat' dir='ltr'>parte</span> <span class='ocrx_word' id='word_1_84' title='bbox 680 1531 755 1575; x_wconf 77' lang='lat' dir='ltr'>vero</span> <span class='ocrx_word' id='word_1_85' title='bbox 782 1511 925 1596; x_wconf 81' lang='lat' dir='ltr'>Thylegh</span> <span class='ocrx_word' id='word_1_86' title='bbox 954 1519 1070 1577; x_wconf 86' lang='lat' dir='ltr'>metam</span> <span class='ocrx_word' id='word_1_87' title='bbox 1092 1513 1173 1577; x_wconf 57' lang='lat' dir='ltr'>B‘wn</span> <span class='ocrx_word' id='word_1_88' title='bbox 1204 1513 1371 1596; x_wconf 83' lang='lat' dir='ltr'>distinguit</span> <span class='ocrx_word' id='word_1_89' title='bbox 1399 1512 1520 1577; x_wconf 82' lang='lat' dir='ltr'>fluvius</span> <span class='ocrx_word' id='word_1_90' title='bbox 1542 1514 1645 1596; x_wconf 77' lang='lat' dir='ltr'>Vilak,</span> <span class='ocrx_word' id='word_1_91' title='bbox 1676 1520 1772 1598; x_wconf 88' lang='lat' dir='ltr'>prout</span> 
     </span>
     <span class='ocr_line' id='line_1_10' title="bbox 375 1611 1772 1699; baseline 0.004 -24"><span class='ocrx_word' id='word_1_92' title='bbox 375 1611 441 1695; x_wconf 89' lang='lat' dir='ltr'>ipse</span> <span class='ocrx_word' id='word_1_93' title='bbox 471 1612 592 1677; x_wconf 86' lang='lat' dir='ltr'>fluvius</span> <span class='ocrx_word' id='word_1_94' title='bbox 622 1615 735 1678; x_wconf 86' lang='lat' dir='ltr'>dividit</span> <span class='ocrx_word' id='word_1_95' title='bbox 764 1615 945 1699; x_wconf 80' lang='lat' dir='ltr'>aTbylegh</span> <span class='ocrx_word' id='word_1_96' title='bbox 975 1618 1175 1686; x_wconf 88' lang='lat' dir='ltr'>medietatem</span> <span class='ocrx_word' id='word_1_97' title='bbox 1205 1618 1306 1680; x_wconf 89' lang='lat' dir='ltr'>diotae</span> <span class='ocrx_word' id='word_1_98' title='bbox 1335 1623 1438 1681; x_wconf 87' lang='lat' dir='ltr'>terrae</span> <span class='ocrx_word' id='word_1_99' title='bbox 1460 1618 1555 1681; x_wconf 79' lang='lat' dir='ltr'>Vilalr</span> <span class='ocrx_word' id='word_1_100' title='bbox 1586 1619 1626 1680; x_wconf 88' lang='lat' dir='ltr'>ad</span> <span class='ocrx_word' id='word_1_101' title='bbox 1655 1624 1772 1681; x_wconf 87' lang='lat' dir='ltr'>terram</span> 
     </span>
     <span class='ocr_line' id='line_1_11' title="bbox 374 1716 1841 1805; baseline 0.003 -27"><span class='ocrx_word' id='word_1_102' title='bbox 374 1716 463 1779; x_wconf 90' lang='lat' dir='ltr'>Bwn.</span> <span class='ocrx_word' id='word_1_103' title='bbox 485 1718 516 1780; x_wconf 80' lang='lat' dir='ltr'><strong>A</strong></span> <span class='ocrx_word' id='word_1_104' title='bbox 537 1724 627 1801; x_wconf 89' lang='lat' dir='ltr'>parte</span> <span class='ocrx_word' id='word_1_105' title='bbox 649 1738 726 1782; x_wconf 85' lang='lat' dir='ltr'>vero</span> <span class='ocrx_word' id='word_1_106' title='bbox 749 1724 851 1783; x_wconf 87' lang='lat' dir='ltr'>terrae</span> <span class='ocrx_word' id='word_1_107' title='bbox 874 1719 952 1784; x_wconf 85' lang='lat' dir='ltr'>Sard</span> <span class='ocrx_word' id='word_1_108' title='bbox 975 1721 1089 1784; x_wconf 81' lang='lat' dir='ltr'>dividit</span> <span class='ocrx_word' id='word_1_109' title='bbox 1110 1727 1195 1785; x_wconf 88' lang='lat' dir='ltr'>meta</span> <span class='ocrx_word' id='word_1_110' title='bbox 1215 1722 1316 1805; x_wconf 91' lang='lat' dir='ltr'>ipsius</span> <span class='ocrx_word' id='word_1_111' title='bbox 1338 1727 1441 1784; x_wconf 87' lang='lat' dir='ltr'>terrae</span> <span class='ocrx_word' id='word_1_112' title='bbox 1463 1722 1554 1803; x_wconf 77' lang='lat' dir='ltr'>Bam,</span> <span class='ocrx_word' id='word_1_113' title='bbox 1583 1741 1665 1804; x_wconf 87' lang='lat' dir='ltr'>quae</span> <span class='ocrx_word' id='word_1_114' title='bbox 1687 1723 1769 1785; x_wconf 84' lang='lat' dir='ltr'>iacet</span> <span class='ocrx_word' id='word_1_115' title='bbox 1808 1730 1841 1783; x_wconf 90' lang='lat'>10</span> 
     </span>
     <span class='ocr_line' id='line_1_12' title="bbox 372 1820 1768 1909; baseline 0.004 -28"><span class='ocrx_word' id='word_1_116' title='bbox 372 1820 407 1882; x_wconf 93' lang='lat' dir='ltr'>in</span> <span class='ocrx_word' id='word_1_117' title='bbox 429 1820 534 1883; x_wconf 91' lang='lat' dir='ltr'>medio</span> <span class='ocrx_word' id='word_1_118' title='bbox 562 1822 744 1899; x_wconf 80' lang='lat' dir='ltr'>earundem,</span> <span class='ocrx_word' id='word_1_119' title='bbox 778 1829 809 1886; x_wconf 91' lang='lat' dir='ltr'>et</span> <span class='ocrx_word' id='word_1_120' title='bbox 838 1824 913 1889; x_wconf 93' lang='lat' dir='ltr'>inde</span> <span class='ocrx_word' id='word_1_121' title='bbox 934 1827 1064 1889; x_wconf 80' lang='lat' dir='ltr'>venitur</span> <span class='ocrx_word' id='word_1_122' title='bbox 1086 1844 1183 1909; x_wconf 89' lang='lat' dir='ltr'>super</span> <span class='ocrx_word' id='word_1_123' title='bbox 1211 1845 1277 1889; x_wconf 95' lang='lat' dir='ltr'>uno</span> <span class='ocrx_word' id='word_1_124' title='bbox 1300 1825 1397 1907; x_wconf 79' lang='lat' dir='ltr'>birch,</span> <span class='ocrx_word' id='word_1_125' title='bbox 1431 1825 1578 1909; x_wconf 82' lang='lat' dir='ltr'>pervenit</span> <span class='ocrx_word' id='word_1_126' title='bbox 1600 1825 1768 1909; x_wconf 89' lang='lat' dir='ltr'>adipsum</span> 
     </span>
     <span class='ocr_line' id='line_1_13' title="bbox 372 1922 1768 2014; baseline 0.005 -28"><span class='ocrx_word' id='word_1_127' title='bbox 372 1922 509 1989; x_wconf 85' lang='lat' dir='ltr'>fluvium</span> <span class='ocrx_word' id='word_1_128' title='bbox 520 1924 687 1990; x_wconf 86' lang='lat' dir='ltr'>Kiikellew</span> <span class='ocrx_word' id='word_1_129' title='bbox 709 1933 931 2011; x_wconf 88' lang='lat' dir='ltr'>praenotatum</span> <span class='ocrx_word' id='word_1_130' title='bbox 952 1930 984 1992; x_wconf 92' lang='lat' dir='ltr'>in</span> <span class='ocrx_word' id='word_1_131' title='bbox 1000 1929 1099 1993; x_wconf 88' lang='lat' dir='ltr'>latere</span> <span class='ocrx_word' id='word_1_132' title='bbox 1114 1931 1214 2014; x_wconf 90' lang='lat' dir='ltr'>ipsius</span> <span class='ocrx_word' id='word_1_133' title='bbox 1236 1929 1325 1993; x_wconf 91' lang='lat' dir='ltr'>birch</span> <span class='ocrx_word' id='word_1_134' title='bbox 1341 1929 1570 1993; x_wconf 87' lang='lat' dir='ltr'>descendendo.</span> <span class='ocrx_word' id='word_1_135' title='bbox 1595 1930 1768 1994; x_wconf 82' lang='lat' dir='ltr'>Confessus</span> 
     </span>
     <span class='ocr_line' id='line_1_14' title="bbox 373 2029 1766 2118; baseline 0.004 -27"><span class='ocrx_word' id='word_1_136' title='bbox 373 2032 422 2091; x_wconf 91' lang='lat' dir='ltr'>est</span> <span class='ocrx_word' id='word_1_137' title='bbox 444 2048 516 2092; x_wconf 90' lang='lat' dir='ltr'>cnm</span> <span class='ocrx_word' id='word_1_138' title='bbox 540 2029 688 2093; x_wconf 90' lang='lat' dir='ltr'>omnibus</span> <span class='ocrx_word' id='word_1_139' title='bbox 703 2031 893 2097; x_wconf 87' lang='lat' dir='ltr'>utilitatibus</span> <span class='ocrx_word' id='word_1_140' title='bbox 908 2039 940 2097; x_wconf 90' lang='lat' dir='ltr'>et</span> <span class='ocrx_word' id='word_1_141' title='bbox 962 2034 1161 2118; x_wconf 89' lang='lat' dir='ltr'>pertinentiis</span> <span class='ocrx_word' id='word_1_142' title='bbox 1177 2034 1244 2097; x_wconf 88' lang='lat' dir='ltr'>suis</span> <span class='ocrx_word' id='word_1_143' title='bbox 1259 2034 1383 2098; x_wconf 78' lang='lat' dir='ltr'>dedisse</span> <span class='ocrx_word' id='word_1_144' title='bbox 1405 2040 1437 2098; x_wconf 90' lang='lat' dir='ltr'>et</span> <span class='ocrx_word' id='word_1_145' title='bbox 1452 2033 1619 2097; x_wconf 82' lang='lat' dir='ltr'>tradidisse</span> <span class='ocrx_word' id='word_1_146' title='bbox 1634 2033 1766 2097; x_wconf 89' lang='lat' dir='ltr'>Nicolao</span> 
     </span>
     <span class='ocr_line' id='line_1_15' title="bbox 372 2129 1771 2220; baseline 0.005 -28"><span class='ocrx_word' id='word_1_147' title='bbox 372 2129 438 2193; x_wconf 88' lang='lat' dir='ltr'>filio</span> <span class='ocrx_word' id='word_1_148' title='bbox 460 2129 543 2195; x_wconf 87' lang='lat' dir='ltr'>Dees</span> <span class='ocrx_word' id='word_1_149' title='bbox 566 2139 597 2195; x_wconf 91' lang='lat' dir='ltr'>et</span> <span class='ocrx_word' id='word_1_150' title='bbox 612 2133 760 2198; x_wconf 89' lang='lat' dir='ltr'>Paznano</span> <span class='ocrx_word' id='word_1_151' title='bbox 784 2136 872 2199; x_wconf 77' lang='lat' dir='ltr'>fratri</span> <span class='ocrx_word' id='word_1_152' title='bbox 896 2136 965 2201; x_wconf 90' lang='lat' dir='ltr'>eius</span> <span class='ocrx_word' id='word_1_153' title='bbox 987 2137 1020 2198; x_wconf 92' lang='lat' dir='ltr'>in</span> <span class='ocrx_word' id='word_1_154' title='bbox 1044 2136 1173 2201; x_wconf 91' lang='lat' dir='ltr'>modum</span> <span class='ocrx_word' id='word_1_155' title='bbox 1195 2137 1438 2220; x_wconf 75' lang='lat' dir='ltr'>permutationis</span> <span class='ocrx_word' id='word_1_156' title='bbox 1460 2142 1492 2201; x_wconf 87' lang='lat' dir='ltr'>et</span> <span class='ocrx_word' id='word_1_157' title='bbox 1514 2137 1691 2201; x_wconf 89' lang='lat' dir='ltr'>concambii</span> <span class='ocrx_word' id='word_1_158' title='bbox 1713 2156 1771 2220; x_wconf 92' lang='lat' dir='ltr'>per</span> 
     </span>
     <span class='ocr_line' id='line_1_16' title="bbox 373 2236 1841 2325; baseline 0.004 -28"><span class='ocrx_word' id='word_1_159' title='bbox 373 2254 436 2317; x_wconf 76' lang='lat' dir='ltr'>eos,</span> <span class='ocrx_word' id='word_1_160' title='bbox 459 2236 590 2300; x_wconf 88' lang='lat' dir='ltr'>heredes</span> <span class='ocrx_word' id='word_1_161' title='bbox 612 2240 787 2303; x_wconf 86' lang='lat' dir='ltr'>eorundem</span> <span class='ocrx_word' id='word_1_162' title='bbox 809 2241 1027 2323; x_wconf 87' lang='lat' dir='ltr'>heredumque</span> <span class='ocrx_word' id='word_1_163' title='bbox 1049 2260 1181 2304; x_wconf 90' lang='lat' dir='ltr'>suorum</span> <span class='ocrx_word' id='word_1_164' title='bbox 1204 2260 1404 2305; x_wconf 83' lang='lat' dir='ltr'>successores</span> <span class='ocrx_word' id='word_1_165' title='bbox 1425 2242 1496 2305; x_wconf 89' lang='lat' dir='ltr'>iure</span> <span class='ocrx_word' id='word_1_166' title='bbox 1518 2246 1672 2325; x_wconf 88' lang='lat' dir='ltr'>perpetuo</span> <span class='ocrx_word' id='word_1_167' title='bbox 1695 2261 1769 2324; x_wconf 88' lang='lat' dir='ltr'>pos·</span> <span class='ocrx_word' id='word_1_168' title='bbox 1808 2250 1841 2303; x_wconf 86' lang='lat'>15</span> 
     </span>
     <span class='ocr_line' id='line_1_17' title="bbox 373 2340 1772 2427; baseline 0.004 -25"><span class='ocrx_word' id='word_1_169' title='bbox 373 2340 536 2403; x_wconf 89' lang='lat' dir='ltr'>sidendam</span> <span class='ocrx_word' id='word_1_170' title='bbox 560 2348 592 2405; x_wconf 91' lang='lat' dir='ltr'>et</span> <span class='ocrx_word' id='word_1_171' title='bbox 614 2343 798 2406; x_wconf 89' lang='lat' dir='ltr'>habendam.</span> <span class='ocrx_word' id='word_1_172' title='bbox 836 2343 875 2407; x_wconf 92' lang='lat' dir='ltr'>In</span> <span class='ocrx_word' id='word_1_173' title='bbox 897 2344 989 2407; x_wconf 92' lang='lat' dir='ltr'>cuius</span> <span class='ocrx_word' id='word_1_174' title='bbox 1012 2346 1139 2427; x_wconf 91' lang='lat' dir='ltr'>quidem</span> <span class='ocrx_word' id='word_1_175' title='bbox 1164 2350 1265 2409; x_wconf 88' lang='lat' dir='ltr'>terrae</span> <span class='ocrx_word' id='word_1_176' title='bbox 1295 2345 1377 2409; x_wconf 86' lang='lat' dir='ltr'>Bwn</span> <span class='ocrx_word' id='word_1_177' title='bbox 1408 2352 1440 2409; x_wconf 90' lang='lat' dir='ltr'>et</span> <span class='ocrx_word' id='word_1_178' title='bbox 1469 2345 1647 2409; x_wconf 79' lang='lat' dir='ltr'>medietatis</span> <span class='ocrx_word' id='word_1_179' title='bbox 1669 2349 1772 2408; x_wconf 89' lang='lat' dir='ltr'>terrae</span> 
     </span>
     <span class='ocr_line' id='line_1_18' title="bbox 373 2443 1772 2532; baseline 0.004 -27"><span class='ocrx_word' id='word_1_180' title='bbox 373 2443 467 2507; x_wconf 85' lang='lat' dir='ltr'>Vilak</span> <span class='ocrx_word' id='word_1_181' title='bbox 482 2446 660 2528; x_wconf 76' lang='lat' dir='ltr'>praedictae</span> <span class='ocrx_word' id='word_1_182' title='bbox 675 2447 896 2510; x_wconf 89' lang='lat' dir='ltr'>concambium</span> <span class='ocrx_word' id='word_1_183' title='bbox 911 2447 1104 2531; x_wconf 90' lang='lat' dir='ltr'>praelibatus</span> <span class='ocrx_word' id='word_1_184' title='bbox 1116 2448 1268 2512; x_wconf 91' lang='lat' dir='ltr'>Nicolaus</span> <span class='ocrx_word' id='word_1_185' title='bbox 1283 2453 1346 2511; x_wconf 91' lang='lat' dir='ltr'>tam</span> <span class='ocrx_word' id='word_1_186' title='bbox 1362 2469 1419 2532; x_wconf 94' lang='lat' dir='ltr'>pro</span> <span class='ocrx_word' id='word_1_187' title='bbox 1444 2468 1486 2530; x_wconf 77' lang='lat' dir='ltr'>se,</span> <span class='ocrx_word' id='word_1_188' title='bbox 1511 2468 1607 2530; x_wconf 89' lang='lat' dir='ltr'>quam</span> <span class='ocrx_word' id='word_1_189' title='bbox 1622 2448 1772 2512; x_wconf 85' lang='lat' dir='ltr'>Paznano</span> 
     </span>
     <span class='ocr_line' id='line_1_19' title="bbox 373 2548 1773 2636; baseline 0.003 -25"><span class='ocrx_word' id='word_1_190' title='bbox 373 2548 469 2613; x_wconf 70' lang='lat' dir='ltr'>matre</span> <span class='ocrx_word' id='word_1_191' title='bbox 492 2570 551 2613; x_wconf 90' lang='lat' dir='ltr'>suo</span> <span class='ocrx_word' id='word_1_192' title='bbox 574 2551 739 2615; x_wconf 82' lang='lat' dir='ltr'>confessus</span> <span class='ocrx_word' id='word_1_193' title='bbox 758 2557 806 2615; x_wconf 87' lang='lat' dir='ltr'>est</span> <span class='ocrx_word' id='word_1_194' title='bbox 821 2571 927 2615; x_wconf 88' lang='lat' dir='ltr'>coram</span> <span class='ocrx_word' id='word_1_195' title='bbox 947 2552 1048 2631; x_wconf 81' lang='lat' dir='ltr'>nobis,</span> <span class='ocrx_word' id='word_1_196' title='bbox 1068 2552 1222 2633; x_wconf 90' lang='lat' dir='ltr'>quasdam</span> <span class='ocrx_word' id='word_1_197' title='bbox 1243 2554 1461 2636; x_wconf 90' lang='lat' dir='ltr'>possessiones</span> <span class='ocrx_word' id='word_1_198' title='bbox 1478 2573 1553 2617; x_wconf 88' lang='lat' dir='ltr'>suas</span> <span class='ocrx_word' id='word_1_199' title='bbox 1568 2552 1773 2616; x_wconf 86' lang='lat' dir='ltr'>hereditarias</span> 
     </span>
     <span class='ocr_line' id='line_1_20' title="bbox 373 2653 1772 2739; baseline 0.003 -24"><span class='ocrx_word' id='word_1_200' title='bbox 373 2658 469 2735; x_wconf 89' lang='lat' dir='ltr'>prout</span> <span class='ocrx_word' id='word_1_201' title='bbox 492 2654 567 2717; x_wconf 92' lang='lat' dir='ltr'>dicit</span> <span class='ocrx_word' id='word_1_202' title='bbox 585 2653 763 2735; x_wconf 81' lang='lat' dir='ltr'>Deesialra,</span> <span class='ocrx_word' id='word_1_203' title='bbox 786 2656 927 2737; x_wconf 71' lang='lat' dir='ltr'>Charias,</span> <span class='ocrx_word' id='word_1_204' title='bbox 949 2655 1096 2738; x_wconf 75' lang='lat' dir='ltr'>Danyan</span> <span class='ocrx_word' id='word_1_205' title='bbox 1118 2656 1258 2739; x_wconf 84' lang='lat' dir='ltr'>Hagmas</span> <span class='ocrx_word' id='word_1_206' title='bbox 1274 2663 1314 2720; x_wconf 68' lang='lat' dir='ltr'>⁴et</span> <span class='ocrx_word' id='word_1_207' title='bbox 1335 2656 1620 2721; x_wconf 72' lang='lat' dir='ltr'>Kurtwelestelelie</span> <span class='ocrx_word' id='word_1_208' title='bbox 1643 2661 1772 2719; x_wconf 85' lang='lat' dir='ltr'>vocatas</span> 
     </span>
     <span class='ocr_line' id='line_1_21' title="bbox 373 2755 1841 2843; baseline 0.003 -25"><span class='ocrx_word' id='word_1_209' title='bbox 373 2755 497 2819; x_wconf 85' lang='lat' dir='ltr'>dedisse</span> <span class='ocrx_word' id='word_1_210' title='bbox 528 2766 560 2821; x_wconf 86' lang='lat' dir='ltr'>et</span> <span class='ocrx_word' id='word_1_211' title='bbox 593 2759 759 2822; x_wconf 84' lang='lat' dir='ltr'>tradidisse</span> <span class='ocrx_word' id='word_1_212' title='bbox 789 2760 847 2843; x_wconf 92' lang='lat' dir='ltr'>ipsi</span> <span class='ocrx_word' id='word_1_213' title='bbox 870 2759 1015 2823; x_wconf 90' lang='lat' dir='ltr'>Ladislao</span> <span class='ocrx_word' id='word_1_214' title='bbox 1050 2761 1203 2825; x_wconf 87' lang='lat' dir='ltr'>vaivodae</span> <span class='ocrx_word' id='word_1_215' title='bbox 1236 2762 1368 2842; x_wconf 90' lang='lat' dir='ltr'>suisque</span> <span class='ocrx_word' id='word_1_216' title='bbox 1402 2760 1640 2825; x_wconf 88' lang='lat' dir='ltr'>successoribus</span> <span class='ocrx_word' id='word_1_217' title='bbox 1674 2760 1768 2823; x_wconf 92' lang='lat' dir='ltr'>modo</span> <span class='ocrx_word' id='word_1_218' title='bbox 1807 2768 1841 2823; x_wconf 88' lang='lat'>20</span> 
     </span>
     <span class='ocr_line' id='line_1_22' title="bbox 373 2859 1770 2947; baseline 0.004 -25"><span class='ocrx_word' id='word_1_219' title='bbox 373 2859 468 2923; x_wconf 81' lang='lat' dir='ltr'>simili</span> <span class='ocrx_word' id='word_1_220' title='bbox 489 2869 642 2946; x_wconf 90' lang='lat' dir='ltr'>perpetuo</span> <span class='ocrx_word' id='word_1_221' title='bbox 665 2863 881 2947; x_wconf 82' lang='lat' dir='ltr'>possidendas,</span> <span class='ocrx_word' id='word_1_222' title='bbox 904 2865 1057 2929; x_wconf 87' lang='lat' dir='ltr'>tenendas</span> <span class='ocrx_word' id='word_1_223' title='bbox 1076 2872 1108 2930; x_wconf 87' lang='lat' dir='ltr'>et</span> <span class='ocrx_word' id='word_1_224' title='bbox 1129 2866 1298 2929; x_wconf 83' lang='lat' dir='ltr'>habendas</span> <span class='ocrx_word' id='word_1_225' title='bbox 1322 2864 1465 2942; x_wconf 75' lang='lat' dir='ltr'>Quarum</span> <span class='ocrx_word' id='word_1_226' title='bbox 1488 2870 1645 2929; x_wconf 90' lang='lat' dir='ltr'>terrarum</span> <span class='ocrx_word' id='word_1_227' title='bbox 1667 2869 1770 2928; x_wconf 88' lang='lat' dir='ltr'>metae</span> 
     </span>
     <span class='ocr_line' id='line_1_23' title="bbox 374 2963 1771 3053; baseline 0.003 -27"><span class='ocrx_word' id='word_1_228' title='bbox 374 2963 479 3027; x_wconf 86' lang='lat' dir='ltr'>taliter</span> <span class='ocrx_word' id='word_1_229' title='bbox 501 2965 752 3049; x_wconf 82' lang='lat' dir='ltr'>distinguuntur,</span> <span class='ocrx_word' id='word_1_230' title='bbox 787 2968 870 3031; x_wconf 87' lang='lat' dir='ltr'>sicut</span> <span class='ocrx_word' id='word_1_231' title='bbox 899 2968 975 3032; x_wconf 91' lang='lat' dir='ltr'>dicit</span> <span class='ocrx_word' id='word_1_232' title='bbox 1003 2969 1151 3033; x_wconf 81' lang='lat' dir='ltr'>videlicet</span> <span class='ocrx_word' id='word_1_233' title='bbox 1181 2971 1283 3053; x_wconf 90' lang='lat' dir='ltr'>prima</span> <span class='ocrx_word' id='word_1_234' title='bbox 1304 2974 1389 3033; x_wconf 86' lang='lat' dir='ltr'>meta</span> <span class='ocrx_word' id='word_1_235' title='bbox 1410 2969 1522 3052; x_wconf 92' lang='lat' dir='ltr'>incipit</span> <span class='ocrx_word' id='word_1_236' title='bbox 1543 2969 1575 3031; x_wconf 93' lang='lat' dir='ltr'>in</span> <span class='ocrx_word' id='word_1_237' title='bbox 1600 2968 1680 3050; x_wconf 77' lang='lat' dir='ltr'>loco,</span> <span class='ocrx_word' id='word_1_238' title='bbox 1715 2968 1771 3050; x_wconf 89' lang='lat' dir='ltr'>qui</span> 
     </span>
     <span class='ocr_line' id='line_1_24' title="bbox 373 3067 1770 3156; baseline 0.003 -26"><span class='ocrx_word' id='word_1_239' title='bbox 373 3067 490 3132; x_wconf 88' lang='lat' dir='ltr'>dicitur</span> <span class='ocrx_word' id='word_1_240' title='bbox 500 3068 853 3156; x_wconf 78' lang='lat' dir='ltr'>HarauglabpotolratW‚</span> <span class='ocrx_word' id='word_1_241' title='bbox 876 3079 908 3135; x_wconf 92' lang='lat' dir='ltr'>et</span> <span class='ocrx_word' id='word_1_242' title='bbox 923 3073 1024 3136; x_wconf 88' lang='lat' dir='ltr'>tendit</span> <span class='ocrx_word' id='word_1_243' title='bbox 1038 3074 1071 3136; x_wconf 94' lang='lat' dir='ltr'>in</span> <span class='ocrx_word' id='word_1_244' title='bbox 1087 3074 1200 3137; x_wconf 90' lang='lat' dir='ltr'>eodem</span> <span class='ocrx_word' id='word_1_245' title='bbox 1214 3073 1318 3137; x_wconf 76' lang='lat' dir='ltr'>rivulo</span> <span class='ocrx_word' id='word_1_246' title='bbox 1335 3092 1440 3156; x_wconf 90' lang='lat' dir='ltr'>usque</span> <span class='ocrx_word' id='word_1_247' title='bbox 1462 3074 1494 3135; x_wconf 94' lang='lat' dir='ltr'>in</span> <span class='ocrx_word' id='word_1_248' title='bbox 1508 3071 1770 3136; x_wconf 77' lang='lat' dir='ltr'>Kurtweltelulre.</span> 
     </span>
     <span class='ocr_line' id='line_1_25' title="bbox 372 3170 1771 3259; baseline 0.001 -24"><span class='ocrx_word' id='word_1_249' title='bbox 372 3170 496 3236; x_wconf 87' lang='lat' dir='ltr'>Deinde</span> <span class='ocrx_word' id='word_1_250' title='bbox 519 3175 661 3237; x_wconf 86' lang='lat' dir='ltr'>ascendit</span> <span class='ocrx_word' id='word_1_251' title='bbox 683 3176 723 3237; x_wconf 88' lang='lat' dir='ltr'>ad</span> <span class='ocrx_word' id='word_1_252' title='bbox 747 3196 847 3239; x_wconf 89' lang='lat' dir='ltr'>unum</span> <span class='ocrx_word' id='word_1_253' title='bbox 863 3176 961 3259; x_wconf 77' lang='lat' dir='ltr'>birch,</span> <span class='ocrx_word' id='word_1_254' title='bbox 984 3178 1040 3259; x_wconf 90' lang='lat' dir='ltr'>qui</span> <span class='ocrx_word' id='word_1_255' title='bbox 1063 3177 1179 3240; x_wconf 88' lang='lat' dir='ltr'>dicitur</span> <span class='ocrx_word' id='word_1_256' title='bbox 1193 3175 1363 3259; x_wconf 79' lang='lat' dir='ltr'>Kuzbirch,</span> <span class='ocrx_word' id='word_1_257' title='bbox 1386 3177 1442 3258; x_wconf 90' lang='lat' dir='ltr'>qui</span> <span class='ocrx_word' id='word_1_258' title='bbox 1464 3176 1632 3259; x_wconf 82' lang='lat' dir='ltr'>distinguit</span> <span class='ocrx_word' id='word_1_259' title='bbox 1654 3182 1771 3239; x_wconf 87' lang='lat' dir='ltr'>terram</span> 
     </span>
     <span class='ocr_line' id='line_1_26' title="bbox 373 3275 1842 3364; baseline 0.002 -26"><span class='ocrx_word' id='word_1_260' title='bbox 373 3275 513 3360; x_wconf 81' lang='lat' dir='ltr'>Hagmas</span> <span class='ocrx_word' id='word_1_261' title='bbox 541 3299 560 3341; x_wconf 88' lang='lat' dir='ltr'>a</span> <span class='ocrx_word' id='word_1_262' title='bbox 592 3284 676 3342; x_wconf 91' lang='lat' dir='ltr'>terra</span> <span class='ocrx_word' id='word_1_263' title='bbox 698 3280 889 3364; x_wconf 83' lang='lat' dir='ltr'>Haranglab.</span> <span class='ocrx_word' id='word_1_264' title='bbox 933 3279 1055 3344; x_wconf 86' lang='lat' dir='ltr'>Dehinc</span> <span class='ocrx_word' id='word_1_265' title='bbox 1086 3301 1105 3343; x_wconf 88' lang='lat' dir='ltr'>a</span> <span class='ocrx_word' id='word_1_266' title='bbox 1134 3286 1218 3344; x_wconf 86' lang='lat' dir='ltr'>berra</span> <span class='ocrx_word' id='word_1_267' title='bbox 1239 3281 1442 3363; x_wconf 86' lang='lat' dir='ltr'>Hagmasiew</span> <span class='ocrx_word' id='word_1_268' title='bbox 1464 3279 1627 3345; x_wconf 84' lang='lat' dir='ltr'>Kiizbirch</span> <span class='ocrx_word' id='word_1_269' title='bbox 1658 3278 1773 3342; x_wconf 82' lang='lat' dir='ltr'>dividit</span> <span class='ocrx_word' id='word_1_270' title='bbox 1808 3287 1842 3341; x_wconf 87' lang='lat'>25</span> 
     </span>
     <span class='ocr_line' id='line_1_27' title="bbox 374 3381 1770 3471; baseline 0.002 -29"><span class='ocrx_word' id='word_1_271' title='bbox 374 3385 490 3443; x_wconf 87' lang='lat' dir='ltr'>terram</span> <span class='ocrx_word' id='word_1_272' title='bbox 512 3381 619 3464; x_wconf 76' lang='lat' dir='ltr'>Belus,</span> <span class='ocrx_word' id='word_1_273' title='bbox 648 3381 785 3464; x_wconf 81' lang='lat' dir='ltr'>Danyan</span> <span class='ocrx_word' id='word_1_274' title='bbox 808 3402 884 3446; x_wconf 86' lang='lat' dir='ltr'>vero</span> <span class='ocrx_word' id='word_1_275' title='bbox 907 3384 999 3447; x_wconf 83' lang='lat' dir='ltr'>iuxta</span> <span class='ocrx_word' id='word_1_276' title='bbox 1022 3390 1146 3447; x_wconf 84' lang='lat' dir='ltr'>veteres</span> <span class='ocrx_word' id='word_1_277' title='bbox 1174 3389 1274 3448; x_wconf 86' lang='lat' dir='ltr'>metas</span> <span class='ocrx_word' id='word_1_278' title='bbox 1296 3390 1328 3449; x_wconf 91' lang='lat' dir='ltr'>et</span> <span class='ocrx_word' id='word_1_279' title='bbox 1356 3386 1513 3466; x_wconf 82' lang='lat' dir='ltr'>antiquas,</span> <span class='ocrx_word' id='word_1_280' title='bbox 1547 3382 1664 3465; x_wconf 89' lang='lat' dir='ltr'>quibus</span> <span class='ocrx_word' id='word_1_281' title='bbox 1686 3382 1770 3471; x_wconf 89' lang='lat' dir='ltr'>idem</span> 
     </span>
     <span class='ocr_line' id='line_1_28' title="bbox 374 3485 1772 3571; baseline 0.001 -25"><span class='ocrx_word' id='word_1_282' title='bbox 374 3488 406 3547; x_wconf 91' lang='lat' dir='ltr'>et</span> <span class='ocrx_word' id='word_1_283' title='bbox 427 3485 685 3568; x_wconf 85' lang='lat' dir='ltr'>praedecessores</span> <span class='ocrx_word' id='word_1_284' title='bbox 716 3488 766 3550; x_wconf 91' lang='lat' dir='ltr'>sui</span> <span class='ocrx_word' id='word_1_285' title='bbox 789 3488 1008 3571; x_wconf 66' lang='lat' dir='ltr'>possederunt,</span> <span class='ocrx_word' id='word_1_286' title='bbox 1036 3506 1119 3568; x_wconf 89' lang='lat' dir='ltr'>quae</span> <span class='ocrx_word' id='word_1_287' title='bbox 1141 3488 1343 3570; x_wconf 86' lang='lat' dir='ltr'>distinguunt</span> <span class='ocrx_word' id='word_1_288' title='bbox 1373 3490 1472 3571; x_wconf 87' lang='lat' dir='ltr'>ipsam</span> <span class='ocrx_word' id='word_1_289' title='bbox 1496 3493 1612 3551; x_wconf 89' lang='lat' dir='ltr'>terram</span> <span class='ocrx_word' id='word_1_290' title='bbox 1635 3485 1772 3567; x_wconf 82' lang='lat' dir='ltr'>Danyan</span> 
     </span>
     <span class='ocr_line' id='line_1_29' title="bbox 374 3584 1772 3674; baseline 0.001 -23"><span class='ocrx_word' id='word_1_291' title='bbox 374 3608 393 3650; x_wconf 88' lang='lat' dir='ltr'>a</span> <span class='ocrx_word' id='word_1_292' title='bbox 422 3594 507 3666; x_wconf 79' lang='lat' dir='ltr'>terra</span> <span class='ocrx_word' id='word_1_293' title='bbox 528 3589 660 3672; x_wconf 82' lang='lat' dir='ltr'>Nicolai,</span> <span class='ocrx_word' id='word_1_294' title='bbox 692 3590 750 3653; x_wconf 92' lang='lat' dir='ltr'>filii</span> <span class='ocrx_word' id='word_1_295' title='bbox 773 3591 910 3672; x_wconf 76' lang='lat' dir='ltr'>Paznan</span> <span class='ocrx_word' id='word_1_296' title='bbox 940 3590 1065 3674; x_wconf 89' lang='lat' dir='ltr'>Nepeth</span> <span class='ocrx_word' id='word_1_297' title='bbox 1098 3597 1217 3656; x_wconf 84' lang='lat' dir='ltr'>vocata.</span> <span class='ocrx_word' id='word_1_298' title='bbox 1262 3593 1343 3656; x_wconf 90' lang='lat' dir='ltr'>Item</span> <span class='ocrx_word' id='word_1_299' title='bbox 1374 3592 1506 3656; x_wconf 83' lang='lat' dir='ltr'>Chawas</span> <span class='ocrx_word' id='word_1_300' title='bbox 1537 3584 1772 3656; x_wconf 87' lang='lat' dir='ltr'>eodemmodo</span> 
     </span>
     <span class='ocr_line' id='line_1_30' title="bbox 373 3693 1773 3778; baseline 0.002 -24"><span class='ocrx_word' id='word_1_301' title='bbox 373 3693 465 3755; x_wconf 84' lang='lat' dir='ltr'>iuxta</span> <span class='ocrx_word' id='word_1_302' title='bbox 486 3698 610 3757; x_wconf 85' lang='lat' dir='ltr'>veteres</span> <span class='ocrx_word' id='word_1_303' title='bbox 640 3701 749 3777; x_wconf 71' lang='lat' dir='ltr'>metas,</span> <span class='ocrx_word' id='word_1_304' title='bbox 780 3715 861 3777; x_wconf 88' lang='lat' dir='ltr'>quae</span> <span class='ocrx_word' id='word_1_305' title='bbox 884 3703 1019 3759; x_wconf 86' lang='lat' dir='ltr'>currunt</span> <span class='ocrx_word' id='word_1_306' title='bbox 1047 3702 1079 3759; x_wconf 89' lang='lat' dir='ltr'>et</span> <span class='ocrx_word' id='word_1_307' title='bbox 1101 3697 1251 3760; x_wconf 83' lang='lat' dir='ltr'>dividunt</span> <span class='ocrx_word' id='word_1_308' title='bbox 1271 3698 1355 3761; x_wconf 89' lang='lat' dir='ltr'>inter</span> <span class='ocrx_word' id='word_1_309' title='bbox 1377 3702 1495 3761; x_wconf 89' lang='lat' dir='ltr'>terram</span> <span class='ocrx_word' id='word_1_310' title='bbox 1526 3695 1668 3778; x_wconf 85' lang='lat' dir='ltr'>magistri</span> <span class='ocrx_word' id='word_1_311' title='bbox 1690 3694 1773 3777; x_wconf 78' lang='lat' dir='ltr'>Mys,</span> 
     </span>
     <span class='ocr_line' id='line_1_31' title="bbox 372 3795 1842 3883; baseline 0.002 -25"><span class='ocrx_word' id='word_1_312' title='bbox 372 3795 500 3860; x_wconf 88' lang='lat' dir='ltr'>Barnad</span> <span class='ocrx_word' id='word_1_313' title='bbox 524 3805 669 3863; x_wconf 69' lang='lat' dir='ltr'>vocamm</span> <span class='ocrx_word' id='word_1_314' title='bbox 691 3807 724 3863; x_wconf 88' lang='lat' dir='ltr'>et</span> <span class='ocrx_word' id='word_1_315' title='bbox 746 3806 862 3864; x_wconf 89' lang='lat' dir='ltr'>terram</span> <span class='ocrx_word' id='word_1_316' title='bbox 886 3800 1019 3864; x_wconf 83' lang='lat' dir='ltr'>Chawas</span> <span class='ocrx_word' id='word_1_317' title='bbox 1041 3806 1255 3862; x_wconf 86' lang='lat' dir='ltr'>memoratam.</span> <span class='ocrx_word' id='word_1_318' title='bbox 1277 3800 1319 3863; x_wconf 77' lang='lat' dir='ltr'>nt</span> <span class='ocrx_word' id='word_1_319' title='bbox 1341 3799 1456 3862; x_wconf 90' lang='lat' dir='ltr'>deinde</span> <span class='ocrx_word' id='word_1_320' title='bbox 1479 3800 1626 3883; x_wconf 81' lang='lat' dir='ltr'>pervenit</span> <span class='ocrx_word' id='word_1_321' title='bbox 1648 3798 1689 3862; x_wconf 91' lang='lat' dir='ltr'>ad</span> <span class='ocrx_word' id='word_1_322' title='bbox 1709 3797 1770 3862; x_wconf 87' lang='lat' dir='ltr'>flu-</span> <span class='ocrx_word' id='word_1_323' title='bbox 1807 3806 1842 3861; x_wconf 88' lang='grc'>30</span> 
     </span>
     <span class='ocr_line' id='line_1_32' title="bbox 373 3901 1772 3989; baseline 0.003 -28"><span class='ocrx_word' id='word_1_324' title='bbox 373 3901 461 3964; x_wconf 85' lang='lat' dir='ltr'>vium</span> <span class='ocrx_word' id='word_1_325' title='bbox 485 3901 652 3966; x_wconf 73' lang='lat' dir='ltr'>Kiiliellew</span> <span class='ocrx_word' id='word_1_326' title='bbox 682 3909 714 3967; x_wconf 92' lang='lat' dir='ltr'>et</span> <span class='ocrx_word' id='word_1_327' title='bbox 736 3905 781 3967; x_wconf 89' lang='lat' dir='ltr'>sie</span> <span class='ocrx_word' id='word_1_328' title='bbox 803 3911 905 3969; x_wconf 88' lang='lat' dir='ltr'>metae</span> <span class='ocrx_word' id='word_1_329' title='bbox 928 3905 1160 3989; x_wconf 89' lang='lat' dir='ltr'>praedictarum</span> <span class='ocrx_word' id='word_1_330' title='bbox 1191 3909 1348 3967; x_wconf 89' lang='lat' dir='ltr'>terrarum</span> <span class='ocrx_word' id='word_1_331' title='bbox 1371 3904 1584 3967; x_wconf 88' lang='lat' dir='ltr'>terminantur</span> <span class='ocrx_word' id='word_1_332' title='bbox 1606 3908 1638 3966; x_wconf 89' lang='lat' dir='ltr'>et</span> <span class='ocrx_word' id='word_1_333' title='bbox 1661 3903 1772 3966; x_wconf 89' lang='lat' dir='ltr'>distin·</span> 
     </span>
     <span class='ocr_line' id='line_1_33' title="bbox 373 4006 1773 4090; baseline 0.002 -24"><span class='ocrx_word' id='word_1_334' title='bbox 373 4010 518 4087; x_wconf 83' lang='lat' dir='ltr'>guantur</span> <span class='ocrx_word' id='word_1_335' title='bbox 532 4012 628 4090; x_wconf 90' lang='lat' dir='ltr'>prout</span> <span class='ocrx_word' id='word_1_336' title='bbox 643 4008 726 4070; x_wconf 91' lang='lat' dir='ltr'>dicit.</span> <span class='ocrx_word' id='word_1_337' title='bbox 749 4009 927 4071; x_wconf 82' lang='lat' dir='ltr'>Assunrens</span> <span class='ocrx_word' id='word_1_338' title='bbox 942 4009 1025 4071; x_wconf 91' lang='lat' dir='ltr'>idem</span> <span class='ocrx_word' id='word_1_339' title='bbox 1041 4006 1206 4072; x_wconf 88' lang='lat' dir='ltr'>Ladislaus</span> <span class='ocrx_word' id='word_1_340' title='bbox 1221 4008 1357 4071; x_wconf 75' lang='lat' dir='ltr'>vmvoda</span> <span class='ocrx_word' id='word_1_341' title='bbox 1372 4014 1410 4071; x_wconf 87' lang='lat' dir='ltr'>ut</span> <span class='ocrx_word' id='word_1_342' title='bbox 1424 4008 1451 4070; x_wconf 90' lang='lat' dir='ltr'>si</span> <span class='ocrx_word' id='word_1_343' title='bbox 1467 4007 1587 4071; x_wconf 88' lang='lat' dir='ltr'>dictum</span> <span class='ocrx_word' id='word_1_344' title='bbox 1604 4006 1773 4070; x_wconf 84' lang='lat' dir='ltr'>Nicolaum</span> 
     </span>
     <span class='ocr_line' id='line_1_34' title="bbox 374 4109 1771 4195; baseline 0.002 -25"><span class='ocrx_word' id='word_1_345' title='bbox 374 4112 406 4171; x_wconf 91' lang='lat' dir='ltr'>et</span> <span class='ocrx_word' id='word_1_346' title='bbox 436 4109 566 4172; x_wconf 69' lang='lat' dir='ltr'>matrem</span> <span class='ocrx_word' id='word_1_347' title='bbox 597 4111 666 4173; x_wconf 90' lang='lat' dir='ltr'>eius</span> <span class='ocrx_word' id='word_1_348' title='bbox 696 4118 728 4175; x_wconf 89' lang='lat' dir='ltr'>et</span> <span class='ocrx_word' id='word_1_349' title='bbox 758 4112 889 4176; x_wconf 87' lang='lat' dir='ltr'>heredes</span> <span class='ocrx_word' id='word_1_350' title='bbox 918 4112 1093 4175; x_wconf 91' lang='lat' dir='ltr'>eorundem</span> <span class='ocrx_word' id='word_1_351' title='bbox 1126 4113 1159 4174; x_wconf 91' lang='lat' dir='ltr'>in</span> <span class='ocrx_word' id='word_1_352' title='bbox 1188 4112 1357 4195; x_wconf 88' lang='lat' dir='ltr'>praedictis</span> <span class='ocrx_word' id='word_1_353' title='bbox 1385 4112 1478 4175; x_wconf 88' lang='lat' dir='ltr'>terris</span> <span class='ocrx_word' id='word_1_354' title='bbox 1509 4111 1771 4195; x_wconf 88' lang='lat' dir='ltr'>impedimentum</span> 
     </span>
     <span class='ocr_line' id='line_1_35' title="bbox 373 4212 1772 4299; baseline 0.001 -24"><span class='ocrx_word' id='word_1_355' title='bbox 373 4212 503 4295; x_wconf 89' lang='lat' dir='ltr'>aliquod</span> <span class='ocrx_word' id='word_1_356' title='bbox 526 4216 666 4298; x_wconf 88' lang='lat' dir='ltr'>recipere</span> <span class='ocrx_word' id='word_1_357' title='bbox 688 4216 887 4299; x_wconf 84' lang='lat' dir='ltr'>contingeret</span> <span class='ocrx_word' id='word_1_358' title='bbox 902 4215 952 4279; x_wconf 81' lang='lat' dir='ltr'>rel</span> <span class='ocrx_word' id='word_1_359' title='bbox 973 4216 1185 4279; x_wconf 86' lang='lat' dir='ltr'>turbationem</span> <span class='ocrx_word' id='word_1_360' title='bbox 1209 4235 1306 4299; x_wconf 91' lang='lat' dir='ltr'>supra</span> <span class='ocrx_word' id='word_1_361' title='bbox 1331 4216 1401 4298; x_wconf 89' lang='lat' dir='ltr'>ipsa</span> <span class='ocrx_word' id='word_1_362' title='bbox 1422 4216 1634 4299; x_wconf 79' lang='lat' dir='ltr'>possessione,</span> <span class='ocrx_word' id='word_1_363' title='bbox 1657 4214 1772 4278; x_wconf 87' lang='lat' dir='ltr'>abinde</span> 
     </span>
     <span class='ocr_line' id='line_1_36' title="bbox 373 4317 1841 4404; baseline 0.001 -27"><span class='ocrx_word' id='word_1_364' title='bbox 373 4317 509 4400; x_wconf 87' lang='lat' dir='ltr'>propriis</span> <span class='ocrx_word' id='word_1_365' title='bbox 532 4317 693 4383; x_wconf 88' lang='lat' dir='ltr'>laboribus</span> <span class='ocrx_word' id='word_1_366' title='bbox 723 4328 755 4383; x_wconf 92' lang='lat' dir='ltr'>et</span> <span class='ocrx_word' id='word_1_367' title='bbox 778 4321 928 4404; x_wconf 86' lang='lat' dir='ltr'>expensis</span> <span class='ocrx_word' id='word_1_368' title='bbox 950 4321 1036 4402; x_wconf 91' lang='lat' dir='ltr'>ipsos</span> <span class='ocrx_word' id='word_1_369' title='bbox 1066 4320 1217 4403; x_wconf 80' lang='lat' dir='ltr'>expedire</span> <span class='ocrx_word' id='word_1_370' title='bbox 1240 4325 1404 4382; x_wconf 88' lang='lat' dir='ltr'>teneretur</span> <span class='ocrx_word' id='word_1_371' title='bbox 1436 4325 1468 4382; x_wconf 90' lang='lat' dir='ltr'>et</span> <span class='ocrx_word' id='word_1_372' title='bbox 1489 4319 1523 4381; x_wconf 89' lang='lat' dir='ltr'>in</span> <span class='ocrx_word' id='word_1_373' title='bbox 1546 4318 1677 4402; x_wconf 88' lang='lat' dir='ltr'>pacifica</span> <span class='ocrx_word' id='word_1_374' title='bbox 1698 4339 1770 4402; x_wconf 90' lang='lat' dir='ltr'>pos·</span> <span class='ocrx_word' id='word_1_375' title='bbox 1806 4325 1841 4379; x_wconf 84' lang='lat'>35</span> 
     </span>
     <span class='ocr_line' id='line_1_37' title="bbox 373 4421 1773 4506; baseline 0.002 -23"><span class='ocrx_word' id='word_1_376' title='bbox 373 4421 515 4485; x_wconf 88' lang='lat' dir='ltr'>sessione</span> <span class='ocrx_word' id='word_1_377' title='bbox 537 4441 734 4487; x_wconf 83' lang='lat' dir='ltr'>conservare.</span> <span class='ocrx_word' id='word_1_378' title='bbox 776 4422 877 4499; x_wconf 80' lang='lat' dir='ltr'>Quam</span> <span class='ocrx_word' id='word_1_379' title='bbox 902 4423 1032 4504; x_wconf 89' lang='lat' dir='ltr'>quidem</span> <span class='ocrx_word' id='word_1_380' title='bbox 1054 4423 1278 4506; x_wconf 85' lang='lat' dir='ltr'>obligationem</span> <span class='ocrx_word' id='word_1_381' title='bbox 1302 4423 1406 4486; x_wconf 90' lang='lat' dir='ltr'>dictus</span> <span class='ocrx_word' id='word_1_382' title='bbox 1428 4422 1580 4486; x_wconf 88' lang='lat' dir='ltr'>Nicolaus</span> <span class='ocrx_word' id='word_1_383' title='bbox 1602 4443 1660 4506; x_wconf 89' lang='lat' dir='ltr'>pro</span> <span class='ocrx_word' id='word_1_384' title='bbox 1684 4442 1718 4486; x_wconf 88' lang='lat' dir='ltr'>se</span> <span class='ocrx_word' id='word_1_385' title='bbox 1741 4428 1773 4486; x_wconf 91' lang='lat' dir='ltr'>et</span> 
     </span>
     <span class='ocr_line' id='line_1_38' title="bbox 373 4526 1772 4611; baseline 0.001 -24"><span class='ocrx_word' id='word_1_386' title='bbox 373 4526 470 4590; x_wconf 84' lang='lat' dir='ltr'>fratre</span> <span class='ocrx_word' id='word_1_387' title='bbox 492 4546 550 4590; x_wconf 90' lang='lat' dir='ltr'>suo</span> <span class='ocrx_word' id='word_1_388' title='bbox 574 4527 746 4610; x_wconf 88' lang='lat' dir='ltr'>praelibato</span> <span class='ocrx_word' id='word_1_389' title='bbox 769 4527 809 4591; x_wconf 90' lang='lat' dir='ltr'>de</span> <span class='ocrx_word' id='word_1_390' title='bbox 830 4527 1085 4610; x_wconf 89' lang='lat' dir='ltr'>possessionibus</span> <span class='ocrx_word' id='word_1_391' title='bbox 1106 4547 1164 4611; x_wconf 88' lang='lat' dir='ltr'>per</span> <span class='ocrx_word' id='word_1_392' title='bbox 1192 4529 1280 4611; x_wconf 88' lang='lat' dir='ltr'>ipsos</span> <span class='ocrx_word' id='word_1_393' title='bbox 1302 4526 1447 4590; x_wconf 78' lang='lat' dir='ltr'>ladislao</span> <span class='ocrx_word' id='word_1_394' title='bbox 1471 4526 1626 4590; x_wconf 86' lang='lat' dir='ltr'>vairodae</span> <span class='ocrx_word' id='word_1_395' title='bbox 1649 4526 1772 4590; x_wconf 88' lang='lat' dir='ltr'>traditis</span> 
     </span>
     <span class='ocr_line' id='line_1_39' title="bbox 373 4629 1772 4715; baseline -0.001 -21"><span class='ocrx_word' id='word_1_396' title='bbox 373 4630 518 4694; x_wconf 85' lang='lat' dir='ltr'>similiter</span> <span class='ocrx_word' id='word_1_397' title='bbox 539 4632 711 4715; x_wconf 89' lang='lat' dir='ltr'>assumpsit</span> <span class='ocrx_word' id='word_1_398' title='bbox 733 4630 972 4715; x_wconf 80' lang='lat' dir='ltr'>observandam,</span> <span class='ocrx_word' id='word_1_399' title='bbox 1003 4632 1151 4695; x_wconf 82' lang='lat' dir='ltr'>videlicet</span> <span class='ocrx_word' id='word_1_400' title='bbox 1174 4630 1261 4713; x_wconf 90' lang='lat' dir='ltr'>quod</span> <span class='ocrx_word' id='word_1_401' title='bbox 1284 4651 1303 4693; x_wconf 93' lang='lat' dir='ltr'>a</span> <span class='ocrx_word' id='word_1_402' title='bbox 1325 4630 1469 4713; x_wconf 90' lang='lat' dir='ltr'>quolibet</span> <span class='ocrx_word' id='word_1_403' title='bbox 1490 4631 1524 4692; x_wconf 92' lang='lat' dir='ltr'>in</span> <span class='ocrx_word' id='word_1_404' title='bbox 1547 4629 1625 4713; x_wconf 91' lang='lat' dir='ltr'>ipsis</span> <span class='ocrx_word' id='word_1_405' title='bbox 1647 4648 1772 4713; x_wconf 88' lang='lat' dir='ltr'>posses·</span> 
     </span>
     <span class='ocr_line' id='line_1_40' title="bbox 373 4732 1774 4818; baseline -0.001 -21"><span class='ocrx_word' id='word_1_406' title='bbox 373 4734 517 4798; x_wconf 89' lang='lat' dir='ltr'>sionibus</span> <span class='ocrx_word' id='word_1_407' title='bbox 544 4734 724 4798; x_wconf 80' lang='lat' dir='ltr'>ladislaum</span> <span class='ocrx_word' id='word_1_408' title='bbox 759 4734 926 4798; x_wconf 82' lang='lat' dir='ltr'>vaivodam</span> <span class='ocrx_word' id='word_1_409' title='bbox 959 4732 1128 4798; x_wconf 87' lang='lat' dir='ltr'>molestare</span> <span class='ocrx_word' id='word_1_410' title='bbox 1156 4734 1341 4798; x_wconf 80' lang='lat' dir='ltr'>volentibus</span> <span class='ocrx_word' id='word_1_411' title='bbox 1373 4734 1510 4818; x_wconf 90' lang='lat' dir='ltr'>propriis</span> <span class='ocrx_word' id='word_1_412' title='bbox 1543 4732 1707 4797; x_wconf 90' lang='lat' dir='ltr'>laboribus</span> <span class='ocrx_word' id='word_1_413' title='bbox 1741 4737 1774 4796; x_wconf 88' lang='lat' dir='ltr'>et</span> 
     </span>
     <span class='ocr_line' id='line_1_41' title="bbox 374 4836 1842 4923; baseline -0.004 -20"><span class='ocrx_word' id='word_1_414' title='bbox 374 4840 524 4923; x_wconf 84' lang='lat' dir='ltr'>expensis</span> <span class='ocrx_word' id='word_1_415' title='bbox 547 4839 707 4903; x_wconf 90' lang='lat' dir='ltr'>tenebitur</span> <span class='ocrx_word' id='word_1_416' title='bbox 729 4840 880 4923; x_wconf 84' lang='lat' dir='ltr'>expedire</span> <span class='ocrx_word' id='word_1_417' title='bbox 902 4845 934 4902; x_wconf 93' lang='lat' dir='ltr'>et</span> <span class='ocrx_word' id='word_1_418' title='bbox 955 4840 989 4901; x_wconf 91' lang='lat' dir='ltr'>in</span> <span class='ocrx_word' id='word_1_419' title='bbox 1012 4839 1212 4922; x_wconf 90' lang='lat' dir='ltr'>possessione</span> <span class='ocrx_word' id='word_1_420' title='bbox 1234 4837 1365 4921; x_wconf 89' lang='lat' dir='ltr'>pacifica</span> <span class='ocrx_word' id='word_1_421' title='bbox 1386 4856 1584 4902; x_wconf 73' lang='lat' dir='ltr'>consumme.</span> <span class='ocrx_word' id='word_1_422' title='bbox 1618 4836 1656 4900; x_wconf 92' lang='lat' dir='ltr'>In</span> <span class='ocrx_word' id='word_1_423' title='bbox 1679 4836 1772 4901; x_wconf 86' lang='lat' dir='ltr'>caius</span> <span class='ocrx_word' id='word_1_424' title='bbox 1806 4842 1842 4897; x_wconf 85' lang='lat'>40</span> 
     </span>
     <span class='ocr_line' id='line_1_42' title="bbox 373 4940 1772 5026; baseline -0.001 -21"><span class='ocrx_word' id='word_1_425' title='bbox 373 4944 419 5007; x_wconf 90' lang='lat' dir='ltr'>rei</span> <span class='ocrx_word' id='word_1_426' title='bbox 448 4943 664 5007; x_wconf 88' lang='lat' dir='ltr'>testimonium</span> <span class='ocrx_word' id='word_1_427' title='bbox 693 4949 724 5006; x_wconf 89' lang='lat' dir='ltr'>et</span> <span class='ocrx_word' id='word_1_428' title='bbox 753 4943 852 5006; x_wconf 92' lang='lat' dir='ltr'>robur</span> <span class='ocrx_word' id='word_1_429' title='bbox 878 4947 1068 5026; x_wconf 89' lang='lat' dir='ltr'>perpetuum</span> <span class='ocrx_word' id='word_1_430' title='bbox 1091 4941 1131 5005; x_wconf 90' lang='lat' dir='ltr'>ad</span> <span class='ocrx_word' id='word_1_431' title='bbox 1153 4942 1322 5024; x_wconf 89' lang='lat' dir='ltr'>petitiones</span> <span class='ocrx_word' id='word_1_432' title='bbox 1355 4942 1494 5025; x_wconf 88' lang='lat' dir='ltr'>partium</span> <span class='ocrx_word' id='word_1_433' title='bbox 1515 4940 1624 5005; x_wconf 85' lang='lat' dir='ltr'>literas</span> <span class='ocrx_word' id='word_1_434' title='bbox 1646 4946 1772 5004; x_wconf 76' lang='lat' dir='ltr'>nosbas</span> 
     </span>
     <span class='ocr_line' id='line_1_43' title="bbox 372 5044 1772 5129; baseline -0.001 -20"><span class='ocrx_word' id='word_1_435' title='bbox 372 5052 556 5129; x_wconf 89' lang='lat' dir='ltr'>praesentes</span> <span class='ocrx_word' id='word_1_436' title='bbox 579 5048 795 5111; x_wconf 90' lang='lat' dir='ltr'>concessimus</span> <span class='ocrx_word' id='word_1_437' title='bbox 817 5046 911 5128; x_wconf 91' lang='lat' dir='ltr'>sigilli</span> <span class='ocrx_word' id='word_1_438' title='bbox 933 5047 1033 5109; x_wconf 89' lang='lat' dir='ltr'>nostri</span> <span class='ocrx_word' id='word_1_439' title='bbox 1049 5046 1226 5110; x_wconf 90' lang='lat' dir='ltr'>munimine</span> <span class='ocrx_word' id='word_1_440' title='bbox 1248 5045 1420 5109; x_wconf 88' lang='lat' dir='ltr'>roboratas.</span> <span class='ocrx_word' id='word_1_441' title='bbox 1444 5044 1564 5108; x_wconf 88' lang='lat' dir='ltr'>Datum</span> <span class='ocrx_word' id='word_1_442' title='bbox 1586 5049 1680 5108; x_wconf 84' lang='lat' dir='ltr'>sexta</span> <span class='ocrx_word' id='word_1_443' title='bbox 1694 5044 1772 5108; x_wconf 86' lang='lat' dir='ltr'>feria</span> 
     </span>
     <span class='ocr_line' id='line_1_44' title="bbox 371 5148 1773 5233; baseline -0.001 -21"><span class='ocrx_word' id='word_1_444' title='bbox 371 5151 519 5233; x_wconf 83' lang='lat' dir='ltr'>proxima</span> <span class='ocrx_word' id='word_1_445' title='bbox 550 5157 622 5233; x_wconf 89' lang='lat' dir='ltr'>post</span> <span class='ocrx_word' id='word_1_446' title='bbox 655 5152 770 5214; x_wconf 81' lang='lat' dir='ltr'>festum</span> <span class='ocrx_word' id='word_1_447' title='bbox 804 5150 909 5214; x_wconf 88' lang='lat' dir='ltr'>Lucae</span> <span class='ocrx_word' id='word_1_448' title='bbox 942 5151 1163 5233; x_wconf 83' lang='lat' dir='ltr'>evangelistae.</span> <span class='ocrx_word' id='word_1_449' title='bbox 1204 5149 1363 5233; x_wconf 88' lang='lat' dir='ltr'>Stephano</span> <span class='ocrx_word' id='word_1_450' title='bbox 1397 5148 1587 5233; x_wconf 70' lang='lat' dir='ltr'>praeposito,</span> <span class='ocrx_word' id='word_1_451' title='bbox 1620 5148 1773 5231; x_wconf 80' lang='lat' dir='ltr'>Gregorio</span> 
     </span>
     <span class='ocr_line' id='line_1_45' title="bbox 373 5252 1774 5335; baseline -0.002 -18"><span class='ocrx_word' id='word_1_452' title='bbox 373 5260 511 5335; x_wconf 72' lang='lat' dir='ltr'>cantore,</span> <span class='ocrx_word' id='word_1_453' title='bbox 541 5255 711 5318; x_wconf 87' lang='lat' dir='ltr'>Vincentio</span> <span class='ocrx_word' id='word_1_454' title='bbox 746 5254 887 5335; x_wconf 77' lang='lat' dir='ltr'>custode,</span> <span class='ocrx_word' id='word_1_455' title='bbox 921 5254 1094 5318; x_wconf 89' lang='lat' dir='ltr'>Benedicto</span> <span class='ocrx_word' id='word_1_456' title='bbox 1129 5255 1249 5318; x_wconf 88' lang='lat' dir='ltr'>decano</span> <span class='ocrx_word' id='word_1_457' title='bbox 1284 5252 1505 5334; x_wconf 74' lang='lat' dir='ltr'>existentibus,</span> <span class='ocrx_word' id='word_1_458' title='bbox 1539 5272 1623 5315; x_wconf 89' lang='lat' dir='ltr'>anno</span> <span class='ocrx_word' id='word_1_459' title='bbox 1654 5252 1774 5315; x_wconf 90' lang='lat' dir='ltr'>domini</span> 
     </span>
     <span class='ocr_line' id='line_1_46' title="bbox 374 5357 1842 5443; baseline -0.003 -22"><span class='ocrx_word' id='word_1_460' title='bbox 374 5357 539 5422; x_wconf 90' lang='lat' dir='ltr'>millesimo</span> <span class='ocrx_word' id='word_1_461' title='bbox 563 5359 785 5424; x_wconf 88' lang='lat' dir='ltr'>trecentesimo</span> <span class='ocrx_word' id='word_1_462' title='bbox 796 5359 817 5437; x_wconf 81' lang='lat'>¹)</span> <span class='ocrx_word' id='word_1_463' title='bbox 839 5359 950 5443; x_wconf 91' lang='lat' dir='ltr'>primo.</span> <span class='ocrx_word' id='word_1_464' title='bbox 1807 5362 1842 5417; x_wconf 82' lang='lat'>45</span> 
     </span>
    </p>
   </div>
   <div class='ocr_carea' id='block_1_3' title="bbox 531 5494 916 5564">
    <p class='ocr_par' dir='ltr' id='par_1_3' title="bbox 531 5494 916 5564">
     <span class='ocr_line' id='line_1_47' title="bbox 531 5494 916 5564; baseline -0.005 -15"><span class='ocrx_word' id='word_1_465' title='bbox 531 5496 550 5563; x_wconf 91' lang='lat'>¹)</span> <span class='ocrx_word' id='word_1_466' title='bbox 573 5495 706 5564; x_wconf 74' lang='lat' dir='ltr'>Vorlape:</span> <span class='ocrx_word' id='word_1_467' title='bbox 724 5494 916 5550; x_wconf 84' lang='lat' dir='ltr'>tercentesimo.</span> 
     </span>
    </p>
   </div>
   <div class='ocr_carea' id='block_1_4' title="bbox 0 0 2048 6292">
    <p class='ocr_par' dir='ltr' id='par_1_4' title="bbox 0 0 2048 6292">
     <span class='ocr_line' id='line_1_48' title="bbox 0 0 2048 6292; baseline 0 0"><span class='ocrx_word' id='word_1_468' title='bbox 0 0 2048 6292; x_wconf 95' lang='lat' dir='ltr'> </span> 
     </span>
    </p>
   </div>
  </div>
 </body>
</html>
