4088 6292
944 566 1100 662 *aas

326 751 492 816 salvatore.
518 751 571 815 Ad
587 753 811 817 universorum
826 755 972 818 notitiam
994 759 1059 819 tam
1073 755 1289 839 praesentium
1305 773 1402 837 quarn
1416 754 1599 819 futurorum
1613 755 1727 819 harum

327 857 409 922 serie
431 858 582 923 volumus
601 858 778 941 pervenire,
803 859 890 939 quod
905 858 1078 942 Gregorius
1092 878 1199 923 comes
1220 858 1307 923 filius
1327 859 1400 943 rtpa
1414 864 1447 923 et
1467 858 1609 923 lacobus
1630 860 1728 923 trater

326 962 396 1026 eins
425 981 462 1025 ac
485 960 658 1045 Gregorius
687 960 774 1025 filius
802 962 925 1026 Nicolai
954 963 1060 1026 tratris
1090 964 1232 1047 ipsorum
1262 983 1367 1026 coram
1399 963 1491 1027 nobis
1519 963 1728 1047 personaliter

325 1066 492 1130 constituti
513 1066 651 1130 confessi
673 1071 759 1149 sunt,
789 1066 973 1149 quodlicet
998 1087 1094 1151 super
1116 1067 1199 1131 facto
1229 1067 1468 1151 possessionum
1490 1065 1665 1131 eorundem
1687 1066 1727 1131 lis

326 1175 358 1234 et
372 1170 532 1234 contentio
547 1170 631 1234 inter
642 1171 728 1254 ipsos
739 1175 826 1234 mota
840 1171 1015 1235 exstitisset
1029 1176 1061 1235 et
1073 1171 1223 1235 suscitata
1238 1176 1270 1235 et
1286 1170 1406 1235 diutius
1416 1170 1579 1253 ventilata,
1594 1171 1724 1235 tandem
1758 1177 1775 1231 5

324 1294 382 1358 pro
405 1279 481 1339 voto
504 1279 537 1338 et
558 1293 718 1339 consensu
741 1280 773 1338 et
795 1275 835 1337 ad
853 1279 969 1338 nutum
989 1275 1132 1338 omnium
1154 1275 1380 1358 cognationum
1403 1294 1533 1339 suarum
1557 1280 1590 1338 et
1611 1293 1727 1358 cogna-

326 1383 433 1443 torum
462 1382 495 1442 et
515 1378 719 1461 inducentur,
748 1383 879 1463 propter
900 1378 1020 1443 bonum
1047 1379 1134 1463 pacis
1156 1378 1190 1441 in
1219 1378 1431 1443 celebratione
1459 1378 1625 1443 divisionis
1654 1398 1727 1463 pos·

326 1482 503 1547 sessionum
527 1501 585 1547 seu
608 1487 765 1547 terramm
788 1483 961 1548 eorundem
984 1483 1018 1546 in
1040 1483 1184 1567 partibus
1203 1482 1436 1546 Transsiluanis
1458 1482 1665 1547 existentium
1687 1484 1727 1546 ad

327 1586 422 1651 telem
451 1586 652 1650 concordiam
683 1606 740 1651 seu
762 1589 849 1671 pacis
871 1587 1023 1652 unionem
1046 1607 1080 1651 ae
1103 1587 1269 1652 devenisse
1292 1585 1480 1668 retulerunt
1512 1586 1598 1668 quod
1624 1591 1727 1651 terrae

326 1707 384 1753 seu
406 1690 623 1774 possessiones
645 1690 837 1755 Almalrerelr
859 1696 891 1756 et
912 1691 1022 1773 thelu
1045 1695 1177 1753 vocatae
1207 1709 1281 1753 oum
1304 1690 1452 1754 omnibus
1475 1690 1665 1755 utilitatibus
1686 1690 1727 1754 ad
1763 1692 1797 1749 10

221 1857 230 1870 ,
326 1793 453 1857 easdem
474 1793 709 1878 pertinentibus
732 1795 792 1859 sub
814 1796 908 1859 metis
930 1800 963 1859 et
984 1794 1127 1858 terminis
1149 1800 1245 1877 prout
1266 1794 1478 1877 possederunt
1500 1797 1532 1858 et
1553 1798 1728 1858 tenuerunt

327 1896 366 1961 eb
390 1898 522 1979 antiquo
546 1918 583 1962 ac
604 1898 681 1962 villa
702 1899 800 1963 Bessa
823 1917 897 1963 cum
919 1899 1079 1962 universis
1100 1897 1292 1962 utilitatibus
1314 1898 1382 1962 suis
1402 1898 1463 1981 ipsi
1487 1896 1639 1980 Gregorio
1661 1896 1727 1961 filio

326 2000 450 2065 Nicolai
480 2021 538 2085 pro
569 2007 658 2086 parte
689 2022 756 2083 sua
789 2003 864 2067 item
896 2003 1047 2086 Gregorio
1078 2002 1185 2065 comiti
1214 2000 1280 2065 filio
1313 2003 1385 2085 Apa
1414 2008 1516 2067 terrae
1546 2021 1604 2066 seu
1633 2002 1728 2066 villae

327 2104 495 2188 Bethlenq
517 2106 623 2191 Figbe,
652 2105 779 2189 Malam,
801 2107 937 2188 Totesdi,
967 2106 1085 2190 Ujielu,
1114 2105 1285 2170 Baromlalr
1307 2111 1340 2170 et
1360 2106 1529 2188 Isontelqu
1551 2106 1673 2170 Keresd
1696 2112 1729 2170 et

327 2209 541 2274 Foldsintelke
555 2216 759 2293 nuncupatae
773 2211 885 2275 eodem
907 2211 1002 2274 modo
1021 2230 1095 2274 curn
1116 2209 1275 2274 universis
1297 2209 1338 2272 ad
1353 2210 1479 2274 easdem
1494 2210 1727 2295 pertinentibus
1763 2212 1796 2267 15

326 2317 359 2377 et
389 2313 580 2378 utilitatibus
609 2312 710 2392 suis.¹)
744 2313 806 2379 Sed
836 2315 911 2396 quia
939 2314 1016 2377 villa
1037 2313 1147 2396 thalu
1174 2312 1255 2378 silva
1283 2320 1378 2396 caret,
1407 2314 1453 2378 sic
1475 2313 1628 2377 dixerunt
1656 2311 1727 2376 ubi·

326 2434 466 2498 cumque
488 2416 585 2481 silvas
607 2436 703 2501 super
731 2418 844 2482 Jacobi
865 2418 1044 2502 praenotati
1071 2422 1162 2500 parte
1185 2417 1224 2481 de
1246 2417 1356 2481 eadem
1386 2417 1566 2501 pertingere
1587 2422 1728 2500 possent,

325 2518 418 2583 liberi
433 2525 547 2597 essent
563 2522 648 2585 sicut
662 2523 799 2606 propriis
813 2523 913 2606 ipsius
927 2522 949 2586 J
949 2520 1040 2585 acobi
1058 2520 1098 2584 ad
1115 2520 1279 2585 utendum.
1302 2520 1384 2584 Item
1397 2520 1518 2585 Jacobo
1534 2519 1726 2603 saepedicto

326 2628 430 2688 terrae
446 2642 504 2688 seu
518 2626 735 2708 possessiones
750 2625 852 2708 Katel,
875 2624 1077 2705 Assonfalva,
1099 2624 1200 2705 Bend,
1222 2624 1339 2707 Bubus,
1362 2624 1532 2707 Negyfalu,
1554 2622 1728 2687 Karatson·

325 2727 409 2792 tellre
431 2732 529 2810 atque
549 2727 695 2810 Moltsed
717 2729 831 2802 Bodin
861 2727 1073 2793 Szekerbatha
1095 2729 1275 2792 nominatae
1301 2728 1397 2792 simul
1419 2748 1493 2792 cum
1516 2727 1664 2792 omnibus
1686 2726 1727 2790 ad
1762 2728 1797 2783 20

326 2832 453 2896 easdem
475 2832 749 2916 appertinentibus
779 2839 811 2896 et
834 2832 1023 2895 utilitatibus
1046 2832 1112 2895 suis
1134 2852 1192 2916 per
1212 2832 1344 2895 modum
1370 2832 1536 2896 divisionis
1559 2832 1728 2896 cessissent

326 2936 395 3000 sine
417 2936 611 3019 praeiudicio
634 2937 714 3000 iuris
737 2936 831 3000 alieni
855 2943 888 2999 et
909 2941 1017 3000 essent
1031 2936 1200 3000 devolutae
1215 2937 1390 3017 unicuique
1409 2936 1551 3020 ipsorum
1573 2940 1727 3020 perpetuo

326 3045 359 3104 et
387 3039 637 3104 irrevocabiliter
665 3041 700 3103 in
728 3038 811 3102 filios
832 3038 972 3104 filiorum
999 3040 1205 3123 possidendas
1227 3038 1356 3123 pacifice
1387 3046 1419 3104 et
1449 3039 1609 3103 habendas
1639 3058 1728 3102 assu·

327 3143 466 3226 mendas,
490 3143 666 3227 obligantes
681 3163 715 3207 se
731 3143 770 3207 ab
787 3143 935 3207 omnibus
950 3144 1039 3227 prius
1060 3145 1216 3207 dictarum
1239 3149 1396 3206 terrarum
1419 3162 1477 3206 seu
1492 3143 1728 3224 possessionum

326 3267 478 3333 processu
500 3246 653 3331 temporis
675 3246 803 3311 eosdem
825 3247 978 3331 impedire
1001 3254 1033 3311 et
1058 3247 1237 3329 inquietare
1259 3246 1404 3310 volentes
1427 3251 1539 3309 mutuo
1563 3245 1728 3309 defensare
1763 3245 1796 3300 25

327 3357 359 3417 et
381 3351 532 3435 expedire
554 3350 691 3434 propriis
713 3349 875 3414 laboribus
905 3356 937 3414 et
958 3352 1117 3434 expensis,
1149 3355 1299 3414 tenentur
1321 3350 1354 3411 in
1376 3347 1508 3433 pacifica
1528 3349 1728 3432 possessione

327 3456 483 3519 dictarum
499 3460 655 3517 terrarum
678 3472 943 3537 unumquemque
965 3456 1108 3539 ipsorum
1121 3454 1280 3518 indefesse
1302 3471 1500 3516 conservare.
1521 3453 1623 3517 Iidem
1638 3472 1729 3537 prae·

326 3559 383 3623 tati
405 3557 528 3622 nobiles
549 3557 686 3621 confessi
708 3565 792 3640 sunt,
822 3559 908 3642 quod
932 3577 1043 3622 omnes
1065 3577 1180 3622 causae
1202 3576 1259 3621 seu
1282 3559 1431 3639 acdones,
1462 3575 1545 3639 quae
1569 3556 1727 3621 bonorum

327 3668 359 3726 et
380 3661 618 3745 possessionum
640 3681 771 3725 suarum
792 3663 929 3745 pecnnia
948 3662 1198 3744 mancipatarum
1218 3680 1254 3724 ac
1276 3661 1410 3725 aliarum
1433 3665 1562 3744 aparte
1583 3662 1728 3745 ipsorum

326 3766 509 3830 relictarum
523 3769 628 3828 rnotae
642 3765 787 3847 brissent,
811 3765 937 3829 sedatae
953 3770 1059 3829 essent
1074 3784 1111 3829 ac
1133 3765 1253 3847 sopitae
1272 3764 1355 3828 inter
1369 3765 1456 3848 ipsos
1471 3768 1568 3846 atque
1582 3770 1728 3828 mortuae
1762 3764 1798 3819 30

326 3869 372 3932 ita
392 3874 430 3932 ut
451 3887 627 3950 numquam
651 3868 690 3932 de
720 3875 825 3933 cetero
848 3870 882 3932 in
905 3888 1057 3953 processu
1086 3869 1245 3931 bonorum
1268 3869 1516 3952 praemissorum
1538 3868 1654 3950 aliquis
1676 3868 1728 3932 vel

327 3972 426 4056 aliqui
456 3991 498 4035 err
527 3972 646 4035 eisdem
677 3979 788 4036 eontra
810 3973 908 4038 aliurn
938 3973 1077 4054 aliquam
1105 3973 1322 4053 quaestionem
1354 3991 1411 4035 sen
1441 3992 1569 4036 eausam
1599 3990 1728 4036 movere

327 4077 480 4158 valerent,
502 4081 535 4140 et
556 4076 584 4139 si
607 4077 680 4159 quis
701 4077 844 4161 ipsorum
863 4077 988 4159 aliquas
1002 4076 1110 4140 literas
1124 4077 1157 4139 in
1181 4095 1333 4160 processu
1355 4076 1539 4139 huiusmodi
1560 4094 1674 4139 causae
1696 4081 1729 4140 et

326 4187 432 4266 partes
463 4181 623 4244 coniectas
654 4185 686 4245 et
707 4186 850 4265 receptas
880 4186 1066 4262 reservaret
1096 4180 1219 4243 viribus
1245 4184 1390 4243 carerent
1412 4184 1444 4244 et
1470 4180 1583 4243 inanes
1613 4185 1728 4262 essent

327 4285 451 4349 minimi
474 4288 507 4348 et
528 4282 649 4347 nullius
663 4303 796 4367 prorsus
817 4283 977 4348 firmitatis
993 4283 1190 4366 ubicumque
1212 4283 1304 4366 lapsu
1328 4284 1477 4367 temporis
1500 4283 1729 4347 exhiberentur
1763 4280 1797 4334 35

327 4405 385 4471 per
399 4386 536 4451 eosdem,
558 4384 709 4450 Potentes
723 4406 783 4451 nos
805 4407 878 4451 cum
902 4388 1062 4467 instantia,
1084 4392 1121 4450 ut
1136 4387 1175 4450 ad
1198 4386 1480 4451 consolidationem
1496 4407 1533 4450 ae
1546 4385 1728 4450 firmitatem

327 4489 511 4555 huiusmodi
525 4489 691 4553 divisionis
710 4495 867 4555 terrarum
890 4496 923 4555 et
941 4492 1177 4575 possessionum
1200 4510 1332 4553 suarum
1354 4490 1586 4574 praedictarum
1601 4509 1638 4554 ac
1653 4508 1728 4553 con·

327 4595 435 4660 cordia
456 4592 496 4658 ad
517 4600 704 4677 perpetuam
726 4595 773 4659 rei
790 4596 974 4659 memoriam
995 4595 1104 4659 literas
1126 4600 1253 4658 nostras
1274 4593 1486 4677 privilegiales
1507 4593 1728 4677 praesentibus

327 4700 404 4763 dare
433 4704 465 4763 et
486 4697 661 4762 concedere
691 4697 904 4780 dignaremur.
937 4698 1005 4762 Nos
1026 4698 1124 4782 igitur
1149 4696 1356 4782 petitionibus
1377 4698 1519 4780 ipsorum
1549 4702 1728 4760 annuentes

328 4822 424 4887 super
445 4800 619 4886 praemissa
648 4799 804 4865 divisione
826 4801 1064 4885 possessionum
1092 4821 1222 4866 suarum
1245 4800 1478 4885 praedictamm
1509 4801 1616 4865 literas
1637 4819 1727 4885 prae-
1761 4798 1797 4853 40

328 4911 434 4971 sentes
448 4910 574 4970 nostras
588 4904 805 4968 commisimus
820 4903 915 4987 sigilli
930 4905 1030 4969 nostri
1044 4905 1221 4968 munimine
1236 4903 1409 4968 roboratas.
1439 4903 1556 4968 Datum
1573 4904 1606 4967 in
1629 4924 1729 4969 coena

328 5010 457 5093 domini,
479 5028 564 5073 anno
594 5008 738 5072 eiusdem
759 5007 925 5071 millesimo
957 5008 1178 5072 trecentesimo
1201 5009 1322 5089 quinto.
1357 5007 1517 5090 Stephano
1539 5009 1728 5092 praeposito,

326 5114 446 5179 Thema
467 5116 596 5177 cantore
618 5116 651 5176 et
672 5111 838 5193 custode,²)
860 5111 992 5175 Nicolao
1016 5111 1135 5175 decano
1159 5110 1380 5176 existentibus.

484 5248 505 5317 ¹)
523 5247 605 5302 nan
621 5247 674 5301 aas
691 5246 830 5313 zaram,
848 5252 918 5301 aaa
934 5246 1083 5301 cessasent

482 5334 505 5403 ¹)
522 5332 605 5390 uorat
620 5333 659 5388 ist
677 5336 745 5388 1305
762 5334 822 5388 aad
832 5333 987 5403 ababaupt
1001 5332 1147 5388 iaaebolb
1165 5332 1215 5388 der
1225 5332 1314 5389 Jabra
1332 5336 1401 5388 1300
1418 5333 1461 5388 bia
1478 5337 1547 5389 132⁰
1564 5334 1728 5391 Vincentius
1761 5334 1796 5390 45

327 5420 372 5478 ola
388 5425 480 5478 eaor
497 5418 663 5475 amante»
680 5418 797 5490 bestopt
