4086 6300
976 614 1132 711 —ee-s-

351 804 490 869 tinentes
512 804 552 867 ed
573 802 715 888 Deswar,
745 810 783 869 nt
805 804 945 870 ostendit
966 809 999 870 et
1021 805 1098 869 dicit
1122 804 1289 889 privilegia
1310 804 1445 869 illustris
1466 803 1551 888 regis
1572 802 1753 888 anariae.

352 908 447 972 Unde
489 928 550 972 nos
583 913 788 992 praeceptum
822 909 941 972 domini
975 908 1130 973 vaivodee
1163 927 1292 973 servare
1324 909 1490 993 cupientes
1528 912 1566 972 ut
1598 911 1754 991 tenemur,

352 1016 498 1075 nostrum
521 1011 689 1076 officialem
710 1032 785 1075 oum
807 1012 934 1075 iudiciis
955 1011 1112 1076 nobilium
1135 1014 1318 1095 permittere
1340 1012 1532 1092 curavimus,
1555 1010 1612 1092 qui
1634 1010 1674 1073 ad
1693 1029 1754 1073 nos

352 1117 473 1179 reversi
495 1117 649 1179 dixerunt
670 1114 848 1179 secundum
870 1115 1067 1178 continentia
1089 1120 1121 1179 et
1142 1115 1276 1179 formam
1298 1115 1501 1199 privilegium
1523 1114 1644 1178 domini
1669 1115 1753 1199 regis

353 1219 535 1283 reobulasse
557 1219 597 1282 de
627 1224 711 1282 mete
740 1218 781 1282 ad
803 1224 920 1283 metam
942 1224 975 1283 et
995 1217 1119 1296 iuxts¹l
1149 1220 1298 1301 antiquos
1324 1225 1424 1284 metas
1445 1237 1546 1282 novas
1563 1223 1670 1282 metas
1690 1219 1754 1282 ele
1789 1226 1807 1279 5

353 1323 469 1405 vando,
498 1328 536 1387 ut
564 1322 657 1387 nobis
678 1323 802 1386 exstitit
823 1327 1029 1406 praeceptum
1060 1322 1099 1386 de
1128 1323 1256 1387 domino
1286 1324 1431 1405 vaivoda
1461 1327 1696 1387 commetaneos
1724 1328 1757 1388 et

354 1427 477 1490 viduos
499 1428 652 1509 vocando,
682 1426 730 1489 illi
760 1432 868 1491 autem
890 1446 957 1489 non
984 1426 1240 1492 contradicendo.
1283 1427 1379 1492 Unde
1401 1445 1462 1490 nos
1484 1425 1633 1491 omnibus
1654 1426 1756 1489 homi·

353 1530 449 1594 nibus
481 1530 635 1594 iustitiam
666 1531 771 1595 tacere
801 1531 967 1614 cupientes
998 1534 1034 1593 ut
1064 1535 1211 1595 tenemur
1243 1550 1263 1595 a
1295 1531 1370 1595 data
1401 1531 1617 1615 praesentium
1650 1549 1756 1613 usque

354 1638 427 1698 octo
449 1634 517 1698 dies
539 1640 754 1718 exspectante,
777 1635 804 1698 si
836 1634 909 1716 quis
931 1634 984 1697 vel
1013 1633 1129 1715 aliquis
1157 1634 1284 1698 literam
1312 1640 1453 1699 nostram
1480 1638 1592 1697 contra
1613 1634 1755 1718 hospites

353 1739 511 1802 niteretur
542 1739 768 1820 contradicere,
798 1758 839 1802 ex
873 1738 1098 1801 commetaneis
1131 1739 1241 1803 nullus
1273 1739 1440 1803 interdixit
1471 1756 1532 1802 nec
1564 1737 1754 1802 interdicere
1791 1743 1824 1797 10

354 1848 557 1905 curaverunt
602 1841 678 1906 Ideo
708 1862 768 1906 nos
790 1842 910 1905 eisdem
936 1840 1114 1924 hospitibus
1137 1842 1177 1905 de
1198 1839 1332 1905 Deswar
1353 1842 1393 1904 ad
1415 1841 1495 1904 illud
1520 1841 1567 1905 rei
1589 1842 1755 1906 veritatem

354 1945 414 2009 snb
437 1945 549 2029 sigillis
570 1946 688 2009 nostris
710 1946 927 2010 concessimus
950 1945 1059 2009 literas
1080 1950 1207 2009 nostras
1228 1946 1405 2010 munimine
1427 1944 1599 2009 roboratas.
1635 1943 1754 2009 Datum

354 2049 444 2217 teriae
454 2050 730 2217 gegtaXproxima
756 2055 829 2134 post
859 2048 977 2113 testum
1006 2048 1091 2113 beati
1112 2048 1276 2113 Michaelis
1301 2048 1490 2133 archangeli,
1520 2068 1605 2113 anno
1635 2048 1756 2113 domini

354 2152 396 2217 M„
515 2202 522 2216 .
644 2154 766 2236 quinto.

1009 2501 1104 2584 441.
1789 2524 1823 2577 rs

430 2683 539 2754 1325
579 2680 724 2755 Ottober
749 2685 817 2753 27.
861 2682 980 2774 Kdnip
1010 2682 1106 2754 Korl
1139 2682 1282 2755 salaht
1316 2683 1372 2754 die
1402 2681 1592 2773 Beiram
1616 2678 1756 2772 Vytaln

355 2809 513 2877 vocatam
538 2803 578 2875 in
604 2802 768 2876 comitatu
785 2802 933 2875 Albensi
950 2802 1240 2876 lhenssiluanice
1266 2803 1368 2875 iuxta
1393 2801 1543 2874 firmum
1569 2799 1690 2873 Morus
1716 2799 1755 2871 in

355 2923 534 2997 vicinitate
559 2923 790 3019 possessionis
808 2924 968 2996 Andreae
987 2924 1154 2997 vaivodae
1179 2930 1315 3020 aparte
1332 2922 1534 2996 occidentali
1551 2921 1754 2994 existentem

354 3046 414 3118 des
449 3046 534 3118 ohne
568 3046 786 3119 mmnlichen
820 3045 940 3118 Erben
974 3045 1211 3118 cremonen
1249 3044 1366 3118 Omnes
1397 3043 1601 3116 Domintcnu
1635 3043 1756 3114 men

356 3166 524 3240 Tdclttem
548 3165 705 3260 deoysi,
738 3166 846 3239 Clara
871 3165 946 3238 aad
970 3165 1161 3239 meahare.
1789 3178 1825 3234 20

433 3304 561 3378 Datum
597 3328 659 3402 per
692 3327 821 3378 manus
848 3303 987 3377 discreti
1013 3304 1083 3376 viri
1110 3303 1273 3401 magistri
1299 3302 1457 3377 Andreae
1486 3301 1674 3399 praepositi
1699 3323 1753 3375 eo·

355 3425 480 3499 clesiae
497 3425 674 3520 Albensis,
700 3425 801 3500 aulae
827 3431 965 3498 nostrae
987 3424 1267 3498 mceeanoellarii
1293 3424 1409 3497 dilecti
1434 3430 1468 3496 et
1493 3423 1607 3496 fidelis
1634 3421 1754 3514 nostri,

356 3569 449 3619 anno
475 3546 609 3619 domini
635 3545 822 3619 millesimo
849 3546 1087 3618 trecentesimo
1112 3545 1278 3618 vicesimo
1304 3545 1433 3640 quinto,
1459 3552 1555 3618 sexte
1575 3544 1754 3617 Kalendas

355 3666 572 3761 Nouembris,
597 3667 697 3763 regni
723 3672 838 3739 autem
865 3666 976 3739 nostri
1004 3688 1097 3739 anno
1125 3666 1287 3738 similiter
1313 3665 1477 3739 vicesimo
1503 3666 1631 3761 quinto.

458 3832 460 3836 ⁴
511 3830 672 3899 Allecto-itt:
689 3829 813 3899 Kentny
823 3829 947 3898 Diplom.
965 3829 1135 3899 supplens,
1152 3834 1208 3886 247
1222 3829 1293 3884 nodi
1310 3830 1386 3884 einer
1403 3828 1755 3900 Beyloahe'punpearlrunde
1790 3827 1824 3882 25

459 3918 507 3973 dee
529 3915 744 3972 Vizewotwodea
765 3914 918 3970 Lmondua
938 3915 1034 3984 Lepos,
1058 3916 1142 3970 deren
1164 3915 1311 3985 Dotiraep
1332 3915 1408 3984 fehlt,
1431 3916 1527 3971 welclte
1549 3916 1582 3970 in
1604 3916 1650 3970 dte
1667 3914 1755 3970 Jatre

460 4008 529 4059 141⁵
548 4004 591 4059 uu
608 4006 678 4058 racc
694 4002 796 4073 panon.

1008 4351 1106 4434 442.

433 4534 760 4607 1326Mor212.
800 4534 919 4625 Kone
944 4533 1040 4604 Karl
1065 4531 1224 4625 bcstdtipt
1248 4532 1342 4604 scine
1375 4530 1540 4605 Urlande
1564 4553 1629 4603 von
1654 4531 1757 4601 1318

357 4656 425 4728 Nr.
456 4658 539 4733 355
565 4658 628 4729 mit
654 4658 750 4729 einer
773 4656 913 4728 accim
939 4676 1003 4726 ons
1029 4653 1218 4727 denuebcn
1238 4653 1334 4725 Jalr
1360 4653 1427 4725 Nr.
1459 4655 1541 4725 353
1572 4650 1757 4742 hctrcffm
1789 4671 1825 4724 so

356 4777 531 4849 Zolothno
549 4777 619 4866 fiir
645 4777 710 4848 doe
743 4774 1023 4866 Werbsenburqcr
1048 4775 1201 4867 Kopilet

515 4934 591 5010 O'n‘p.
604 4941 684 5009 Perp.
702 4938 912 5007 Kapilelorchlo
923 4938 1091 5007 Karlebury.
1109 4937 1198 5008 Siepel
1208 4954 1269 4992 war
1281 4937 1444 5007 onpelrdnpt,
1462 4940 1560 4991 eommt
1573 4935 1660 4989 eintm
1673 4933 1757 4989 Stitrlr

460 5027 508 5082 des
525 5028 717 5096 Perpennam
734 5024 944 5094 obpcsclmitten.

518 5145 743 5217 Uaoollotdndlq:
761 5145 891 5202 &eredat
908 5146 1021 5202 Notitto
1037 5149 1081 5201 24.

513 5268 625 5339 Repert:
643 5267 730 5336 chtr
749 5266 840 5324 &aa
861 5267 950 5336 VIII,
966 5272 992 5336 3,
1010 5271 1053 5324 96.
1080 5268 1305 5324 rettulerim
1322 5272 1400 5336 1889,
1417 5270 1477 5323 584.

517 5424 538 5493 ¹)
560 5423 693 5494 Vorlope:
710 5422 786 5478 iusta
