4106 6294
962 608 1118 707 Q

341 797 438 863 116616
469 797 683 865 66611666161.
729 797 948 879 Interrogatus
980 799 1140 880 quomodo
1170 798 1238 879 scit,
1272 797 1356 860 dixit
1383 797 1469 860 idem
1499 802 1536 860 ut
1566 796 1600 859 in
1630 800 1742 860 octavo

340 902 483 985 articulo,
506 921 603 986 super
625 902 774 965 omuibus
796 921 854 985 per
876 902 1020 966 ordinem
1042 903 1264 986 interrogatus.
1307 902 1388 965 item
1410 901 1625 983 interrogatus
1647 920 1743 984 super

341 1005 454 1070 ultimo
478 1005 611 1071 articulo
636 1006 675 1070 de
697 1006 826 1089 publica
848 1007 940 1085 tama,
964 1006 1046 1069 dixit
1070 1026 1145 1070 vera
1164 1025 1233 1069 6666
1258 1006 1395 1087 quaein
1418 1005 1487 1088 ipso
1511 1004 1645 1067 articqu
1668 1022 1743 1067 con·

341 1110 492 1173 tinentur.
514 1108 734 1192 Interrogatus
757 1110 791 1171 iu
816 1128 913 1173 cansa
935 1110 1094 1191 scientiae,
1117 1111 1199 1173 dixit
1215 1110 1300 1192 quod
1325 1109 1405 1172 vidn
1420 1109 1520 1171 oculis
1542 1108 1617 1172 suis.
1641 1107 1743 1170 inter-

340 1219 472 1296 rogatus
495 1213 572 1295 quid
595 1219 644 1277 est
666 1212 794 1296 publica
815 1232 882 1275 vox
905 1218 937 1276 et
959 1214 1051 1293 fama,
1086 1214 1168 1278 dixit
1191 1215 1277 1296 quod
1300 1219 1348 1277 est
1370 1212 1459 1293 illud,
1490 1211 1577 1293 quod
1599 1211 1743 1275 homiues
1777 1222 1794 1273 5

340 1317 467 1401 publice
482 1316 664 1399 loquuntur
685 1317 719 1379 in
735 1316 829 1399 villis,
852 1318 959 1380 stratis
974 1322 1006 1381 61
1021 1318 1142 1401 plateis,
1166 1324 1198 1382 et
1213 1318 1300 1400 qnod
1323 1323 1372 1381 est
1393 1326 1507 1379 uotum
1527 1322 1560 1379 et
1574 1316 1743 1378 notorium.

343 1421 562 1505 Interrogatus
593 1426 673 1503 quot
701 1420 847 1485 homines
869 1422 991 1485 faciunt
1016 1421 1180 1504 ,publicam
1201 1442 1312 1485 vocem
1343 1427 1375 1485 et
1397 1421 1521 1500 tamam
1551 1420 1634 1482 dixit
1657 1418 1744 1501 quod

343 1525 507 1589 (16666161
537 1523 658 1607 viginti,
689 1532 721 1589 61
743 1530 853 1608 postea
884 1525 1067 1609 divulgatur
1089 1526 1209 1607 aliquid
1232 1546 1289 1610 per
1313 1532 1411 1589 totam
1433 1525 1602 1588 civitatem.
1639 1524 1743 1587 Inter·

338 1632 472 1710 *rogatus
494 1629 521 1692 61
536 1628 604 1713 ipse
620 1630 710 1692 testis
729 1634 778 1692 est
792 1629 946 1711 literatus,
969 1631 1050 1694 deit
1066 1632 1151 1713 quod
1175 1632 1228 1694 sic.
1251 1632 1471 1713 Interrogatus
1486 1629 1514 1692 si
1529 1629 1591 1691 1611
1605 1632 1743 1707 rogatus,

341 1733 530 1796 informatus
560 1733 611 1795 rel
641 1733 782 1795 monitus
812 1733 853 1795 ad
882 1734 942 1796 hoc
972 1734 1190 1798 testimonium
1220 1734 1460 1818 perhibendum.
1493 1734 1576 1796 dixit
1607 1731 1694 1814 quod
1716 1732 1744 1794 si
1781 1741 1814 1792 10

341 1855 408 1898 non
431 1835 544 1903 fuisset
566 1836 691 1917 citatus,
715 1855 890 1917 numquam
913 1838 1055 1902 venisset
1077 1840 1117 1902 ad
1139 1838 1369 1923 perhibendum
1392 1836 1480 1900 illud.
1524 1835 1744 1917 Interrogatus

342 1939 459 2003 siodit
480 1940 549 2023 ipse
572 1940 662 2004 testis
685 1940 805 2006 dictum
828 1941 1002 2026 capitulum
1024 1941 1077 2004 rel
1100 1942 1278 2023 canonicos,
1310 1942 1392 2005 dirit
1415 1941 1500 2022 quod
1525 1960 1597 2002 ((66.
1641 1939 1744 2002 16161-

343 2049 474 2127 rogatus
509 2050 589 2127 quot
617 2063 775 2108 annorum
810 2050 859 2108 est
888 2045 955 2129 ipse
989 2045 1088 2126 testie,
1122 2046 1205 2109 dixit
1238 2047 1325 2127 quod
1359 2052 1407 2108 est
1441 2043 1743 2125 quinquagenarius.

341 2145 562 2230 Interrogatus
583 2148 670 2215 uude
686 2155 769 2214 esset
785 2152 922 2231 natione,
944 2150 1027 2213 dixit
1042 2150 1129 2231 quod
1145 2151 1184 2214 de
1196 2150 1297 2212 Vincz
1306 2150 1327 2224 ¹)
1350 2149 1500 2212 interiori.
1522 2147 1743 2230 Interrogatus

344 2268 409 2331 quo
417 2248 439 2327 ¹)
463 2250 532 2314 loco
555 2253 708 2318 continue
730 2253 892 2331 habitarit,
916 2254 998 2316 dixIt
1021 2254 1107 2335 quod
1129 2254 1162 2316 in
1185 2253 1269 2317 Alba
1291 2261 1323 2316 61
1345 2253 1436 2315 Vinz.
1474 2251 1694 2334 Interrogatus
1715 2250 1742 2313 si
1782 2260 1812 2310 15

343 2354 384 2418 ab
408 2375 473 2421 uno
504 2376 588 2420 auno
615 2358 694 2420 citra
716 2356 860 2422 Saxones
890 2363 922 2421 61
953 2358 1064 2421 decani
1093 2378 1130 2421 ac
1152 2357 1330 2441 presbyteri
1357 2363 1390 2420 et
1411 2355 1537 2439 plebani
1561 2356 1600 2418 de
1623 2360 1743 2438 septem

344 2458 549 2524 decanatibus
580 2466 612 2524 et
641 2460 694 2523 alii
723 2468 916 2526 mercatores
946 2467 979 2524 et
1000 2461 1077 2524 boni
1099 2462 1160 2524 viri
1191 2466 1365 2544 potueruut
1388 2461 1414 2523 si
1436 2459 1610 2522 voluerunt
1632 2476 1744 2521 secure

342 2581 400 2645 per
429 2567 547 2627 terram
577 2570 609 2627 et
637 2559 813 2648 potentiam
843 2564 963 2628 domini
993 2565 1147 2628 raivodae
1179 2564 1312 2628 transire
1344 2570 1377 2627 et
1406 2564 1445 2627 ad
1480 2563 1600 2626 curiam
1624 2562 1743 2624 domini

343 2664 439 2748 legati
461 2667 581 2749 venire,
605 2667 687 2733 dixit
710 2669 797 2751 quod
819 2669 854 2731 in
872 2669 1037 2753 priucipio,
1061 2669 1189 2750 quando
1212 2669 1300 2732 citati
1315 2669 1448 2732 fuerunt
1469 2666 1621 2751 praedicti
1638 2666 1744 2730 6161161

344 2769 383 2833 (16
406 2776 527 2855 septem
550 2771 764 2854 decanatibus,
795 2772 974 2855 prohibitus
1004 2773 1066 2836 tuit
1088 2774 1134 2836 eis
1156 2792 1303 2836 accessus
1326 2792 1383 2856 per
1409 2772 1524 2835 dietam
1549 2778 1664 2834 terram
1687 2769 1743 2833 sed
1778 2776 1814 2830 20

343 2880 453 2957 postea
475 2875 657 2940 habuerunt
671 2875 807 2940 liberum
824 2895 988 2940 accessum
1004 2884 1036 2940 61
1055 2897 1234 2961 regressum
1251 2876 1290 2940 ad
1307 2878 1490 2960 petitionem
1507 2875 1744 2939 Cibiniensium.

343 2976 562 3060 Interrogatus
586 2980 745 3059 quomodo
776 2980 843 3059 scit,
874 2979 957 3043 dixit
987 2980 1073 3062 quod
1104 2981 1227 3044 audirIt
1257 2982 1316 3043 hoc
1346 2979 1472 3063 publice
1503 2979 1565 3041 (1161
1594 2979 1627 3040 16
1651 2977 1743 3041 Vina.

343 3080 561 3165 Interrogatus
584 3102 681 3165 quam
702 3090 826 3167 partem
848 3083 945 3148 vellet
967 3084 1119 3160 obtinere,
1143 3085 1225 3147 dixit
1249 3084 1334 3166 quod
1355 3103 1396 3146 ex
1416 3103 1484 3164 ,quo
1507 3090 1556 3146 est
1571 3083 1744 3145 canonicus

344 3185 502 3256 Albensis,
516 3186 614 3251 vellet
643 3188 750 3272 potius
774 3187 917 3252 obtinere
940 3188 1125 3272 capitulum,
1158 3208 1254 3271 quam
1285 3188 1417 3251 61611666
1447 3187 1486 3250 (16
1510 3186 1601 3248 (116116
1623 3191 1745 3269 septem

344 3289 559 3355 decanatibus.
1780 3295 1814 3349 25

499 3393 656 3459 Dominus
677 3395 841 3459 Iohannes
864 3402 974 3460 cautor
997 3397 1157 3461 Budensis
1180 3397 1269 3461 testis
1291 3396 1507 3479 interrogatus
1530 3413 1627 3478 super
1642 3393 1744 3477 primo

344 3499 486 3581 articulo,
521 3500 577 3581 661
607 3499 718 3583 incipit
740 3500 882 3563 Intendit
910 3500 1044 3583 probare
1072 3508 1104 3564 61
1134 3507 1238 3565 cetera
1260 3500 1342 3564 lecto
1370 3500 1430 3563 sibi
1453 3499 1629 3582 diligenter,
1664 3497 1746 3561 dixit

345 3604 432 3687 quod
462 3603 494 3666 iu
526 3603 753 3667 favorabilibus
781 3603 876 3667 fidem
899 3604 1021 3667 iaciunt
1043 3603 1201 3681 tantum.³)
1223 3605 1442 3686 Interrogatus
1473 3603 1642 3684 quomodo,
1665 3603 1746 3665 dixit

345 3708 431 3790 quod
454 3707 486 3769 in
510 3707 736 3771 donationibus
758 3715 790 3772 et
813 3708 1032 3790 legationibus,
1054 3710 1087 3770 16
1110 3708 1390 3792 praeiudicialibus·
1410 3713 1516 3771 autem
1539 3726 1612 3772 non.
1643 3706 1745 3770 Inter-

345 3817 475 3895 rogatus
504 3812 530 3874 si
555 3830 707 3892 umquam
729 3812 810 3875 vidit
838 3813 872 3874 in
903 3812 957 3876 tali
981 3833 1057 3876 casu
1087 3812 1210 3893 aliquas
1240 3814 1347 3875 literas
1376 3812 1556 3894 aliquorum
1586 3812 1742 3873 baronum
1778 3816 1813 3869 30

345 3915 479 3998 produci
500 3915 535 3977 in
558 3915 626 3977 toro
650 3914 871 3997 6661661661166,
902 3916 1020 3998 quibus
1049 3915 1128 3979 fides
1151 3916 1289 3998 daretur,
1320 3917 1402 3980 dixit
1432 3936 1465 3979 se
1488 3935 1553 3978 non
1577 3914 1744 3995 recordari,

345 4018 402 4083 sed
423 4038 481 4102 pro
504 4024 591 4082 certo
614 4020 682 4101 soit,
705 4019 749 4081 ita
771 4038 850 4100 esse,
874 4027 910 4083 61
932 4020 1021 4083 dixit.
1059 4021 1139 4084 Item
1163 4022 1377 4103 interrogatus
1400 4040 1496 4104 super
1518 3997 1744 4122 1186111161·

346 4122 482 4201 tictdist)
505 4123 588 4186 dixit
609 4123 702 4204 idem,
727 4128 763 4186 ut
784 4122 817 4184 iu
834 4122 918 4185 (11616
936 4123 1047 4206 611616.
1070 4123 1152 4186 Item
1166 4125 1380 4205 interrogatus
1396 4145 1493 4208 super
1514 4123 1587 4187 IIII.
1610 4123 1742 4187 articulo

346 4226 406 4290 sibi
428 4226 509 4289 lecto
532 4226 708 4309 diligenter,
731 4227 820 4290 lectis
843 4226 903 4289 sibi
926 4228 1021 4290 etiam
1045 4234 1076 4290 et
1100 4230 1236 4291 ostensis
1258 4227 1367 4308 1116116,
1391 4227 1565 4309 dequibus
1586 4228 1744 4310 tacitipse

345 4330 499 4395 (61166166
523 4331 725 4413 mentionem,
756 4331 838 4393 dixit
869 4331 955 4412 quod
985 4333 1053 4415 ipse
1077 4333 1166 4396 testis
1196 4332 1320 4394 dubitat
1349 4331 1388 4395 (16
1412 4331 1480 4411 hiis,
1512 4350 1594 4412 quae
1620 4331 1744 4414 inipso
1779 4334 1814 4388 35

345 4434 479 4499 articulo
502 4435 707 4498 continentur
729 4454 770 4497 an
784 4433 881 4498 fidem
896 4435 1014 4498 faciant
1028 4437 1115 4518 ipsae
1130 4435 1239 4498 literae
1262 4433 1314 4497 vel
1337 4453 1410 4497 non.
1433 4434 1515 4497 Item
1530 4436 1745 4516 interrogatus

348 4556 444 4622 super
466 4516 505 4601 ll.
528 4538 672 4620 articulo,
695 4539 777 4602 dirit
799 4558 833 4603 se
857 4538 936 4602 611111
958 4539 1047 4602 66116.
1077 4538 1158 4601 Item
1180 4538 1395 4619 interrogatus
1418 4557 1515 4621 super
1537 4516 1590 4601 VI.
1612 4536 1745 4601 articulo

347 4642 403 4725 qui
424 4642 537 4726 incipit
557 4643 639 4707 Item
664 4644 749 4723 quod
772 4643 856 4706 idem
879 4648 911 4706 et
933 4643 1044 4706 eodem
1067 4642 1161 4704 modo
1184 4647 1216 4705 61
1238 4647 1343 4705 cetera
1365 4641 1454 4704 lectis
1477 4641 1536 4704 sibi
1558 4640 1691 4704 articulo
1715 4646 1747 4703 et

346 4746 446 4811 1116116
475 4748 514 4810 (16
545 4746 663 4829 quibus
694 4747 768 4809 tacit
789 4747 857 4829 ipse
880 4746 1034 4811 articulus
1057 4745 1260 4818 mentionem,
1293 4745 1375 4807 dixit
1398 4746 1484 4827 quod
1507 4745 1616 4809 literae
1639 4744 1746 4828 pleba-

345 4871 462 4915 norum
485 4850 676 4914 sollennium
700 4851 783 4913 sicut
794 4850 992 4915 Budensium
1009 4857 1040 4914 61
1050 4851 1146 4913 ’.11166
1168 4858 1200 4913 61
1212 4850 1354 4913 Sebneoh
1371 4856 1403 4912 et
1424 4849 1583 4929 similium,
1607 4869 1743 4930 quorum
1780 4855 1815 4908 40

346 4955 449 5038 sigilla
470 4959 546 5018 sunt
568 4960 653 5035 nota,
684 4954 806 5017 1661661
826 4953 921 5017 fidem
944 4954 1069 5017 161616
1093 4952 1305 5017 ecclesiastico
1328 4957 1361 5016 61
1390 4952 1545 5016 saeculari
1567 4959 1599 5016 61
1621 4954 1667 5016 616
1690 4953 1746 5016 ob·

346 5064 508 5122 servatum
539 5064 588 5121 est
617 5064 650 5121 et
671 5063 826 5138 servatur,
856 5058 912 5123 sed
936 5057 1047 5139 quales
1069 5058 1134 5121 sint
1154 5056 1281 5141 plebani
1312 5056 1358 5119 illi
1380 5056 1432 5120 vel
1455 5055 1594 5141 praelati,
1627 5058 1683 5139 qui
1712 5057 1746 5120 in

503 5227 708 5296 ι1111666666(
724 5226 881 5283 Vinch..Er
897 5226 935 5281 ist
952 5228 1085 5283 6611661161
1101 5229 1120 5282 b
1137 5228 1169 5281 in
1185 5244 1202 5282 6
1220 5227 1286 5282 oder
1303 5226 1368 5280 611(
1384 5226 1403 5281 b
1419 5227 1559 5297 pedndert

404 5345 426 5377 a
502 5318 524 5384 ¹)
542 5314 673 5371 Febltin
690 5314 739 5371 der
762 5312 895 5384 Verlupe:
930 5376 932 5380 ,

501 5403 523 5469 ⁸)
546 5401 678 5472 Vorlupa:
695 5388 732 5455 ὦ.

501 5490 524 5559 ⁴)
546 5488 701 5545 Venami
719 5504 786 5543 aaa:
803 5486 919 5543 articulo.
