4048 6284
1036 558 1057 620 8

341 742 424 808 filios
446 741 682 827 iobagionum1)
705 749 898 826 nostrorum,
921 745 1106 808 nullatenus
1128 749 1261 829 cogatur
1282 745 1315 807 in
1337 745 1445 825 aliquo
1468 746 1668 828 respondere.
1702 746 1746 810 Ut

343 852 451 911 autem
473 848 569 911 huius
591 848 696 931 regiae
725 849 940 912 concessionis
970 850 1068 912 series
1097 848 1188 912 firma
1217 856 1249 912 et
1270 847 1465 911 invariabilis
1494 849 1528 910 in
1556 855 1746 932 perpetuum

343 958 535 1034 permaneat,
556 957 756 1034 praesentem
770 952 918 1035 paginam
940 952 974 1015 in
998 952 1044 1015 rei
1060 952 1276 1016 testimonium
1292 951 1484 1014 intitulatam
1499 952 1601 1036 sigillo
1618 959 1745 1017 nostrae

343 1054 490 1137 imaginis
512 1054 646 1119 lecimus
668 1055 867 1118 communiri.
889 1054 1008 1119 Datum
1030 1074 1224 1139 parmenus
1246 1055 1333 1119 Petri
1355 1054 1505 1118 Albensis
1528 1056 1698 1140 praepositi
1713 1061 1746 1120 et

347 1157 438 1221 aulae
461 1158 566 1241 regiae
589 1157 776 1239 cancellarii,
806 1178 890 1222 anno
911 1159 950 1223 ab
972 1158 1190 1223 incarnatione
1212 1158 1332 1221 domini
1353 1135 1452 1221 illic
1467 1136 1540 1222 1111.
1563 1159 1746 1223 Venerabili
1780 1168 1797 1219 5

344 1261 491 1325 Johanne
514 1259 680 1325 Colocensi
694 1261 938 1345 archiepiscopo,
960 1261 1083 1345 Vgrino
1099 1260 1306 1344 Strigoniensi
1329 1262 1516 1326 arehielecto
1539 1268 1571 1325 ct
1585 1261 1746 1327 lauriensi

346 1364 503 1447 episcopo,
519 1362 636 1428 Caleno
653 1362 988 1446 Quinqueecclesiensi
1011 1365 1168 1449 episcopo,
1183 1364 1347 1429 Desiderio
1363 1364 1574 1430 Chenadiensi
1589 1364 1746 1448 episcopo,

346 1467 487 1550 Symone
509 1467 709 1532 Warediensi
739 1468 897 1552 episcopo,
927 1468 1092 1533 Willermo
1123 1467 1341 1533 Ultrasiluano
1372 1469 1528 1553 episcopo.
1572 1467 1745 1531 Benedicto

344 1571 494 1655 palatino,
508 1570 665 1656 Ypochyo
681 1571 764 1635 bano
787 1578 820 1636 et
838 1572 1007 1636 Bachiensi
1029 1572 1152 1653 comite,
1174 1571 1251 1636 Jnla
1265 1572 1418 1636 Nitriensi
1440 1578 1474 1636 et
1495 1571 1607 1635 cunali
1622 1573 1746 1653 comite,

345 1675 491 1741 Tiburcio
514 1675 754 1761 Budrugiuensi
776 1674 899 1757 comite,
923 1674 1070 1759 Chepano
1094 1675 1306 1759 Suprnniensi
1328 1677 1450 1739 comite.
1780 1682 1814 1736 10

1013 1969 1077 2052 16.

421 2151 537 2221 1206.
579 2150 696 2241 Kdaiq
730 2147 891 2221 Andreas
922 2147 977 2220 ΙΙ.
1017 2148 1161 2221 celabi
1192 2148 1335 2221 Jotann
1370 2147 1522 2220 Laium
1557 2149 1613 2220 dic
1649 2155 1744 2221 terra

350 2270 513 2364 Oweafey.

502 2417 706 2487 noeaoeane
722 2432 776 2470 oea
793 2415 889 2487 Konta
907 2415 1030 2485 Stephon
1048 2420 1124 2483 1257,
1148 2416 1223 2486 erip.
1247 2416 1350 2486 Unger.
1368 2417 1576 2471 Lendcaarcbie
1595 2416 1746 2485 Badapcat.

500 2538 612 2592 Druck:
635 2535 745 2592 Wenacl
762 2536 868 2591 Adulek
887 2540 928 2591 14.
951 2537 1061 2592 Wenacl
1081 2536 1146 2591 God.
1165 2538 1272 2606 Arpad.
1291 2537 1348 2604 XI,
1366 2541 1408 2591 83.
1782 2539 1815 2590 15

500 2713 540 2776 In
567 2712 696 2775 nomine
728 2716 855 2774 sancus
884 2711 1034 2775 trinitatis
1062 2716 1095 2775 et
1123 2711 1307 2776 individuae
1336 2714 1475 2776 unitatis.
1519 2712 1666 2776 Andreas
1695 2712 1747 2775 dei

347 2816 448 2900 gratia
479 2815 676 2899 Bangenos,
706 2813 901 2895 Dalmaciae,
935 2813 1097 2895 Croaciae,
1128 2815 1260 2895 Romae,
1289 2814 1428 2897 Seruiae,
1462 2815 1611 2879 Gallioiae
1644 2815 1746 2879 Lodo-

346 2920 528 3001 meriaeque
550 2937 609 2982 rex
630 2919 665 2980 in
687 2922 885 3002 perpetuum.
907 2916 1025 3000 Regiae
1040 2920 1219 2983 serenitatis
1241 2920 1404 2983 devotioni
1418 2919 1592 3002 plurimum
1608 2920 1746 3002 expedit,

349 3023 435 3105 quod
458 3042 500 3087 ex
523 3023 611 3086 fonte
633 3022 775 3085 nascitur
796 3021 931 3104 pietatis,
954 3026 991 3083 ut
1013 3020 1152 3105 hospites
1175 3042 1285 3086 omnes
1307 3022 1347 3085 ad
1374 3023 1480 3085 sinum
1502 3043 1579 3086 suae
1601 3023 1746 3105 benigni·

348 3127 421 3190 tatis
442 3125 664 3208 confugientes
685 3125 837 3207 suscipiat
858 3129 891 3187 et
913 3124 1028 3206 foveat,
1051 3126 1107 3189 sed
1129 3125 1209 3189 ratio
1225 3127 1402 3209 persuadet
1424 3137 1462 3191 ut
1484 3147 1538 3192 ees
1556 3129 1745 3212 propensius
1782 3132 1816 3184 20

347 3236 494 3313 protegat
525 3235 558 3293 et
582 3234 776 3313 promoveat,
807 3247 888 3309 quos
918 3228 958 3291 ad
988 3227 1140 3291 honorem
1170 3248 1306 3293 coronae
1334 3238 1367 3294 et
1387 3232 1477 3313 regni
1508 3232 1677 3295 utilitatem
1699 3232 1747 3293 in·

349 3334 491 3417 spexerit
505 3332 665 3396 efficacius
679 3331 853 3413 invigilare.
872 3330 980 3395 Huius
996 3332 1092 3414 igitur
1106 3333 1152 3395 rei
1167 3334 1382 3417 speculatione
1401 3334 1570 3399 salubriter
1584 3335 1748 3398 ammoniti

350 3443 383 3502 et
404 3436 509 3501 Johan
530 3435 635 3501 Latini
656 3435 789 3520 hospitis
817 3433 920 3498 fidelis
942 3436 1043 3497 nostri
1071 3434 1179 3499 militis
1201 3437 1404 3500 servitiorum
1426 3438 1539 3501 merita
1559 3437 1694 3502 fideliter
1716 3444 1748 3501 et

349 3538 518 3606 efficaciter
545 3540 638 3604 nobis
666 3540 810 3623 impensa
839 3538 1084 3619 considerantes,
1114 3544 1230 3602 terram
1260 3541 1420 3621 quandam
1449 3542 1578 3605 nomine
1601 3541 1747 3622 Cwezley

348 3644 500 3729 p1istaldo
533 3643 653 3707 infideli
687 3650 796 3706 nostm
826 3642 956 3706 Andrea
988 3642 1053 3706 filie
1082 3642 1246 3707 Teutonici
1274 3643 1392 3707 Martin
1422 3644 1461 3707 de
1491 3643 1567 3706 villa
1593 3643 1748 3708 Vratotns
1782 3651 1816 3707 25

348 3748 537 3813 hereditario
560 3746 664 3829 iure,¹)
686 3747 720 3809 in
742 3751 932 3830 perpetuum
962 3746 990 3808 ei
1013 3746 1207 3810 conurlimus
1228 3747 1461 3831 possidendam,
1489 3767 1570 3829 qnae
1593 3753 1678 3811 terra
1698 3748 1747 3810 his

349 3851 442 3915 metis
475 3856 509 3914 et
543 3850 685 3913 terminis
715 3849 973 3931 circumcingitur
981 3849 1002 3925 ³)
1042 3855 1073 3913 et
1107 3851 1316 3915 concluditur.
1361 3852 1477 3935 Incipit
1506 3853 1614 3933 itaque
1646 3851 1748 3934 prima

348 3961 433 4019 meta
454 3954 493 4019 de
516 3953 706 4035 Barancvth,
729 3958 761 4015 et
782 3953 987 4036 progrediens
1009 3954 1198 4017 terminatur
1220 3954 1313 4018 villae
1328 3954 1512 4038 Iewenech,
1534 3955 1621 4018 unde
1636 3955 1748 4018 exiens

347 4078 405 4144 per
435 4059 588 4140 quasdam
617 4063 717 4121 metas
749 4061 836 4119 tenet
866 4056 1038 4118 tenninum
1067 4076 1141 4120 cum
1164 4057 1240 4119 villa
1262 4058 1409 4139 Gowrnh,
1439 4065 1471 4122 et
1496 4058 1570 4121 inde
1593 4059 1748 4122 terminus

349 4163 437 4226 vadit
458 4181 514 4246 per
537 4167 601 4226 tres
622 4168 732 4243 metes,
763 4159 864 4223 donec
886 4160 1050 4241 perveniat
1080 4159 1119 4221 ad
1143 4160 1250 4221 villam
1272 4160 1422 4244 Welmer,
1444 4163 1519 4225 inde
1541 4161 1747 4246 progrediens
1782 4170 1817 4225 30

347 4284 405 4349 per
428 4264 581 4346 quasdam
603 4270 703 4327 metas
725 4263 955 4326 conterminam
984 4262 1078 4325 habet
1107 4262 1215 4325 villam
1238 4263 1320 4347 Sars,
1343 4265 1457 4329 deinde
1487 4265 1631 4328 similiter
1660 4265 1748 4328 vadit

347 4387 405 4452 per
428 4367 581 4449 quasdam
604 4373 704 4431 metas
726 4373 759 4431 et
780 4366 985 4448 coniungitur
1006 4365 1101 4429 villae
1123 4365 1269 4447 Militum,
1292 4368 1378 4432 unde
1405 4369 1580 4452 procedens
1602 4368 1642 4432 de
1664 4375 1748 4432 meta

348 4472 382 4534 in
405 4475 521 4535 metam
543 4471 715 4534 revertitur
744 4470 783 4533 ad
812 4469 1004 4553 praedictam
1026 4470 1134 4533 villam
1156 4470 1347 4551 Barancuth,
1369 4473 1453 4535 intra
1484 4491 1564 4554 quas
1586 4471 1677 4535 villas
1700 4478 1748 4535 est

348 4582 434 4643 terra
454 4574 568 4656 Johan,
600 4594 696 4656 quam
726 4576 755 4639 ei
777 4573 930 4653 dedimus,
962 4592 1044 4654 quae
1066 4574 1160 4637 etiam
1183 4581 1232 4638 est
1258 4574 1393 4639 lustrata
1414 4580 1446 4640 st
1475 4576 1567 4639 metis
1590 4576 1748 4657 assignata

348 4697 406 4763 per
427 4679 489 4742 ianr
513 4678 633 4741 dictrrm
663 4675 851 4762 pristaldum
880 4674 1101 4758 iobagionibus
1122 4677 1272 4742 Albensis
1302 4681 1396 4743 castri
1426 4680 1642 4743 testimonium
1672 4678 1746 4742 inde
1781 4687 1815 4742 35

348 4779 598 4866 perhibentibus,
630 4800 767 4862 quorum
797 4780 927 4843 nomina
955 4779 1033 4842 haec
1063 4786 1155 4844 sunt:
1187 4781 1312 4865 Gyuna,
1340 4782 1442 4865 Gyna,
1472 4783 1616 4865 Gyurgy,
1645 4782 1747 4865 lseph,

349 4884 482 4949 Willera
504 4890 536 4948 et
558 4884 627 4948 aliis
643 4903 740 4966 quam
754 4883 900 4968 pluribus
917 4902 999 4964 quos
1013 4883 1119 4948 taedet
1136 4886 1308 4950 nominare.
1339 4886 1387 4950 De
1409 4892 1514 4950 cetero
1536 4887 1606 4970 paci
1629 4894 1661 4950 et
1677 4885 1748 4967 qui·

349 4988 393 5052 eti
423 4986 509 5052 illius
539 4987 707 5071 providere
737 4987 880 5051 volentes
910 4986 1043 5050 eandem
1076 4987 1262 5071 libertatem,
1293 5009 1389 5071 quam
1419 4990 1516 5053 irater
1549 4994 1657 5054 noster
1689 5008 1749 5052 rex

350 5089 532 5155 Hemiricus
554 5090 740 5155 recolendae
755 5091 925 5155 memoriae
941 5092 970 5155 ei
992 5091 1179 5174 contulerat,
1194 5092 1335 5176 plenarie
1357 5092 1417 5156 sibi
1433 5092 1564 5173 suisque
1579 5091 1748 5155 heredibus

507 5246 527 5311 ¹)
549 5242 682 5313 Vorlope:
699 5242 891 5313 hiobagionnm.
1782 5247 1818 5302 40

504 5332 527 5399 ¹)
546 5329 642 5385 Feta:
659 5330 842 5398 pertinentem.

504 5418 528 5485 ⁸)
549 5415 682 5488 Vorlaqc:
699 5416 920 5486 circumgingitur,
