4084 6302
876 636 1031 732 ,aaa

255 823 348 888 bercz
370 824 426 887 ubi
449 831 533 889 meta
555 826 696 907 antiqua,
719 826 884 908 posthaec
906 825 1045 889 flectitur
1064 834 1175 890 contra
1190 833 1335 891 austrum
1350 833 1382 892 et
1404 830 1493 893 venit
1515 831 1554 893 ad
1578 829 1657 893 duas

254 934 355 991 metas
378 937 511 993 veteres.
542 928 678 993 Demum
701 931 802 993 currit
824 931 864 993 ad
887 930 963 993 alias
986 931 1066 994 duas
1088 938 1188 995 metas
1211 933 1359 1013 antiquas
1381 953 1439 1016 per
1461 934 1586 996 sulcum
1609 935 1655 996 di-

255 1032 340 1096 visas
363 1040 395 1096 et
416 1053 474 1117 per
495 1034 599 1116 ipsum
623 1034 747 1097 sulcum
764 1035 928 1098 descendit
946 1041 1057 1098 contra
1079 1036 1260 1117 aquilonem
1284 1056 1398 1100 versus
1421 1038 1504 1100 viam
1519 1037 1656 1110 Karaho

254 1135 310 1200 ubi
333 1137 415 1201 duae
437 1143 540 1201 metae
563 1140 713 1220 antiquae
736 1146 917 1219 renovatae,
949 1139 1063 1202 abhinc
1094 1140 1228 1203 ulterius
1251 1141 1450 1224 procedendo
1478 1142 1554 1205 alias
1577 1143 1656 1206 duas

201 1249 215 1296 ι’
254 1246 354 1303 metas
376 1246 501 1305 veteres
523 1242 668 1306 similiter
690 1249 906 1307 renovassent.
929 1243 1009 1307 inde
1025 1244 1189 1307 descendit
1211 1264 1268 1327 per
1290 1245 1428 1308 eundem
1451 1246 1576 1308 sulcum
1601 1245 1655 1308 ubi

253 1351 338 1409 meta
360 1346 399 1410 de
423 1366 507 1409 novo
532 1354 637 1411 erecta
659 1348 843 1428 exstitisset,
867 1348 981 1412 deinde
1004 1347 1167 1411 descendit
1192 1348 1232 1410 ad
1254 1349 1415 1431 planitiem
1439 1370 1496 1433 per
1518 1350 1654 1413 eundem

253 1450 380 1513 sulcum
402 1450 441 1513 ad
465 1450 544 1514 duas
561 1456 660 1513 metas
676 1458 809 1531 veteres,
831 1452 924 1515 iuxta
943 1471 1023 1532 quas
1046 1452 1125 1515 aliae
1148 1452 1229 1516 duae
1252 1453 1392 1516 donoro
1414 1453 1576 1537 appositae
1599 1472 1655 1516 ox-

254 1555 416 1617 stitissont.
443 1554 522 1618 Inde
545 1559 651 1617 autem
675 1556 804 1618 venitur
825 1576 883 1639 per
906 1557 1043 1619 eundem
1067 1556 1190 1619 sulcum
1215 1556 1247 1618 in
1271 1557 1339 1639 ipsa
1361 1556 1491 1639 planitie
1513 1556 1553 1619 ad
1576 1557 1655 1620 duas

255 1664 354 1721 metas
370 1666 494 1722 veteres
509 1659 602 1721 iuxta
618 1678 697 1739 quas
713 1660 793 1722 duas
809 1680 910 1722 noras
933 1661 1158 1740 confodissent,
1182 1660 1296 1723 abinde
1312 1660 1475 1723 descendit
1489 1680 1655 1744 persaepe

188 1768 219 1819 10
255 1760 375 1824 dictum
398 1762 523 1825 sulcum
546 1762 579 1825 in
602 1769 692 1844 prato
715 1764 754 1825 ad
772 1763 851 1826 duas
867 1770 966 1827 metas
989 1766 1137 1845 antiquas
1162 1765 1319 1827 modicum
1343 1772 1540 1848 apparentes,
1564 1765 1655 1827 iuxta

255 1886 335 1947 quas
358 1866 437 1930 aliae
460 1868 542 1931 duae
565 1866 604 1929 de
628 1886 712 1929 novo
736 1874 858 1931 erectae
882 1868 1027 1947 luissent,
1050 1869 1123 1931 hinc
1147 1869 1283 1931 transilit
1311 1888 1411 1931 unum
1434 1870 1528 1952 patah
1555 1888 1653 1951 prope

256 1970 342 2051 quod
370 1991 455 2033 nova
477 1978 569 2033 meta.
591 1967 715 2033 Deinde
738 1977 845 2034 autem
869 1978 952 2034 meat
975 1978 1007 2035 et
1029 1972 1112 2035 radit
1134 1973 1168 2035 in
1192 1973 1351 2054 quoddam
1375 1972 1538 2051 fossatum,
1569 1972 1655 2053 quod

256 2074 331 2137 olim
355 2081 387 2138 et
409 2095 496 2139 nunc
519 2094 575 2157 per
605 2075 767 2138 ecclesiam
792 2075 875 2139 beati
898 2074 1059 2138 Michaelis
1081 2082 1287 2139 memoratam
1319 2077 1351 2138 in
1375 2096 1440 2139 una
1462 2082 1494 2139 et
1517 2077 1656 2158 hospites

255 2179 294 2241 de
317 2178 443 2242 Karaho
474 2186 564 2261 parte
587 2180 687 2242 altera
708 2200 765 2261 pro
788 2186 874 2242 mota
900 2179 1077 2259 haberetur,
1107 2188 1139 2243 et
1159 2180 1242 2243 idem
1275 2181 1427 2243 fossatum
1451 2180 1656 2261 reliquissent

188 2290 221 2341 15
258 2283 451 2365 renovando,
473 2284 548 2346 inde
564 2284 670 2347 eundo
686 2303 742 2366 per
757 2283 840 2346 idem
860 2284 1015 2346 fossatum
1029 2284 1122 2346 iuxta
1137 2284 1223 2364 quod
1238 2290 1323 2347 meta
1338 2304 1431 2365 nora,
1453 2285 1527 2347 hinc
1543 2285 1657 2349 transit

253 2405 311 2470 per
333 2387 453 2451 dictum
476 2387 632 2452 fossatum
649 2387 703 2450 ubi
720 2407 804 2451 nova
818 2393 910 2451 meta
933 2386 1057 2451 Deinde
1080 2387 1183 2451 adhuc
1198 2389 1352 2471 peridem
1376 2389 1530 2452 fossatum
1554 2389 1657 2453 tendit
1700 2449 1704 2458 ,

254 2509 367 2554 versus
390 2493 638 2575 septentrionem
661 2492 753 2555 iuxta
776 2493 862 2573 quod
886 2510 970 2554 nova
999 2498 1092 2573 meta,
1122 2493 1198 2556 item
1220 2493 1330 2556 rehoto
1357 2494 1426 2577 ipso
1448 2495 1567 2557 fossato
1589 2495 1656 2556 itur

253 2613 311 2677 per
333 2595 494 2678 spinetum
517 2603 549 2660 et
570 2596 700 2660 venitur
722 2596 857 2660 adduas
879 2601 981 2659 metas
1001 2597 1150 2677 antiquas
1172 2602 1285 2660 contra
1306 2598 1555 2680 septentrionem
1577 2604 1655 2682 puta

252 2699 337 2763 viam
352 2718 451 2783 prope
466 2700 599 2765 Tellruta
614 2700 789 2764 existentes
803 2719 885 2782 quas
901 2704 1118 2764 renovassent.
1142 2698 1265 2764 Dehinc
1280 2700 1391 2789 relicta
1403 2701 1474 2784 ipsa
1488 2702 1541 2765 via
1556 2702 1656 2765 currit

187 2809 221 2863 20
256 2803 290 2866 in
314 2804 406 2867 terris
428 2804 601 2868 arabilibus
616 2825 673 2887 per
688 2805 847 2888 spinetum
872 2804 926 2867 ubi
948 2824 1034 2867 nova
1056 2810 1140 2867 meta
1154 2809 1186 2867 et
1201 2804 1336 2868 ulterius
1351 2805 1457 2868 eundo
1480 2806 1511 2867 in
1536 2805 1655 2869 eisdem

255 2908 348 2970 terris
370 2908 543 2972 arabilibus
565 2910 681 2973 iterum
704 2929 789 2972 nora
809 2916 901 2989 meta,
923 2914 1032 2991 postea
1056 2908 1140 2971 ultra
1158 2908 1359 2991 procedendo
1382 2909 1485 2972 adhuc
1507 2911 1540 2972 in
1563 2912 1655 2973 dictis

255 3012 347 3075 terris
370 3013 542 3076 arabihhns
557 3032 642 3075 nova
664 3019 755 3076 meta
780 3013 899 3075 Ultimo
917 3013 1045 3076 venitur
1067 3013 1105 3075 ad
1130 3019 1194 3075 tres
1217 3017 1316 3076 metas
1338 3013 1495 3096 antiquas,
1519 3033 1655 3096 quarum

256 3134 321 3178 una
343 3115 511 3199 distinguit
532 3117 711 3200 praedictae
727 3117 877 3181 ecelesiae
899 3118 980 3180 beati
995 3117 1167 3196 MichaeHS,
1189 3117 1251 3179 alia
1265 3117 1443 3199 hospitibus
1466 3119 1505 3181 de
1520 3118 1655 3197 Karaho,

255 3220 348 3283 tertia
370 3220 532 3284 nobilibus
555 3222 594 3285 de
617 3222 706 3302 Gald,
730 3222 784 3284 ubi
808 3223 919 3305 incipit
940 3230 1048 3285 tenere
1071 3227 1171 3284 metas
1194 3241 1267 3284 cum
1290 3222 1410 3284 eisdem
1432 3222 1592 3286 nobihbus
1616 3224 1655 3286 de

186 3330 219 3383 25
257 3323 335 3387 Gald
359 3332 391 3387 et
412 3326 600 3409 pervenitur
629 3326 668 3388 ad
693 3326 845 3389 orientem
877 3325 1020 3388 adduas
1049 3332 1150 3389 metas
1173 3326 1329 3408 antiquas
1360 3345 1495 3407 quarum
1519 3346 1585 3389 uua
1607 3334 1656 3391 est

253 3430 428 3493 eorundem
452 3430 605 3493 nobilium
630 3431 669 3493 de
692 3429 783 3511 Gald,
805 3429 867 3492 alia
889 3430 973 3492 enim
997 3436 1099 3492 terrae
1115 3429 1245 3511 Vayasd
1268 3436 1461 3494 memoratae
1484 3438 1516 3494 et
1537 3431 1654 3495 ibidem

254 3533 382 3597 eaedem
404 3539 508 3597 metae
539 3536 759 3599 terminantur.
789 3534 871 3597 Item
901 3534 1048 3615 sequenti
1079 3534 1130 3597 die
1140 3534 1161 3611 ¹)
1192 3534 1287 3598 iidem
1319 3536 1463 3600 homines
1493 3544 1600 3600 vester
1622 3544 1654 3600 et

255 3643 362 3701 noster
384 3638 553 3702 adfaciem
576 3639 708 3703 aliarum
733 3645 872 3720 quatuor
887 3639 1124 3722 possessionum
1143 3637 1293 3702 videlicet
1308 3638 1498 3723 Ompoyoza,
1521 3641 1654 3719 Metesd,

253 3740 364 3804 Obrud
387 3749 419 3805 et
441 3741 594 3805 Zalathna
622 3748 808 3806 vocatarum
839 3742 983 3805 similiter
1012 3742 1200 3824 accedendo,
1232 3761 1314 3824 quae
1344 3743 1418 3806 olim
1446 3764 1504 3826 per
1526 3745 1652 3808 eosdem

184 3851 219 3903 30
254 3846 393 3929 hospites
416 3854 541 3910 vestros
563 3847 602 3909 de
617 3846 693 3929 Igeu
711 3852 742 3910 et
765 3846 805 3908 dc
827 3845 953 3909 Karaho
977 3866 1082 3909 coram
1107 3846 1218 3909 eodem
1234 3847 1348 3909 comite
1363 3845 1540 3930 lamperto,
1562 3849 1655 3912 iuxta

254 3955 395 4014 tenorem
418 3949 582 4014 literarum
605 3970 734 4013 suarum
766 3956 799 4013 et
828 3952 1019 4014 senteutiam
1041 3951 1236 4013 iudiciariam
1267 3951 1301 4012 in
1331 3950 1377 4013 eis
1398 3956 1580 4014 contentam
1604 3972 1654 4014 ac-

255 4054 389 4135 quisitae
412 4062 444 4118 et
467 4055 616 4118 obtentae
639 4061 670 4117 et
700 4055 745 4117 sic
768 4054 808 4117 ad
830 4055 957 4117 easdem
980 4054 1195 4138 possessiones
1226 4059 1348 4116 vestras
1370 4053 1449 4135 Igeu
1472 4060 1505 4117 et
1526 4054 1653 4119 Karalro

254 4157 427 4241 applicatae
457 4160 653 4239 exstiterant,
684 4159 747 4220 iam
777 4158 816 4221 ab
847 4158 966 4221 eisdem
995 4157 1251 4241 possessionibus
1281 4160 1342 4231 ot'l
1373 4177 1431 4241 per
1452 4178 1654 4240 consequens

254 4262 431 4345 hospitibus
454 4264 570 4326 vestris
592 4263 680 4345 regia
701 4264 889 4325 auctoritate
912 4262 1038 4325 easdem
1061 4262 1181 4326 ablatas
1204 4268 1235 4323 et
1257 4266 1395 4324 remotas
1417 4282 1491 4325 cum
1507 4263 1655 4326 omnibus

183 4371 218 4421 35
254 4365 377 4429 iuribus
392 4371 424 4429 et
439 4366 635 4448 quibuslibet
648 4365 839 4429 utilitatibus
862 4372 893 4430 et
915 4367 1115 4450 pertinentiis
1137 4367 1176 4429 ad
1200 4366 1325 4429 easdem
1342 4365 1402 4429 suh
1418 4367 1536 4430 eisdem
1554 4368 1654 4447 metis,

253 4470 396 4533 terminis
425 4477 458 4534 et
480 4472 579 4555 signis
602 4491 638 4534 ac
661 4490 773 4534 eorum
803 4471 882 4553 iure,
913 4470 1030 4552 quibus
1053 4470 1092 4533 ab
1120 4471 1253 4551 antiquo
1275 4489 1333 4553 per
1355 4470 1476 4553 priores
1499 4475 1531 4533 et
1562 4489 1654 4533 veros

252 4593 452 4657 possessores
474 4575 594 4639 scilicet
619 4576 781 4659 peridem
804 4574 979 4658 capitulum
1001 4593 1166 4658 possessae
1190 4574 1331 4656 fuerunt,
1361 4574 1582 4654 restituissent
1605 4592 1654 4637 re·

254 4677 433 4759 signassent
462 4685 495 4743 et
516 4681 703 4744 stahrissent
726 4678 827 4741 eidem
851 4678 989 4762 capitulo
1016 4678 1239 4742 Transsilvano
1262 4684 1416 4761 perpetuo
1439 4678 1653 4762 possidendas,

253 4782 502 4848 contradictione
513 4784 642 4866 aliquali
655 4803 721 4848 non
734 4782 888 4846 obstante.
914 4780 1032 4845 Datum
1047 4782 1079 4844 in
1093 4782 1263 4863 quindenis
1277 4781 1506 4865 purificationis
1518 4783 1651 4866 virginis

183 4890 219 4944 40
253 4884 418 4968 gloriosae,
440 4907 524 4951 anno
547 4893 742 4972 praenotato.

408 5063 416 5093 1

407 5062 429 5211 'l
447 5057 763 5200 dlelllnlar‘nieblieaalicb
782 5144 877 5199 vostris
901 5150 1014 5215 erpdmt
1033 5162 1085 5200 aua
1103 5144 1152 5199 der
1175 5144 1398 5215 Urberlieferunp
1415 5162 1468 5200 von
1488 5151 1564 5201 1761.
1594 5146 1654 5200 Der

251 5230 337 5286 Liber
354 5231 495 5286 metalium
511 5232 588 5287 waiet
604 5233 664 5287 hier
681 5232 761 5286 daca
779 5233 867 5287 leeren
886 5232 979 5287 Mum
998 5234 1058 5300 anr'.
