<?xml version="1.0" encoding="UTF-8"?>
<!DOCTYPE html PUBLIC "-//W3C//DTD XHTML 1.0 Transitional//EN"
    "http://www.w3.org/TR/xhtml1/DTD/xhtml1-transitional.dtd">
<html xmlns="http://www.w3.org/1999/xhtml" xml:lang="en" lang="en">
 <head>
  <title>
</title>
<meta http-equiv="Content-Type" content="text/html;charset=utf-8" />
  <meta name='ocr-system' content='tesseract 3.04.00' />
  <meta name='ocr-capabilities' content='ocr_page ocr_carea ocr_par ocr_line ocrx_word'/>
</head>
<body>
  <div class='ocr_page' id='page_1' title='image "./urkundenbuchzur00mlgoog_0193.png"; bbox 0 0 4064 6288; ppageno 0'>
   <div class='ocr_carea' id='block_1_1' title="bbox 986 586 1142 681">
    <p class='ocr_par' dir='ltr' id='par_1_1' title="bbox 986 586 1142 681">
     <span class='ocr_line' id='line_1_1' title="bbox 986 586 1142 681; baseline 0 -34"><span class='ocrx_word' id='word_1_1' title='bbox 986 586 1142 681; x_wconf 55' lang='lat' dir='ltr'><strong>—Q</strong></span> 
     </span>
    </p>
   </div>
   <div class='ocr_carea' id='block_1_2' title="bbox 360 770 1832 3859">
    <p class='ocr_par' dir='ltr' id='par_1_2' title="bbox 360 770 1832 3859">
     <span class='ocr_line' id='line_1_2' title="bbox 361 770 1762 861; baseline 0.005 -27"><span class='ocrx_word' id='word_1_2' title='bbox 361 770 480 853; x_wconf 87' lang='lat' dir='ltr'><strong>gratiae</strong></span> <span class='ocrx_word' id='word_1_3' title='bbox 503 770 728 836; x_wconf 90' lang='lat' dir='ltr'><strong>munificentiis</strong></span> <span class='ocrx_word' id='word_1_4' title='bbox 750 778 961 855; x_wconf 69' lang='lat' dir='ltr'><strong>occurrentes</strong></span> <span class='ocrx_word' id='word_1_5' title='bbox 984 775 1146 839; x_wconf 82' lang='lat' dir='ltr'><strong>nundinas</strong></span> <span class='ocrx_word' id='word_1_6' title='bbox 1169 795 1226 839; x_wconf 89' lang='lat' dir='ltr'><strong>seu</strong></span> <span class='ocrx_word' id='word_1_7' title='bbox 1246 775 1340 838; x_wconf 83' lang='lat' dir='ltr'><strong>ferias</strong></span> <span class='ocrx_word' id='word_1_8' title='bbox 1356 795 1392 838; x_wconf 87' lang='lat' dir='ltr'><strong>ac</strong></span> <span class='ocrx_word' id='word_1_9' title='bbox 1407 778 1685 861; x_wconf 78' lang='lat' dir='ltr'><strong>congregationem</strong></span> <span class='ocrx_word' id='word_1_10' title='bbox 1701 779 1762 841; x_wconf 85' lang='lat' dir='ltr'><strong>fori</strong></span> 
     </span>
     <span class='ocr_line' id='line_1_3' title="bbox 363 874 1762 959; baseline 0.007 -23"><span class='ocrx_word' id='word_1_11' title='bbox 363 874 462 937; x_wconf 92' lang='lat' dir='ltr'><strong>annui</strong></span> <span class='ocrx_word' id='word_1_12' title='bbox 485 875 631 939; x_wconf 85' lang='lat' dir='ltr'><strong>initiandi</strong></span> <span class='ocrx_word' id='word_1_13' title='bbox 660 895 717 959; x_wconf 99' lang='grc' dir='ltr'><strong>ρετ</strong></span> <span class='ocrx_word' id='word_1_14' title='bbox 739 878 875 959; x_wconf 90' lang='lat' dir='ltr'><strong>spatium</strong></span> <span class='ocrx_word' id='word_1_15' title='bbox 907 884 976 941; x_wconf 88' lang='lat' dir='ltr'><strong>octo</strong></span> <span class='ocrx_word' id='word_1_16' title='bbox 1001 879 1124 942; x_wconf 87' lang='lat' dir='ltr'><strong>dierum</strong></span> <span class='ocrx_word' id='word_1_17' title='bbox 1147 886 1221 943; x_wconf 87' lang='lat' dir='ltr'><strong>ante</strong></span> <span class='ocrx_word' id='word_1_18' title='bbox 1243 880 1361 943; x_wconf 87' lang='lat' dir='ltr'><strong>festum</strong></span> <span class='ocrx_word' id='word_1_19' title='bbox 1383 881 1590 944; x_wconf 81' lang='lat' dir='ltr'><strong>dedicationis</strong></span> <span class='ocrx_word' id='word_1_20' title='bbox 1611 882 1762 946; x_wconf 86' lang='lat' dir='ltr'><strong>ecclesiae</strong></span> 
     </span>
     <span class='ocr_line' id='line_1_4' title="bbox 362 977 1763 1069; baseline 0.007 -29"><span class='ocrx_word' id='word_1_21' title='bbox 362 977 445 1041; x_wconf 88' lang='lat' dir='ltr'><strong>beati</strong></span> <span class='ocrx_word' id='word_1_22' title='bbox 473 978 630 1042; x_wconf 75' lang='lat' dir='ltr'><strong>iohannis</strong></span> <span class='ocrx_word' id='word_1_23' title='bbox 661 980 882 1062; x_wconf 78' lang='lat' dir='ltr'><strong>evangelistae,</strong></span> <span class='ocrx_word' id='word_1_24' title='bbox 907 982 992 1062; x_wconf 92' lang='lat' dir='ltr'><strong>quod</strong></span> <span class='ocrx_word' id='word_1_25' title='bbox 1023 983 1073 1046; x_wconf 87' lang='lat' dir='ltr'><strong>dio</strong></span> <span class='ocrx_word' id='word_1_26' title='bbox 1104 983 1261 1045; x_wconf 89' lang='lat' dir='ltr'><strong>dominico</strong></span> <span class='ocrx_word' id='word_1_27' title='bbox 1288 984 1435 1067; x_wconf 80' lang='lat' dir='ltr'><strong>proximo</strong></span> <span class='ocrx_word' id='word_1_28' title='bbox 1459 985 1669 1066; x_wconf 83' lang='lat' dir='ltr'><strong>subsequenti</strong></span> <span class='ocrx_word' id='word_1_29' title='bbox 1689 992 1763 1069; x_wconf 89' lang='lat' dir='ltr'><strong>post</strong></span> 
     </span>
     <span class='ocr_line' id='line_1_5' title="bbox 361 1080 1761 1172; baseline 0.006 -28"><span class='ocrx_word' id='word_1_30' title='bbox 361 1080 478 1144; x_wconf 80' lang='lat' dir='ltr'><strong>festum</strong></span> <span class='ocrx_word' id='word_1_31' title='bbox 501 1083 675 1147; x_wconf 79' lang='lat' dir='ltr'><strong>nativitatis</strong></span> <span class='ocrx_word' id='word_1_32' title='bbox 690 1084 823 1166; x_wconf 84' lang='lat' dir='ltr'><strong>virginis</strong></span> <span class='ocrx_word' id='word_1_33' title='bbox 841 1085 997 1168; x_wconf 88' lang='lat' dir='ltr'><strong>gloriosae</strong></span> <span class='ocrx_word' id='word_1_34' title='bbox 1012 1086 1129 1150; x_wconf 87' lang='lat' dir='ltr'><strong>assolet</strong></span> <span class='ocrx_word' id='word_1_35' title='bbox 1145 1086 1297 1150; x_wconf 88' lang='lat' dir='ltr'><strong>celebrari</strong></span> <span class='ocrx_word' id='word_1_36' title='bbox 1313 1106 1438 1150; x_wconf 87' lang='lat' dir='ltr'><strong>necnon</strong></span> <span class='ocrx_word' id='word_1_37' title='bbox 1460 1094 1533 1172; x_wconf 92' lang='lat' dir='ltr'><strong>post</strong></span> <span class='ocrx_word' id='word_1_38' title='bbox 1554 1089 1659 1171; x_wconf 88' lang='lat' dir='ltr'><strong>ipsum</strong></span> <span class='ocrx_word' id='word_1_39' title='bbox 1674 1089 1761 1153; x_wconf 90' lang='lat' dir='ltr'><strong>dedi-</strong></span> 
     </span>
     <span class='ocr_line' id='line_1_6' title="bbox 362 1185 1812 1275; baseline 0.003 -28"><span class='ocrx_word' id='word_1_40' title='bbox 362 1185 495 1249; x_wconf 88' lang='lat' dir='ltr'><strong>cationis</strong></span> <span class='ocrx_word' id='word_1_41' title='bbox 523 1186 607 1250; x_wconf 86' lang='lat' dir='ltr'><strong>diem</strong></span> <span class='ocrx_word' id='word_1_42' title='bbox 637 1187 781 1251; x_wconf 88' lang='lat' dir='ltr'><strong>similiter</strong></span> <span class='ocrx_word' id='word_1_43' title='bbox 806 1189 847 1251; x_wconf 87' lang='lat' dir='ltr'><strong>ad</strong></span> <span class='ocrx_word' id='word_1_44' title='bbox 869 1193 1013 1253; x_wconf 85' lang='lat' dir='ltr'><strong>octavam</strong></span> <span class='ocrx_word' id='word_1_45' title='bbox 1036 1191 1251 1254; x_wconf 85' lang='lat' dir='ltr'><strong>concessimus</strong></span> <span class='ocrx_word' id='word_1_46' title='bbox 1273 1196 1426 1274; x_wconf 90' lang='lat' dir='ltr'><strong>perpetuo</strong></span> <span class='ocrx_word' id='word_1_47' title='bbox 1451 1198 1483 1255; x_wconf 87' lang='lat' dir='ltr'><strong>et</strong></span> <span class='ocrx_word' id='word_1_48' title='bbox 1504 1192 1761 1275; x_wconf 75' lang='lat' dir='ltr'><strong>irrefragabiliter</strong></span> <span class='ocrx_word' id='word_1_49' title='bbox 1796 1200 1812 1251; x_wconf 88' lang='lat'>5</span> 
     </span>
     <span class='ocr_line' id='line_1_7' title="bbox 363 1287 1762 1379; baseline 0.009 -30"><span class='ocrx_word' id='word_1_50' title='bbox 363 1287 568 1350; x_wconf 90' lang='lat' dir='ltr'><strong>obtinendam</strong></span> <span class='ocrx_word' id='word_1_51' title='bbox 590 1291 683 1353; x_wconf 89' lang='lat' dir='ltr'><strong>annis</strong></span> <span class='ocrx_word' id='word_1_52' title='bbox 705 1290 840 1373; x_wconf 87' lang='lat' dir='ltr'><strong>singulis</strong></span> <span class='ocrx_word' id='word_1_53' title='bbox 861 1292 991 1375; x_wconf 89' lang='lat' dir='ltr'><strong>pacifice</strong></span> <span class='ocrx_word' id='word_1_54' title='bbox 1006 1293 1226 1357; x_wconf 84' lang='lat' dir='ltr'><strong>celebrandam</strong></span> <span class='ocrx_word' id='word_1_55' title='bbox 1241 1295 1364 1357; x_wconf 85' lang='lat' dir='ltr'><strong>literam</strong></span> <span class='ocrx_word' id='word_1_56' title='bbox 1389 1296 1518 1358; x_wconf 90' lang='lat' dir='ltr'><strong>omnino</strong></span> <span class='ocrx_word' id='word_1_57' title='bbox 1534 1302 1567 1359; x_wconf 89' lang='lat' dir='ltr'><strong>et</strong></span> <span class='ocrx_word' id='word_1_58' title='bbox 1581 1302 1762 1379; x_wconf 79' lang='lat' dir='ltr'><strong>exemptam</strong></span> 
     </span>
     <span class='ocr_line' id='line_1_8' title="bbox 362 1391 1763 1483; baseline 0.009 -31"><span class='ocrx_word' id='word_1_59' title='bbox 362 1411 382 1452; x_wconf 90' lang='lat' dir='ltr'><strong>a</strong></span> <span class='ocrx_word' id='word_1_60' title='bbox 403 1391 622 1456; x_wconf 88' lang='lat' dir='ltr'><strong>iurisdictione</strong></span> <span class='ocrx_word' id='word_1_61' title='bbox 645 1395 734 1476; x_wconf 90' lang='lat' dir='ltr'><strong>regni</strong></span> <span class='ocrx_word' id='word_1_62' title='bbox 757 1396 858 1458; x_wconf 87' lang='lat' dir='ltr'><strong>nostri</strong></span> <span class='ocrx_word' id='word_1_63' title='bbox 880 1397 1019 1480; x_wconf 77' lang='lat' dir='ltr'><strong>palatini,</strong></span> <span class='ocrx_word' id='word_1_64' title='bbox 1051 1398 1107 1479; x_wconf 92' lang='lat' dir='ltr'><strong>qui</strong></span> <span class='ocrx_word' id='word_1_65' title='bbox 1129 1398 1216 1480; x_wconf 88' lang='lat' dir='ltr'><strong>regia</strong></span> <span class='ocrx_word' id='word_1_66' title='bbox 1238 1399 1277 1461; x_wconf 93' lang='lat' dir='ltr'><strong>de</strong></span> <span class='ocrx_word' id='word_1_67' title='bbox 1299 1399 1400 1481; x_wconf 89' lang='lat' dir='ltr'><strong>gratia</strong></span> <span class='ocrx_word' id='word_1_68' title='bbox 1421 1418 1478 1482; x_wconf 92' lang='lat' dir='ltr'><strong>pro</strong></span> <span class='ocrx_word' id='word_1_69' title='bbox 1502 1405 1644 1483; x_wconf 89' lang='lat' dir='ltr'><strong>tempore</strong></span> <span class='ocrx_word' id='word_1_70' title='bbox 1665 1401 1763 1464; x_wconf 79' lang='lat' dir='ltr'><strong>tuerit</strong></span> 
     </span>
     <span class='ocr_line' id='line_1_9' title="bbox 362 1493 1762 1583; baseline 0.007 -28"><span class='ocrx_word' id='word_1_71' title='bbox 362 1493 448 1558; x_wconf 90' lang='lat' dir='ltr'><strong>illius</strong></span> <span class='ocrx_word' id='word_1_72' title='bbox 477 1495 511 1556; x_wconf 92' lang='lat' dir='ltr'><strong>in</strong></span> <span class='ocrx_word' id='word_1_73' title='bbox 541 1494 680 1559; x_wconf 86' lang='lat' dir='ltr'><strong>fascibus</strong></span> <span class='ocrx_word' id='word_1_74' title='bbox 713 1497 884 1580; x_wconf 79' lang='lat' dir='ltr'><strong>dignitatis,</strong></span> <span class='ocrx_word' id='word_1_75' title='bbox 917 1500 1117 1583; x_wconf 86' lang='lat' dir='ltr'><strong>aliorumque</strong></span> <span class='ocrx_word' id='word_1_76' title='bbox 1148 1502 1291 1565; x_wconf 91' lang='lat' dir='ltr'><strong>omnium</strong></span> <span class='ocrx_word' id='word_1_77' title='bbox 1324 1502 1548 1566; x_wconf 76' lang='lat' dir='ltr'><strong>universaliter</strong></span> <span class='ocrx_word' id='word_1_78' title='bbox 1578 1508 1762 1567; x_wconf 89' lang='lat' dir='ltr'><strong>nostrorum</strong></span> 
     </span>
     <span class='ocr_line' id='line_1_10' title="bbox 362 1597 1761 1687; baseline 0.007 -28"><span class='ocrx_word' id='word_1_79' title='bbox 362 1597 451 1679; x_wconf 88' lang='lat' dir='ltr'><strong>regni</strong></span> <span class='ocrx_word' id='word_1_80' title='bbox 474 1606 657 1680; x_wconf 88' lang='lat' dir='ltr'><strong>magnatum</strong></span> <span class='ocrx_word' id='word_1_81' title='bbox 680 1605 712 1663; x_wconf 87' lang='lat' dir='ltr'><strong>et</strong></span> <span class='ocrx_word' id='word_1_82' title='bbox 734 1601 890 1665; x_wconf 89' lang='lat' dir='ltr'><strong>baronum</strong></span> <span class='ocrx_word' id='word_1_83' title='bbox 913 1610 945 1667; x_wconf 87' lang='lat' dir='ltr'><strong>at</strong></span> <span class='ocrx_word' id='word_1_84' title='bbox 966 1606 1144 1687; x_wconf 90' lang='lat' dir='ltr'><strong>specialiter</strong></span> <span class='ocrx_word' id='word_1_85' title='bbox 1166 1605 1306 1687; x_wconf 83' lang='lat' dir='ltr'><strong>magistri</strong></span> <span class='ocrx_word' id='word_1_86' title='bbox 1328 1605 1562 1668; x_wconf 87' lang='lat' dir='ltr'><strong>tavernicorum</strong></span> <span class='ocrx_word' id='word_1_87' title='bbox 1578 1610 1761 1669; x_wconf 87' lang='lat' dir='ltr'><strong>nostrorum</strong></span> 
     </span>
     <span class='ocr_line' id='line_1_11' title="bbox 362 1701 1832 1790; baseline 0.005 -28"><span class='ocrx_word' id='word_1_88' title='bbox 362 1720 398 1763; x_wconf 82' lang='lat' dir='ltr'><strong>ac</strong></span> <span class='ocrx_word' id='word_1_89' title='bbox 431 1701 544 1764; x_wconf 90' lang='lat' dir='ltr'><strong>iudicis</strong></span> <span class='ocrx_word' id='word_1_90' title='bbox 578 1704 685 1767; x_wconf 89' lang='lat' dir='ltr'><strong>curiae</strong></span> <span class='ocrx_word' id='word_1_91' title='bbox 715 1711 842 1768; x_wconf 89' lang='lat' dir='ltr'><strong>nostrae</strong></span> <span class='ocrx_word' id='word_1_92' title='bbox 871 1707 1040 1790; x_wconf 87' lang='lat' dir='ltr'><strong>imperiosa</strong></span> <span class='ocrx_word' id='word_1_93' title='bbox 1067 1710 1285 1773; x_wconf 89' lang='lat' dir='ltr'><strong>iurisdictione</strong></span> <span class='ocrx_word' id='word_1_94' title='bbox 1320 1708 1461 1790; x_wconf 87' lang='lat' dir='ltr'><strong>qualibet</strong></span> <span class='ocrx_word' id='word_1_95' title='bbox 1487 1709 1521 1771; x_wconf 91' lang='lat' dir='ltr'><strong>iu</strong></span> <span class='ocrx_word' id='word_1_96' title='bbox 1552 1709 1671 1773; x_wconf 87' lang='lat' dir='ltr'><strong>eisdem</strong></span> <span class='ocrx_word' id='word_1_97' title='bbox 1702 1709 1761 1773; x_wconf 91' lang='lat' dir='ltr'><strong>sibi</strong></span> <span class='ocrx_word' id='word_1_98' title='bbox 1799 1716 1832 1769; x_wconf 92' lang='lat'><strong>10</strong></span> 
     </span>
     <span class='ocr_line' id='line_1_12' title="bbox 361 1804 1760 1896; baseline 0.008 -31"><span class='ocrx_word' id='word_1_99' title='bbox 361 1804 523 1886; x_wconf 78' lang='lat' dir='ltr'><strong>nundinis,</strong></span> <span class='ocrx_word' id='word_1_100' title='bbox 546 1806 624 1888; x_wconf 76' lang='lat' dir='ltr'><strong>foro,</strong></span> <span class='ocrx_word' id='word_1_101' title='bbox 647 1810 891 1891; x_wconf 84' lang='lat' dir='ltr'><strong>congregatione</strong></span> <span class='ocrx_word' id='word_1_102' title='bbox 913 1814 1053 1893; x_wconf 88' lang='lat' dir='ltr'><strong>generali</strong></span> <span class='ocrx_word' id='word_1_103' title='bbox 1076 1834 1134 1877; x_wconf 89' lang='lat' dir='ltr'><strong>seu</strong></span> <span class='ocrx_word' id='word_1_104' title='bbox 1149 1813 1235 1876; x_wconf 85' lang='lat' dir='ltr'><strong>feriis</strong></span> <span class='ocrx_word' id='word_1_105' title='bbox 1250 1833 1381 1896; x_wconf 89' lang='lat' dir='ltr'><strong>prorsus</strong></span> <span class='ocrx_word' id='word_1_106' title='bbox 1403 1832 1460 1896; x_wconf 90' lang='grc' dir='ltr'><strong>ρετ</strong></span> <span class='ocrx_word' id='word_1_107' title='bbox 1476 1812 1582 1875; x_wconf 91' lang='lat' dir='ltr'><strong>omnia</strong></span> <span class='ocrx_word' id='word_1_108' title='bbox 1597 1813 1760 1895; x_wconf 78' lang='lat' dir='ltr'><strong>denegata,</strong></span> 
     </span>
     <span class='ocr_line' id='line_1_13' title="bbox 361 1905 1761 1999; baseline 0.008 -32"><span class='ocrx_word' id='word_1_109' title='bbox 361 1906 462 1989; x_wconf 87' lang='lat' dir='ltr'><strong>ipsius</strong></span> <span class='ocrx_word' id='word_1_110' title='bbox 484 1911 704 1974; x_wconf 88' lang='lat' dir='ltr'><strong>tantummodo</strong></span> <span class='ocrx_word' id='word_1_111' title='bbox 727 1912 886 1976; x_wconf 88' lang='lat' dir='ltr'><strong>Budensis</strong></span> <span class='ocrx_word' id='word_1_112' title='bbox 909 1917 1011 1978; x_wconf 90' lang='lat' dir='ltr'><strong>nostri</strong></span> <span class='ocrx_word' id='word_1_113' title='bbox 1025 1917 1118 1980; x_wconf 89' lang='lat' dir='ltr'><strong>castri</strong></span> <span class='ocrx_word' id='word_1_114' title='bbox 1135 1905 1249 1979; x_wconf 89' lang='lat' dir='ltr'><strong>iudicis</strong></span> <span class='ocrx_word' id='word_1_115' title='bbox 1264 1916 1424 1999; x_wconf 88' lang='lat' dir='ltr'><strong>potentiae</strong></span> <span class='ocrx_word' id='word_1_116' title='bbox 1440 1935 1497 1979; x_wconf 88' lang='lat' dir='ltr'><strong>eeu</strong></span> <span class='ocrx_word' id='word_1_117' title='bbox 1519 1915 1636 1979; x_wconf 91' lang='lat' dir='ltr'><strong>iudicio</strong></span> <span class='ocrx_word' id='word_1_118' title='bbox 1659 1936 1761 1980; x_wconf 87' lang='lat' dir='ltr'><strong>reser-</strong></span> 
     </span>
     <span class='ocr_line' id='line_1_14' title="bbox 361 2011 1763 2103; baseline 0.007 -31"><span class='ocrx_word' id='word_1_119' title='bbox 361 2015 475 2073; x_wconf 80' lang='lat' dir='ltr'><strong>vatam.</strong></span> <span class='ocrx_word' id='word_1_120' title='bbox 498 2011 546 2076; x_wconf 88' lang='lat' dir='ltr'><strong>De</strong></span> <span class='ocrx_word' id='word_1_121' title='bbox 569 2014 686 2077; x_wconf 85' lang='lat' dir='ltr'><strong>telonio</strong></span> <span class='ocrx_word' id='word_1_122' title='bbox 697 2015 717 2088; x_wconf 83' lang='lat'><strong>¹)</strong></span> <span class='ocrx_word' id='word_1_123' title='bbox 741 2018 834 2079; x_wconf 89' lang='lat' dir='ltr'><strong>ctiam</strong></span> <span class='ocrx_word' id='word_1_124' title='bbox 857 2038 915 2081; x_wconf 87' lang='lat' dir='ltr'><strong>seu</strong></span> <span class='ocrx_word' id='word_1_125' title='bbox 938 2019 1057 2083; x_wconf 90' lang='lat' dir='ltr'><strong>tributo</strong></span> <span class='ocrx_word' id='word_1_126' title='bbox 1081 2024 1224 2103; x_wconf 81' lang='lat' dir='ltr'><strong>temper</strong></span> <span class='ocrx_word' id='word_1_127' title='bbox 1246 2019 1314 2082; x_wconf 80' lang='lat' dir='ltr'><strong>rias</strong></span> <span class='ocrx_word' id='word_1_128' title='bbox 1337 2026 1503 2083; x_wconf 87' lang='lat' dir='ltr'><strong>terrestres</strong></span> <span class='ocrx_word' id='word_1_129' title='bbox 1522 2038 1579 2082; x_wconf 90' lang='lat' dir='ltr'><strong>seu</strong></span> <span class='ocrx_word' id='word_1_130' title='bbox 1600 2020 1763 2101; x_wconf 87' lang='lat' dir='ltr'><strong>aquaticas</strong></span> 
     </span>
     <span class='ocr_line' id='line_1_15' title="bbox 362 2115 1762 2206; baseline 0.006 -30"><span class='ocrx_word' id='word_1_131' title='bbox 362 2115 586 2180; x_wconf 87' lang='lat' dir='ltr'><strong>accedentibus</strong></span> <span class='ocrx_word' id='word_1_132' title='bbox 601 2118 686 2183; x_wconf 90' lang='lat' dir='ltr'><strong>ultro</strong></span> <span class='ocrx_word' id='word_1_133' title='bbox 706 2121 850 2203; x_wconf 89' lang='lat' dir='ltr'><strong>citroque</strong></span> <span class='ocrx_word' id='word_1_134' title='bbox 858 2122 879 2198; x_wconf 80' lang='lat'><strong>²)</strong></span> <span class='ocrx_word' id='word_1_135' title='bbox 896 2123 1043 2186; x_wconf 81' lang='lat' dir='ltr'><strong>videlicet</strong></span> <span class='ocrx_word' id='word_1_136' title='bbox 1057 2142 1114 2206; x_wconf 90' lang='lat' dir='ltr'><strong>per</strong></span> <span class='ocrx_word' id='word_1_137' title='bbox 1129 2123 1235 2185; x_wconf 83' lang='lat' dir='ltr'><strong>villam</strong></span> <span class='ocrx_word' id='word_1_138' title='bbox 1248 2123 1344 2187; x_wconf 88' lang='lat' dir='ltr'><strong>Pesth</strong></span> <span class='ocrx_word' id='word_1_139' title='bbox 1360 2123 1563 2187; x_wconf 79' lang='lat' dir='ltr'><strong>venientibus</strong></span> <span class='ocrx_word' id='word_1_140' title='bbox 1578 2123 1629 2186; x_wconf 81' lang='lat' dir='ltr'><strong>rel</strong></span> <span class='ocrx_word' id='word_1_141' title='bbox 1644 2123 1762 2206; x_wconf 88' lang='lat' dir='ltr'><strong>passim</strong></span> 
     </span>
     <span class='ocr_line' id='line_1_16' title="bbox 363 2219 1831 2309; baseline 0.005 -30"><span class='ocrx_word' id='word_1_142' title='bbox 363 2219 587 2302; x_wconf 84' lang='lat' dir='ltr'><strong>undecumque</strong></span> <span class='ocrx_word' id='word_1_143' title='bbox 603 2222 654 2285; x_wconf 86' lang='lat' dir='ltr'><strong>vel</strong></span> <span class='ocrx_word' id='word_1_144' title='bbox 671 2224 710 2287; x_wconf 90' lang='lat' dir='ltr'><strong>de</strong></span> <span class='ocrx_word' id='word_1_145' title='bbox 726 2224 982 2308; x_wconf 90' lang='lat' dir='ltr'><strong>quibuscumque</strong></span> <span class='ocrx_word' id='word_1_146' title='bbox 998 2226 1181 2309; x_wconf 88' lang='lat' dir='ltr'><strong>regionibus</strong></span> <span class='ocrx_word' id='word_1_147' title='bbox 1197 2227 1394 2289; x_wconf 85' lang='lat' dir='ltr'><strong>occurrerint</strong></span> <span class='ocrx_word' id='word_1_148' title='bbox 1409 2225 1605 2307; x_wconf 91' lang='lat' dir='ltr'><strong>ubicumque</strong></span> <span class='ocrx_word' id='word_1_149' title='bbox 1620 2226 1653 2288; x_wconf 92' lang='lat' dir='ltr'><strong>in</strong></span> <span class='ocrx_word' id='word_1_150' title='bbox 1670 2227 1761 2289; x_wconf 84' lang='lat' dir='ltr'><strong>teni-</strong></span> <span class='ocrx_word' id='word_1_151' title='bbox 1798 2234 1831 2287; x_wconf 84' lang='lat'><strong>15</strong></span> 
     </span>
     <span class='ocr_line' id='line_1_17' title="bbox 362 2323 1761 2413; baseline 0.006 -29"><span class='ocrx_word' id='word_1_152' title='bbox 362 2323 443 2385; x_wconf 90' lang='lat' dir='ltr'><strong>torio</strong></span> <span class='ocrx_word' id='word_1_153' title='bbox 467 2342 524 2387; x_wconf 88' lang='lat' dir='ltr'><strong>seu</strong></span> <span class='ocrx_word' id='word_1_154' title='bbox 547 2326 639 2389; x_wconf 88' lang='lat' dir='ltr'><strong>metis</strong></span> <span class='ocrx_word' id='word_1_155' title='bbox 662 2326 761 2410; x_wconf 88' lang='lat' dir='ltr'><strong>ipsius</strong></span> <span class='ocrx_word' id='word_1_156' title='bbox 783 2328 920 2392; x_wconf 82' lang='lat' dir='ltr'><strong>civitatis</strong></span> <span class='ocrx_word' id='word_1_157' title='bbox 943 2330 983 2393; x_wconf 89' lang='lat' dir='ltr'><strong>ad</strong></span> <span class='ocrx_word' id='word_1_158' title='bbox 1002 2330 1279 2412; x_wconf 87' lang='lat' dir='ltr'><strong>congregationem</strong></span> <span class='ocrx_word' id='word_1_159' title='bbox 1295 2349 1389 2413; x_wconf 86' lang='lat' dir='ltr'><strong>saepe</strong></span> <span class='ocrx_word' id='word_1_160' title='bbox 1411 2329 1536 2409; x_wconf 79' lang='lat' dir='ltr'><strong>dictam,</strong></span> <span class='ocrx_word' id='word_1_161' title='bbox 1563 2330 1663 2392; x_wconf 86' lang='lat' dir='ltr'><strong>dictas</strong></span> <span class='ocrx_word' id='word_1_162' title='bbox 1678 2348 1761 2392; x_wconf 91' lang='lat' dir='ltr'><strong>nuu-</strong></span> 
     </span>
     <span class='ocr_line' id='line_1_18' title="bbox 363 2426 1761 2515; baseline 0.006 -27"><span class='ocrx_word' id='word_1_163' title='bbox 363 2426 462 2507; x_wconf 84' lang='lat' dir='ltr'><strong>dinas‚</strong></span> <span class='ocrx_word' id='word_1_164' title='bbox 492 2429 606 2509; x_wconf 88' lang='lat' dir='ltr'><strong>forum,</strong></span> <span class='ocrx_word' id='word_1_165' title='bbox 634 2430 814 2511; x_wconf 87' lang='lat' dir='ltr'><strong>generalem</strong></span> <span class='ocrx_word' id='word_1_166' title='bbox 844 2434 1121 2515; x_wconf 87' lang='lat' dir='ltr'><strong>congregationem</strong></span> <span class='ocrx_word' id='word_1_167' title='bbox 1152 2454 1209 2497; x_wconf 90' lang='lat' dir='ltr'><strong>seu</strong></span> <span class='ocrx_word' id='word_1_168' title='bbox 1239 2433 1334 2497; x_wconf 83' lang='lat' dir='ltr'><strong>ferias</strong></span> <span class='ocrx_word' id='word_1_169' title='bbox 1356 2432 1427 2495; x_wconf 90' lang='lat' dir='ltr'><strong>illas</strong></span> <span class='ocrx_word' id='word_1_170' title='bbox 1449 2432 1495 2496; x_wconf 90' lang='lat' dir='ltr'><strong>eis</strong></span> <span class='ocrx_word' id='word_1_171' title='bbox 1518 2451 1587 2495; x_wconf 88' lang='lat' dir='ltr'><strong>esse</strong></span> <span class='ocrx_word' id='word_1_172' title='bbox 1610 2432 1761 2496; x_wconf 82' lang='lat' dir='ltr'><strong>volumus</strong></span> 
     </span>
     <span class='ocr_line' id='line_1_19' title="bbox 363 2532 1761 2619; baseline 0.006 -27"><span class='ocrx_word' id='word_1_173' title='bbox 363 2549 419 2612; x_wconf 89' lang='grc' dir='ltr'><strong>ρετ</strong></span> <span class='ocrx_word' id='word_1_174' title='bbox 441 2533 548 2595; x_wconf 90' lang='lat' dir='ltr'><strong>omnia</strong></span> <span class='ocrx_word' id='word_1_175' title='bbox 568 2532 684 2597; x_wconf 91' lang='lat' dir='ltr'><strong>liberas</strong></span> <span class='ocrx_word' id='word_1_176' title='bbox 706 2541 738 2598; x_wconf 87' lang='lat' dir='ltr'><strong>et</strong></span> <span class='ocrx_word' id='word_1_177' title='bbox 760 2535 799 2598; x_wconf 89' lang='lat' dir='ltr'><strong>ab</strong></span> <span class='ocrx_word' id='word_1_178' title='bbox 823 2537 909 2598; x_wconf 91' lang='lat' dir='ltr'><strong>omni</strong></span> <span class='ocrx_word' id='word_1_179' title='bbox 932 2538 1099 2600; x_wconf 85' lang='lat' dir='ltr'><strong>exactione</strong></span> <span class='ocrx_word' id='word_1_180' title='bbox 1122 2537 1233 2600; x_wconf 89' lang='lat' dir='ltr'><strong>tributi</strong></span> <span class='ocrx_word' id='word_1_181' title='bbox 1259 2541 1432 2619; x_wconf 76' lang='lat' dir='ltr'><strong>exemptas,</strong></span> <span class='ocrx_word' id='word_1_182' title='bbox 1464 2542 1500 2599; x_wconf 91' lang='lat' dir='ltr'><strong>ut</strong></span> <span class='ocrx_word' id='word_1_183' title='bbox 1522 2535 1600 2598; x_wconf 88' lang='lat' dir='ltr'><strong>nihil</strong></span> <span class='ocrx_word' id='word_1_184' title='bbox 1622 2535 1661 2598; x_wconf 95' lang='lat' dir='ltr'><strong>ab</strong></span> <span class='ocrx_word' id='word_1_185' title='bbox 1683 2536 1761 2619; x_wconf 85' lang='lat' dir='ltr'><strong>ipsis</strong></span> 
     </span>
     <span class='ocr_line' id='line_1_20' title="bbox 362 2635 1763 2724; baseline 0.004 -27"><span class='ocrx_word' id='word_1_186' title='bbox 362 2635 491 2717; x_wconf 89' lang='lat' dir='ltr'><strong>penitus</strong></span> <span class='ocrx_word' id='word_1_187' title='bbox 513 2636 599 2719; x_wconf 85' lang='lat' dir='ltr'><strong>exigi</strong></span> <span class='ocrx_word' id='word_1_188' title='bbox 623 2638 726 2701; x_wconf 80' lang='lat' dir='ltr'><strong>valeat</strong></span> <span class='ocrx_word' id='word_1_189' title='bbox 747 2658 863 2702; x_wconf 89' lang='lat' dir='ltr'><strong>census</strong></span> <span class='ocrx_word' id='word_1_190' title='bbox 886 2640 962 2701; x_wconf 86' lang='lat' dir='ltr'><strong>nori</strong></span> <span class='ocrx_word' id='word_1_191' title='bbox 983 2660 1041 2724; x_wconf 89' lang='lat' dir='ltr'><strong>per</strong></span> <span class='ocrx_word' id='word_1_192' title='bbox 1058 2641 1237 2724; x_wconf 88' lang='lat' dir='ltr'><strong>quempiam</strong></span> <span class='ocrx_word' id='word_1_193' title='bbox 1261 2641 1311 2703; x_wconf 84' lang='lat' dir='ltr'><strong>vel</strong></span> <span class='ocrx_word' id='word_1_194' title='bbox 1328 2639 1447 2723; x_wconf 92' lang='lat' dir='ltr'><strong>imponi</strong></span> <span class='ocrx_word' id='word_1_195' title='bbox 1463 2640 1495 2702; x_wconf 94' lang='lat' dir='ltr'><strong>in</strong></span> <span class='ocrx_word' id='word_1_196' title='bbox 1512 2640 1581 2722; x_wconf 88' lang='lat' dir='ltr'><strong>ipsa</strong></span> <span class='ocrx_word' id='word_1_197' title='bbox 1595 2640 1763 2704; x_wconf 80' lang='lat' dir='ltr'><strong>dumtaxat</strong></span> 
     </span>
     <span class='ocr_line' id='line_1_21' title="bbox 363 2737 1832 2824; baseline 0.003 -25"><span class='ocrx_word' id='word_1_198' title='bbox 363 2737 423 2800; x_wconf 91' lang='lat' dir='ltr'><strong>iori</strong></span> <span class='ocrx_word' id='word_1_199' title='bbox 453 2740 636 2804; x_wconf 88' lang='lat' dir='ltr'><strong>nundinalis</strong></span> <span class='ocrx_word' id='word_1_200' title='bbox 666 2762 747 2823; x_wconf 70' lang='lat' dir='ltr'><strong>area,</strong></span> <span class='ocrx_word' id='word_1_201' title='bbox 782 2744 858 2806; x_wconf 91' lang='lat' dir='ltr'><strong>dum</strong></span> <span class='ocrx_word' id='word_1_202' title='bbox 888 2749 1077 2806; x_wconf 88' lang='lat' dir='ltr'><strong>mercantur.</strong></span> <span class='ocrx_word' id='word_1_203' title='bbox 1115 2743 1284 2808; x_wconf 85' lang='lat' dir='ltr'><strong>Praeterea</strong></span> <span class='ocrx_word' id='word_1_204' title='bbox 1314 2742 1473 2821; x_wconf 77' lang='lat' dir='ltr'><strong>uolumus,</strong></span> <span class='ocrx_word' id='word_1_205' title='bbox 1504 2743 1591 2824; x_wconf 91' lang='lat' dir='ltr'><strong>quod</strong></span> <span class='ocrx_word' id='word_1_206' title='bbox 1621 2744 1647 2806; x_wconf 89' lang='lat' dir='ltr'><strong>si</strong></span> <span class='ocrx_word' id='word_1_207' title='bbox 1679 2761 1762 2824; x_wconf 91' lang='lat' dir='ltr'><strong>quae</strong></span> <span class='ocrx_word' id='word_1_208' title='bbox 1797 2749 1832 2803; x_wconf 84' lang='lat'><strong>20</strong></span> 
     </span>
     <span class='ocr_line' id='line_1_22' title="bbox 360 2839 1762 2924; baseline 0.005 -21"><span class='ocrx_word' id='word_1_209' title='bbox 360 2839 470 2905; x_wconf 88' lang='lat' dir='ltr'><strong>literae</strong></span> <span class='ocrx_word' id='word_1_210' title='bbox 493 2844 703 2924; x_wconf 78' lang='lat' dir='ltr'><strong>quovismodo</strong></span> <span class='ocrx_word' id='word_1_211' title='bbox 725 2845 850 2910; x_wconf 84' lang='lat' dir='ltr'><strong>habitae</strong></span> <span class='ocrx_word' id='word_1_212' title='bbox 872 2854 904 2910; x_wconf 91' lang='lat' dir='ltr'><strong>et</strong></span> <span class='ocrx_word' id='word_1_213' title='bbox 924 2846 1072 2910; x_wconf 86' lang='lat' dir='ltr'><strong>obtentae</strong></span> <span class='ocrx_word' id='word_1_214' title='bbox 1088 2853 1200 2909; x_wconf 91' lang='lat' dir='ltr'><strong>contra</strong></span> <span class='ocrx_word' id='word_1_215' title='bbox 1214 2847 1342 2910; x_wconf 88' lang='lat' dir='ltr'><strong>eosdem</strong></span> <span class='ocrx_word' id='word_1_216' title='bbox 1356 2846 1443 2909; x_wconf 87' lang='lat' dir='ltr'><strong>cives</strong></span> <span class='ocrx_word' id='word_1_217' title='bbox 1460 2853 1586 2910; x_wconf 88' lang='lat' dir='ltr'><strong>nostros</strong></span> <span class='ocrx_word' id='word_1_218' title='bbox 1602 2853 1635 2909; x_wconf 90' lang='lat' dir='ltr'><strong>et</strong></span> <span class='ocrx_word' id='word_1_219' title='bbox 1650 2851 1762 2910; x_wconf 89' lang='lat' dir='ltr'><strong>contra</strong></span> 
     </span>
     <span class='ocr_line' id='line_1_23' title="bbox 363 2944 1762 3034; baseline 0.005 -27"><span class='ocrx_word' id='word_1_220' title='bbox 363 2944 566 3010; x_wconf 89' lang='lat' dir='ltr'><strong>donationem</strong></span> <span class='ocrx_word' id='word_1_221' title='bbox 588 2949 769 3013; x_wconf 88' lang='lat' dir='ltr'><strong>huiusmodi</strong></span> <span class='ocrx_word' id='word_1_222' title='bbox 799 2950 875 3033; x_wconf 88' lang='lat' dir='ltr'><strong>ipsis</strong></span> <span class='ocrx_word' id='word_1_223' title='bbox 897 2969 954 3033; x_wconf 92' lang='lat' dir='ltr'><strong>per</strong></span> <span class='ocrx_word' id='word_1_224' title='bbox 976 2971 1035 3013; x_wconf 88' lang='lat' dir='ltr'><strong>nos</strong></span> <span class='ocrx_word' id='word_1_225' title='bbox 1061 2952 1175 3013; x_wconf 88' lang='lat' dir='ltr'><strong>tactam</strong></span> <span class='ocrx_word' id='word_1_226' title='bbox 1198 2969 1255 3034; x_wconf 90' lang='lat' dir='ltr'><strong>per</strong></span> <span class='ocrx_word' id='word_1_227' title='bbox 1278 2950 1458 3032; x_wconf 89' lang='lat' dir='ltr'><strong>quempiam</strong></span> <span class='ocrx_word' id='word_1_228' title='bbox 1482 2950 1598 3031; x_wconf 85' lang='lat' dir='ltr'><strong>quovis</strong></span> <span class='ocrx_word' id='word_1_229' title='bbox 1620 2955 1762 3033; x_wconf 88' lang='lat' dir='ltr'><strong>tempore</strong></span> 
     </span>
     <span class='ocr_line' id='line_1_24' title="bbox 363 3048 1763 3137; baseline 0.004 -26"><span class='ocrx_word' id='word_1_230' title='bbox 363 3048 599 3133; x_wconf 81' lang='lat' dir='ltr'><strong>exhiberentur,</strong></span> <span class='ocrx_word' id='word_1_231' title='bbox 629 3050 736 3116; x_wconf 83' lang='lat' dir='ltr'><strong>cassae</strong></span> <span class='ocrx_word' id='word_1_232' title='bbox 759 3053 823 3116; x_wconf 90' lang='lat' dir='ltr'><strong>sint</strong></span> <span class='ocrx_word' id='word_1_233' title='bbox 845 3060 878 3117; x_wconf 91' lang='lat' dir='ltr'><strong>et</strong></span> <span class='ocrx_word' id='word_1_234' title='bbox 898 3054 1010 3117; x_wconf 89' lang='lat' dir='ltr'><strong>inanes</strong></span> <span class='ocrx_word' id='word_1_235' title='bbox 1033 3063 1065 3118; x_wconf 88' lang='lat' dir='ltr'><strong>et</strong></span> <span class='ocrx_word' id='word_1_236' title='bbox 1087 3054 1209 3117; x_wconf 87' lang='lat' dir='ltr'><strong>viribus</strong></span> <span class='ocrx_word' id='word_1_237' title='bbox 1231 3054 1359 3137; x_wconf 86' lang='lat' dir='ltr'><strong>penitus</strong></span> <span class='ocrx_word' id='word_1_238' title='bbox 1389 3053 1553 3117; x_wconf 76' lang='lat' dir='ltr'><strong>carituras.</strong></span> <span class='ocrx_word' id='word_1_239' title='bbox 1591 3053 1637 3117; x_wconf 90' lang='lat' dir='ltr'><strong>Ut</strong></span> <span class='ocrx_word' id='word_1_240' title='bbox 1665 3055 1763 3136; x_wconf 89' lang='lat' dir='ltr'><strong>igitur</strong></span> 
     </span>
     <span class='ocr_line' id='line_1_25' title="bbox 363 3152 1763 3241; baseline 0.005 -27"><span class='ocrx_word' id='word_1_241' title='bbox 363 3152 458 3216; x_wconf 88' lang='lat' dir='ltr'><strong>huius</strong></span> <span class='ocrx_word' id='word_1_242' title='bbox 478 3160 604 3218; x_wconf 88' lang='lat' dir='ltr'><strong>nostrae</strong></span> <span class='ocrx_word' id='word_1_243' title='bbox 627 3155 806 3220; x_wconf 90' lang='lat' dir='ltr'><strong>donationis</strong></span> <span class='ocrx_word' id='word_1_244' title='bbox 829 3158 927 3221; x_wconf 81' lang='lat' dir='ltr'><strong>series</strong></span> <span class='ocrx_word' id='word_1_245' title='bbox 952 3156 1051 3221; x_wconf 91' lang='lat' dir='ltr'><strong>robur</strong></span> <span class='ocrx_word' id='word_1_246' title='bbox 1072 3163 1244 3241; x_wconf 89' lang='lat' dir='ltr'><strong>perpetuae</strong></span> <span class='ocrx_word' id='word_1_247' title='bbox 1267 3157 1408 3219; x_wconf 89' lang='lat' dir='ltr'><strong>obtineat</strong></span> <span class='ocrx_word' id='word_1_248' title='bbox 1429 3155 1586 3220; x_wconf 88' lang='lat' dir='ltr'><strong>firmitatis</strong></span> <span class='ocrx_word' id='word_1_249' title='bbox 1609 3176 1668 3221; x_wconf 91' lang='lat' dir='ltr'><strong>nec</strong></span> <span class='ocrx_word' id='word_1_250' title='bbox 1690 3177 1763 3240; x_wconf 91' lang='lat' dir='ltr'><strong>pro·</strong></span> 
     </span>
     <span class='ocr_line' id='line_1_26' title="bbox 362 3259 1830 3344; baseline 0 -24"><span class='ocrx_word' id='word_1_251' title='bbox 362 3276 455 3320; x_wconf 87' lang='lat' dir='ltr'><strong>cessu</strong></span> <span class='ocrx_word' id='word_1_252' title='bbox 486 3266 664 3343; x_wconf 89' lang='lat' dir='ltr'><strong>temporum</strong></span> <span class='ocrx_word' id='word_1_253' title='bbox 694 3261 797 3324; x_wconf 83' lang='lat' dir='ltr'><strong>valcat</strong></span> <span class='ocrx_word' id='word_1_254' title='bbox 823 3262 994 3342; x_wconf 74' lang='lat' dir='ltr'><strong>retractari,</strong></span> <span class='ocrx_word' id='word_1_255' title='bbox 1024 3266 1207 3344; x_wconf 87' lang='lat' dir='ltr'><strong>praesentes</strong></span> <span class='ocrx_word' id='word_1_256' title='bbox 1229 3261 1306 3344; x_wconf 89' lang='lat' dir='ltr'><strong>ipsis</strong></span> <span class='ocrx_word' id='word_1_257' title='bbox 1328 3259 1475 3324; x_wconf 88' lang='lat' dir='ltr'><strong>fidelibus</strong></span> <span class='ocrx_word' id='word_1_258' title='bbox 1498 3260 1622 3324; x_wconf 84' lang='lat' dir='ltr'><strong>civibus</strong></span> <span class='ocrx_word' id='word_1_259' title='bbox 1644 3261 1761 3324; x_wconf 84' lang='lat' dir='ltr'><strong>nostris</strong></span> <span class='ocrx_word' id='word_1_260' title='bbox 1796 3266 1830 3320; x_wconf 79' lang='lat'><strong>25</strong></span> 
     </span>
     <span class='ocr_line' id='line_1_27' title="bbox 362 3362 1763 3447; baseline 0.001 -22"><span class='ocrx_word' id='word_1_261' title='bbox 362 3363 578 3426; x_wconf 86' lang='lat' dir='ltr'><strong>concessimus</strong></span> <span class='ocrx_word' id='word_1_262' title='bbox 608 3363 715 3427; x_wconf 89' lang='lat' dir='ltr'><strong>literas</strong></span> <span class='ocrx_word' id='word_1_263' title='bbox 737 3364 872 3447; x_wconf 88' lang='lat' dir='ltr'><strong>duplicis</strong></span> <span class='ocrx_word' id='word_1_264' title='bbox 895 3364 988 3447; x_wconf 92' lang='lat' dir='ltr'><strong>sigilli</strong></span> <span class='ocrx_word' id='word_1_265' title='bbox 1020 3365 1119 3427; x_wconf 89' lang='lat' dir='ltr'><strong>nostri</strong></span> <span class='ocrx_word' id='word_1_266' title='bbox 1143 3364 1319 3428; x_wconf 90' lang='lat' dir='ltr'><strong>munimine</strong></span> <span class='ocrx_word' id='word_1_267' title='bbox 1349 3362 1520 3427; x_wconf 86' lang='lat' dir='ltr'><strong>roboratas.</strong></span> <span class='ocrx_word' id='word_1_268' title='bbox 1557 3363 1676 3427; x_wconf 89' lang='lat' dir='ltr'><strong>Datum</strong></span> <span class='ocrx_word' id='word_1_269' title='bbox 1706 3382 1763 3447; x_wconf 91' lang='lat' dir='ltr'><strong>per</strong></span> 
     </span>
     <span class='ocr_line' id='line_1_28' title="bbox 362 3466 1761 3551; baseline 0.002 -24"><span class='ocrx_word' id='word_1_270' title='bbox 362 3484 477 3530; x_wconf 87' lang='lat' dir='ltr'><strong>manus</strong></span> <span class='ocrx_word' id='word_1_271' title='bbox 507 3466 634 3530; x_wconf 90' lang='lat' dir='ltr'><strong>discreti</strong></span> <span class='ocrx_word' id='word_1_272' title='bbox 664 3469 724 3530; x_wconf 86' lang='lat' dir='ltr'><strong>riri</strong></span> <span class='ocrx_word' id='word_1_273' title='bbox 755 3469 896 3550; x_wconf 84' lang='lat' dir='ltr'><strong>magistri</strong></span> <span class='ocrx_word' id='word_1_274' title='bbox 925 3468 1079 3531; x_wconf 84' lang='lat' dir='ltr'><strong>Theodori</strong></span> <span class='ocrx_word' id='word_1_275' title='bbox 1102 3469 1272 3551; x_wconf 86' lang='lat' dir='ltr'><strong>praepositi</strong></span> <span class='ocrx_word' id='word_1_276' title='bbox 1296 3467 1524 3547; x_wconf 72' lang='lat' dir='ltr'><strong>Scebeniensis</strong></span> <span class='ocrx_word' id='word_1_277' title='bbox 1555 3474 1682 3531; x_wconf 83' lang='lat' dir='ltr'><strong>sanctae</strong></span> <span class='ocrx_word' id='word_1_278' title='bbox 1706 3467 1761 3530; x_wconf 81' lang='lat' dir='ltr'><strong>Al·</strong></span> 
     </span>
     <span class='ocr_line' id='line_1_29' title="bbox 362 3567 1761 3653; baseline 0.003 -22"><span class='ocrx_word' id='word_1_279' title='bbox 362 3567 469 3632; x_wconf 87' lang='lat' dir='ltr'><strong>beusis</strong></span> <span class='ocrx_word' id='word_1_280' title='bbox 491 3570 641 3634; x_wconf 88' lang='lat' dir='ltr'><strong>ecclesiae</strong></span> <span class='ocrx_word' id='word_1_281' title='bbox 664 3570 769 3653; x_wconf 80' lang='lat' dir='ltr'><strong>electi,</strong></span> <span class='ocrx_word' id='word_1_282' title='bbox 798 3571 890 3635; x_wconf 83' lang='lat' dir='ltr'><strong>aulae</strong></span> <span class='ocrx_word' id='word_1_283' title='bbox 913 3578 1040 3635; x_wconf 88' lang='lat' dir='ltr'><strong>nostrae</strong></span> <span class='ocrx_word' id='word_1_284' title='bbox 1062 3572 1310 3635; x_wconf 80' lang='lat' dir='ltr'><strong>vicecancellarii</strong></span> <span class='ocrx_word' id='word_1_285' title='bbox 1342 3572 1448 3635; x_wconf 90' lang='lat' dir='ltr'><strong>dilecti</strong></span> <span class='ocrx_word' id='word_1_286' title='bbox 1474 3578 1506 3635; x_wconf 89' lang='lat' dir='ltr'><strong>et</strong></span> <span class='ocrx_word' id='word_1_287' title='bbox 1527 3570 1629 3634; x_wconf 89' lang='lat' dir='ltr'><strong>fidelis</strong></span> <span class='ocrx_word' id='word_1_288' title='bbox 1651 3571 1761 3652; x_wconf 77' lang='lat' dir='ltr'><strong>nostri,</strong></span> 
     </span>
     <span class='ocr_line' id='line_1_30' title="bbox 362 3651 1762 3757; baseline 0.002 -22"><span class='ocrx_word' id='word_1_289' title='bbox 362 3692 447 3735; x_wconf 91' lang='lat' dir='ltr'><strong>anno</strong></span> <span class='ocrx_word' id='word_1_290' title='bbox 477 3673 596 3736; x_wconf 91' lang='lat' dir='ltr'><strong>domini</strong></span> <span class='ocrx_word' id='word_1_291' title='bbox 619 3651 660 3736; x_wconf 81' lang='lat' dir='ltr'><strong>ll.</strong></span> <span class='ocrx_word' id='word_1_292' title='bbox 684 3652 742 3737; x_wconf 54' lang='lat' dir='ltr'><strong>Cb.</strong></span> <span class='ocrx_word' id='word_1_293' title='bbox 766 3675 976 3757; x_wconf 88' lang='lat' dir='ltr'><strong>octoagesimo</strong></span> <span class='ocrx_word' id='word_1_294' title='bbox 1003 3675 1146 3757; x_wconf 81' lang='lat' dir='ltr'><strong>septimo,</strong></span> <span class='ocrx_word' id='word_1_295' title='bbox 1175 3694 1261 3737; x_wconf 91' lang='lat' dir='ltr'><strong>nono</strong></span> <span class='ocrx_word' id='word_1_296' title='bbox 1285 3674 1445 3739; x_wconf 88' lang='lat' dir='ltr'><strong>Kalendas</strong></span> <span class='ocrx_word' id='word_1_297' title='bbox 1470 3674 1559 3756; x_wconf 78' lang='lat' dir='ltr'><strong>Julii,</strong></span> <span class='ocrx_word' id='word_1_298' title='bbox 1589 3675 1762 3738; x_wconf 87' lang='lat' dir='ltr'><strong>indictione</strong></span> 
     </span>
     <span class='ocr_line' id='line_1_31' title="bbox 363 3776 1832 3859; baseline 0 -20"><span class='ocrx_word' id='word_1_299' title='bbox 363 3776 573 3858; x_wconf 75' lang='lat' dir='ltr'><strong>quindecima,</strong></span> <span class='ocrx_word' id='word_1_300' title='bbox 595 3778 685 3859; x_wconf 88' lang='lat' dir='ltr'><strong>regni</strong></span> <span class='ocrx_word' id='word_1_301' title='bbox 708 3783 814 3841; x_wconf 88' lang='lat' dir='ltr'><strong>autern</strong></span> <span class='ocrx_word' id='word_1_302' title='bbox 836 3779 938 3841; x_wconf 88' lang='lat' dir='ltr'><strong>nostri</strong></span> <span class='ocrx_word' id='word_1_303' title='bbox 960 3797 1045 3841; x_wconf 91' lang='lat' dir='ltr'><strong>anno</strong></span> <span class='ocrx_word' id='word_1_304' title='bbox 1068 3778 1233 3842; x_wconf 86' lang='lat' dir='ltr'><strong>sedecimo.</strong></span> <span class='ocrx_word' id='word_1_305' title='bbox 1797 3784 1832 3839; x_wconf 86' lang='lat'><strong>30</strong></span> 
     </span>
    </p>
   </div>
   <div class='ocr_carea' id='block_1_3' title="bbox 1010 4071 1098 4153">
    <p class='ocr_par' dir='ltr' id='par_1_3' title="bbox 1010 4071 1098 4153">
     <span class='ocr_line' id='line_1_32' title="bbox 1010 4071 1098 4153; baseline -0.011 0"><span class='ocrx_word' id='word_1_306' title='bbox 1010 4071 1098 4153; x_wconf 77' lang='lat'><strong>219.</strong></span> 
     </span>
    </p>
   </div>
   <div class='ocr_carea' id='block_1_4' title="bbox 362 4231 1831 4670">
    <p class='ocr_par' dir='ltr' id='par_1_4' title="bbox 362 4231 1831 4670">
     <span class='ocr_line' id='line_1_33' title="bbox 440 4231 1763 4324; baseline -0.001 -17"><span class='ocrx_word' id='word_1_307' title='bbox 440 4234 530 4307; x_wconf 83' lang='lat' dir='ltr'><strong>Rom</strong></span> <span class='ocrx_word' id='word_1_308' title='bbox 548 4233 600 4307; x_wconf 78' lang='lat' dir='ltr'><strong>ta·</strong></span> <span class='ocrx_word' id='word_1_309' title='bbox 618 4233 875 4306; x_wconf 71' lang='lat' dir='ltr'><strong>Saalrtfiodiac</strong></span> <span class='ocrx_word' id='word_1_310' title='bbox 893 4236 1004 4304; x_wconf 79' lang='lat'><em>1287</em></span> <span class='ocrx_word' id='word_1_311' title='bbox 1017 4232 1153 4324; x_wconf 71' lang='lat' dir='ltr'><strong>August</strong></span> <span class='ocrx_word' id='word_1_312' title='bbox 1171 4235 1207 4304; x_wconf 81' lang='lat'><strong>2.</strong></span> <span class='ocrx_word' id='word_1_313' title='bbox 1235 4231 1305 4304; x_wconf 80' lang='lat' dir='ltr'><strong>Dic</strong></span> <span class='ocrx_word' id='word_1_314' title='bbox 1321 4233 1519 4305; x_wconf 73' lang='lat' dir='ltr'><strong>Kartinata</strong></span> <span class='ocrx_word' id='word_1_315' title='bbox 1536 4232 1763 4323; x_wconf 73' lang='lat' dir='ltr'><strong>deoaflropca</strong></span> 
     </span>
     <span class='ocr_line' id='line_1_34' title="bbox 363 4352 1763 4444; baseline -0.001 -16"><span class='ocrx_word' id='word_1_316' title='bbox 363 4357 429 4428; x_wconf 75' lang='lat' dir='ltr'><strong>dan</strong></span> <span class='ocrx_word' id='word_1_317' title='bbox 464 4354 677 4444; x_wconf 65' lang='lat' dir='ltr'><strong>Erebiscbof</strong></span> <span class='ocrx_word' id='word_1_318' title='bbox 703 4378 768 4427; x_wconf 82' lang='lat' dir='ltr'><strong>con</strong></span> <span class='ocrx_word' id='word_1_319' title='bbox 808 4352 909 4425; x_wconf 74' lang='lat' dir='ltr'><strong>Gran</strong></span> <span class='ocrx_word' id='word_1_320' title='bbox 934 4352 1171 4441; x_wconf 70' lang='lat' dir='ltr'><strong>hedomadae,</strong></span> <span class='ocrx_word' id='word_1_321' title='bbox 1208 4354 1263 4425; x_wconf 82' lang='lat' dir='ltr'><strong>dic</strong></span> <span class='ocrx_word' id='word_1_322' title='bbox 1297 4353 1454 4444; x_wconf 73' lang='lat' dir='ltr'><strong>Kdaa‘qia</strong></span> <span class='ocrx_word' id='word_1_323' title='bbox 1484 4353 1664 4426; x_wconf 76' lang='lat' dir='ltr'><strong>Elisabeth</strong></span> <span class='ocrx_word' id='word_1_324' title='bbox 1698 4377 1763 4426; x_wconf 84' lang='lat' dir='ltr'><strong>voa</strong></span> 
     </span>
     <span class='ocr_line' id='line_1_35' title="bbox 371 4474 1763 4568; baseline -0.001 -20"><span class='ocrx_word' id='word_1_325' title='bbox 371 4475 516 4568; x_wconf 67' lang='lat' dir='ltr'><strong>Uagam</strong></span> <span class='ocrx_word' id='word_1_326' title='bbox 543 4499 607 4548; x_wconf 80' lang='lat' dir='ltr'><strong>aas</strong></span> <span class='ocrx_word' id='word_1_327' title='bbox 633 4477 710 4548; x_wconf 72' lang='lat' dir='ltr'><strong>dea</strong></span> <span class='ocrx_word' id='word_1_328' title='bbox 740 4475 952 4567; x_wconf 70' lang='lat' dir='ltr'><strong>Gefdayaiss</strong></span> <span class='ocrx_word' id='word_1_329' title='bbox 986 4499 1030 4547; x_wconf 77' lang='lat' dir='ltr'><strong>aa</strong></span> <span class='ocrx_word' id='word_1_330' title='bbox 1060 4475 1212 4563; x_wconf 80' lang='lat' dir='ltr'><strong>defrelca</strong></span> <span class='ocrx_word' id='word_1_331' title='bbox 1246 4474 1320 4546; x_wconf 78' lang='lat' dir='ltr'><strong>rard</strong></span> <span class='ocrx_word' id='word_1_332' title='bbox 1353 4474 1391 4545; x_wconf 79' lang='lat' dir='ltr'><strong>ia</strong></span> <span class='ocrx_word' id='word_1_333' title='bbox 1416 4475 1516 4546; x_wconf 79' lang='lat' dir='ltr'><strong>ibren</strong></span> <span class='ocrx_word' id='word_1_334' title='bbox 1542 4474 1694 4547; x_wconf 81' lang='lat' dir='ltr'><strong>Recbtea</strong></span> <span class='ocrx_word' id='word_1_335' title='bbox 1718 4497 1763 4546; x_wconf 75' lang='lat' dir='ltr'><strong>aa</strong></span> 
     </span>
     <span class='ocr_line' id='line_1_36' title="bbox 362 4598 1831 4670; baseline -0.003 -1"><span class='ocrx_word' id='word_1_336' title='bbox 362 4598 529 4670; x_wconf 76' lang='lat' dir='ltr'><strong>scbdtaca.</strong></span> <span class='ocrx_word' id='word_1_337' title='bbox 1797 4612 1831 4665; x_wconf 81' lang='lat'><strong>35</strong></span> 
     </span>
    </p>
   </div>
   <div class='ocr_carea' id='block_1_5' title="bbox 466 4740 1763 4984">
    <p class='ocr_par' dir='ltr' id='par_1_5' title="bbox 466 4740 1763 4984">
     <span class='ocr_line' id='line_1_37' title="bbox 519 4740 1761 4814; baseline -0.002 -17"><span class='ocrx_word' id='word_1_338' title='bbox 519 4743 721 4814; x_wconf 74' lang='lat' dir='ltr'><strong>Eingescbcllet</strong></span> <span class='ocrx_word' id='word_1_339' title='bbox 739 4743 782 4796; x_wconf 82' lang='lat' dir='ltr'><strong>ola</strong></span> <span class='ocrx_word' id='word_1_340' title='bbox 793 4742 898 4796; x_wconf 67' lang='lat' dir='ltr'><strong>amatas</strong></span> <span class='ocrx_word' id='word_1_341' title='bbox 911 4743 1004 4795; x_wconf 78' lang='lat' dir='ltr'><strong>insert</strong></span> <span class='ocrx_word' id='word_1_342' title='bbox 1015 4758 1068 4795; x_wconf 83' lang='lat' dir='ltr'><strong>von</strong></span> <span class='ocrx_word' id='word_1_343' title='bbox 1080 4740 1249 4808; x_wconf 73' lang='lat' dir='ltr'><strong>Erabiecbof</strong></span> <span class='ocrx_word' id='word_1_344' title='bbox 1257 4740 1439 4795; x_wconf 78' lang='lat' dir='ltr'><strong>Lodmncriuc</strong></span> <span class='ocrx_word' id='word_1_345' title='bbox 1455 4745 1531 4808; x_wconf 77' lang='lat'><strong><em>1287,</em></strong></span> <span class='ocrx_word' id='word_1_346' title='bbox 1548 4741 1623 4811; x_wconf 72' lang='lat' dir='ltr'><strong>Orig.</strong></span> <span class='ocrx_word' id='word_1_347' title='bbox 1636 4741 1761 4810; x_wconf 69' lang='lat' dir='ltr'><strong>Kapt&#39;tal·</strong></span> 
     </span>
     <span class='ocr_line' id='line_1_38' title="bbox 467 4826 1763 4898; baseline -0.003 -14"><span class='ocrx_word' id='word_1_348' title='bbox 467 4831 560 4885; x_wconf 74' lang='lat' dir='ltr'><strong>arctio</strong></span> <span class='ocrx_word' id='word_1_349' title='bbox 578 4830 745 4898; x_wconf 67' lang='lat' dir='ltr'><strong>Karlaburg</strong></span> <span class='ocrx_word' id='word_1_350' title='bbox 769 4829 864 4883; x_wconf 76' lang='lat' dir='ltr'><strong>welche</strong></span> <span class='ocrx_word' id='word_1_351' title='bbox 889 4828 1018 4883; x_wconf 77' lang='lat' dir='ltr'><strong>Urkunde</strong></span> <span class='ocrx_word' id='word_1_352' title='bbox 1043 4828 1113 4881; x_wconf 75' lang='lat' dir='ltr'><strong>auch</strong></span> <span class='ocrx_word' id='word_1_353' title='bbox 1137 4827 1169 4881; x_wconf 76' lang='lat' dir='ltr'><strong>in</strong></span> <span class='ocrx_word' id='word_1_354' title='bbox 1192 4826 1377 4896; x_wconf 71' lang='lat' dir='ltr'><strong>beplaabo&#39;qter</strong></span> <span class='ocrx_word' id='word_1_355' title='bbox 1394 4827 1538 4894; x_wconf 73' lang='lat' dir='ltr'><strong>Abacbrift</strong></span> <span class='ocrx_word' id='word_1_356' title='bbox 1562 4844 1615 4882; x_wconf 81' lang='lat' dir='ltr'><strong>voa</strong></span> <span class='ocrx_word' id='word_1_357' title='bbox 1639 4831 1708 4882; x_wconf 85' lang='grc'><strong><em>1769</em></strong></span> <span class='ocrx_word' id='word_1_358' title='bbox 1731 4829 1763 4880; x_wconf 78' lang='lat' dir='ltr'><strong>ta</strong></span> 
     </span>
     <span class='ocr_line' id='line_1_39' title="bbox 466 4915 1178 4984; baseline -0.006 -13"><span class='ocrx_word' id='word_1_359' title='bbox 466 4917 552 4971; x_wconf 60' lang='lat' dir='ltr'><strong>anem</strong></span> <span class='ocrx_word' id='word_1_360' title='bbox 570 4916 746 4984; x_wconf 78' lang='lat' dir='ltr'><strong>Kopiclbacb</strong></span> <span class='ocrx_word' id='word_1_361' title='bbox 762 4932 799 4969; x_wconf 72' lang='lat' dir='ltr'><strong>aa</strong></span> <span class='ocrx_word' id='word_1_362' title='bbox 817 4915 976 4984; x_wconf 75' lang='lat' dir='ltr'><strong>Karlaburg</strong></span> <span class='ocrx_word' id='word_1_363' title='bbox 993 4915 1116 4968; x_wconf 80' lang='lat' dir='ltr'><strong>erbalten</strong></span> <span class='ocrx_word' id='word_1_364' title='bbox 1133 4915 1178 4968; x_wconf 81' lang='lat' dir='ltr'><strong>iat.</strong></span> 
     </span>
    </p>
   </div>
   <div class='ocr_carea' id='block_1_6' title="bbox 519 5033 1762 5107">
    <p class='ocr_par' dir='ltr' id='par_1_6' title="bbox 519 5033 1762 5107">
     <span class='ocr_line' id='line_1_40' title="bbox 519 5033 1762 5107; baseline -0.003 -15"><span class='ocrx_word' id='word_1_365' title='bbox 519 5038 631 5107; x_wconf 70' lang='lat' dir='ltr'><strong>Regeat:</strong></span> <span class='ocrx_word' id='word_1_366' title='bbox 653 5036 765 5091; x_wconf 78' lang='lat' dir='ltr'><strong>Teutacb</strong></span> <span class='ocrx_word' id='word_1_367' title='bbox 783 5053 809 5089; x_wconf 79' lang='lat' dir='ltr'><strong>a.</strong></span> <span class='ocrx_word' id='word_1_368' title='bbox 829 5036 990 5090; x_wconf 71' lang='lat' dir='ltr'><strong>Firnbobcr</strong></span> <span class='ocrx_word' id='word_1_369' title='bbox 1008 5034 1079 5091; x_wconf 77' lang='lat' dir='ltr'><strong>Sieb.</strong></span> <span class='ocrx_word' id='word_1_370' title='bbox 1103 5035 1185 5090; x_wconf 77' lang='lat' dir='ltr'><strong>Urltb.</strong></span> <span class='ocrx_word' id='word_1_371' title='bbox 1204 5034 1230 5102; x_wconf 86' lang='lat' dir='ltr'><strong>l,</strong></span> <span class='ocrx_word' id='word_1_372' title='bbox 1249 5037 1308 5088; x_wconf 71' lang='lat'><em>140.</em></span> <span class='ocrx_word' id='word_1_373' title='bbox 1348 5033 1510 5088; x_wconf 61' lang='lat' dir='ltr'><strong>Tarruteni</strong></span> <span class='ocrx_word' id='word_1_374' title='bbox 1532 5034 1578 5088; x_wconf 79' lang='lat' dir='ltr'><strong>atr</strong></span> <span class='ocrx_word' id='word_1_375' title='bbox 1601 5039 1678 5103; x_wconf 78' lang='lat'><strong><em>1889,</em></strong></span> <span class='ocrx_word' id='word_1_376' title='bbox 1701 5038 1762 5090; x_wconf 83' lang='lat'><strong><em>571.</em></strong></span> 
     </span>
    </p>
   </div>
   <div class='ocr_carea' id='block_1_7' title="bbox 362 5190 1832 5379">
    <p class='ocr_par' dir='ltr' id='par_1_7' title="bbox 362 5190 1832 5379">
     <span class='ocr_line' id='line_1_41' title="bbox 517 5190 1832 5278; baseline -0.007 -19"><span class='ocrx_word' id='word_1_377' title='bbox 517 5195 721 5260; x_wconf 86' lang='lat' dir='ltr'><strong>Miseratioue</strong></span> <span class='ocrx_word' id='word_1_378' title='bbox 744 5195 853 5259; x_wconf 78' lang='lat' dir='ltr'><strong>divina</strong></span> <span class='ocrx_word' id='word_1_379' title='bbox 882 5195 1020 5277; x_wconf 86' lang='lat' dir='ltr'><strong>episcopi</strong></span> <span class='ocrx_word' id='word_1_380' title='bbox 1042 5193 1221 5278; x_wconf 87' lang='lat' dir='ltr'><strong>presbyteri</strong></span> <span class='ocrx_word' id='word_1_381' title='bbox 1243 5198 1276 5257; x_wconf 90' lang='lat' dir='ltr'><strong>et</strong></span> <span class='ocrx_word' id='word_1_382' title='bbox 1301 5192 1426 5255; x_wconf 87' lang='lat' dir='ltr'><strong>diaconi</strong></span> <span class='ocrx_word' id='word_1_383' title='bbox 1457 5196 1676 5256; x_wconf 87' lang='lat' dir='ltr'><strong>sacrosanctae</strong></span> <span class='ocrx_word' id='word_1_384' title='bbox 1698 5190 1761 5255; x_wconf 91' lang='lat' dir='ltr'><strong>Ro·</strong></span> <span class='ocrx_word' id='word_1_385' title='bbox 1795 5195 1832 5250; x_wconf 75' lang='lat'><strong>40</strong></span> 
     </span>
     <span class='ocr_line' id='line_1_42' title="bbox 362 5295 1761 5379; baseline -0.005 -14"><span class='ocrx_word' id='word_1_386' title='bbox 362 5320 474 5365; x_wconf 89' lang='lat' dir='ltr'><strong>manae</strong></span> <span class='ocrx_word' id='word_1_387' title='bbox 490 5300 640 5365; x_wconf 87' lang='lat' dir='ltr'><strong>ecclesiae</strong></span> <span class='ocrx_word' id='word_1_388' title='bbox 655 5298 831 5362; x_wconf 88' lang='lat' dir='ltr'><strong>cardinales</strong></span> <span class='ocrx_word' id='word_1_389' title='bbox 847 5296 1020 5361; x_wconf 84' lang='lat' dir='ltr'><strong>venerabili</strong></span> <span class='ocrx_word' id='word_1_390' title='bbox 1035 5297 1125 5359; x_wconf 86' lang='lat' dir='ltr'><strong>fratri</strong></span> <span class='ocrx_word' id='word_1_391' title='bbox 1140 5295 1328 5360; x_wconf 87' lang='lat' dir='ltr'><strong>Lodomerio</strong></span> <span class='ocrx_word' id='word_1_392' title='bbox 1344 5296 1396 5359; x_wconf 91' lang='lat' dir='ltr'><strong>dei</strong></span> <span class='ocrx_word' id='word_1_393' title='bbox 1410 5295 1512 5379; x_wconf 86' lang='lat' dir='ltr'><strong>gratia</strong></span> <span class='ocrx_word' id='word_1_394' title='bbox 1525 5295 1761 5379; x_wconf 86' lang='lat' dir='ltr'><strong>archiepiscopo</strong></span> 
     </span>
    </p>
   </div>
   <div class='ocr_carea' id='block_1_8' title="bbox 516 5449 916 5608">
    <p class='ocr_par' dir='ltr' id='par_1_8' title="bbox 516 5449 916 5608">
     <span class='ocr_line' id='line_1_43' title="bbox 518 5449 833 5521; baseline -0.01 -15"><span class='ocrx_word' id='word_1_395' title='bbox 518 5454 538 5520; x_wconf 79' lang='lat'><strong>¹)</strong></span> <span class='ocrx_word' id='word_1_396' title='bbox 561 5451 692 5521; x_wconf 72' lang='lat' dir='ltr'><strong>Vorloge:</strong></span> <span class='ocrx_word' id='word_1_397' title='bbox 710 5449 833 5505; x_wconf 84' lang='lat' dir='ltr'><strong>taulonio.</strong></span> 
     </span>
     <span class='ocr_line' id='line_1_44' title="bbox 516 5535 916 5608; baseline -0.008 -15"><span class='ocrx_word' id='word_1_398' title='bbox 516 5540 539 5607; x_wconf 79' lang='lat'><strong>²)</strong></span> <span class='ocrx_word' id='word_1_399' title='bbox 561 5536 679 5608; x_wconf 73' lang='lat' dir='ltr'><strong>Vorlopa</strong></span> <span class='ocrx_word' id='word_1_400' title='bbox 695 5537 823 5604; x_wconf 63' lang='lat' dir='ltr'><strong>timaus:</strong></span> <span class='ocrx_word' id='word_1_401' title='bbox 839 5535 916 5591; x_wconf 88' lang='lat' dir='ltr'><strong>ultra</strong></span> 
     </span>
    </p>
   </div>
   <div class='ocr_carea' id='block_1_9' title="bbox 0 0 2036 6288">
    <p class='ocr_par' dir='ltr' id='par_1_9' title="bbox 0 0 2036 6288">
     <span class='ocr_line' id='line_1_45' title="bbox 0 0 2036 6288; baseline 0 0"><span class='ocrx_word' id='word_1_402' title='bbox 0 0 2036 6288; x_wconf 95' lang='lat' dir='ltr'><strong> </strong></span> 
     </span>
    </p>
   </div>
  </div>
 </body>
</html>
