4064 6288
892 602 1048 699 —poe-

345 796 475 870 Datnm
510 796 548 869 in
585 798 693 871 veteri
718 797 803 871 Pest
836 821 897 893 per
932 822 1059 872 manus
1090 797 1253 895 magistri
1279 797 1455 871 Benedicti
1481 797 1667 894 praepositi

269 917 468 993 Orodiensis
495 919 598 992 aulae
623 925 762 993 nostrae
787 919 1063 994 vicecancellarii
1089 920 1204 993 dilecti
1230 927 1263 992 ct
1288 919 1402 993 fidelis
1428 919 1548 1012 nostri,
1575 942 1666 991 anno

268 1039 399 1113 domini
423 1039 483 1113 Μο
508 1040 580 1113 00⁰
605 1039 739 1134 LXX0,
772 1049 890 1115 octavo
920 1041 974 1115 die
998 1041 1151 1114 intrante
1181 1063 1300 1114 mense
1331 1039 1531 1136 Septembri,
1556 1038 1666 1112 indic·

267 1160 360 1234 tione
385 1160 489 1255 Xflt
514 1161 614 1258 regni
641 1169 756 1235 auum
784 1162 893 1235 nostri
921 1186 1012 1236 anno
1037 1162 1157 1258 primo.

217 1327 234 1380 5
423 1326 536 1381 Druck.-
564 1326 674 1381 Wcarel
693 1325 758 1381 (lod.
775 1326 884 1394 Arpcd.
907 1326 996 1394 VIII,
1019 1330 1075 1381 277
1092 1324 1164 1380 aad
1180 1325 1240 1380 dem
1261 1325 1336 1396 Θήρ.
1354 1326 1393 1380 im
1410 1324 1551 1380 Boreodcr
1569 1323 1666 1379 Komi-

371 1412 522 1467 tataurrbiv
539 1430 576 1468 ιιι
593 1411 734 1468 memte.

923 1693 1015 1777 136·

346 1859 456 1927 1270
480 1855 666 1928 December
692 1860 751 1927 10.
780 1856 898 1947 Kdaip
924 1855 1077 1947 Stephon
1104 1855 1140 1927 V.
1170 1856 1303 1929 belabat
1329 1858 1395 1928 deu
1421 1856 1504 1928 Boe
1530 1856 1668 1946 Ponpcb

262 1977 477 2065 sterilescere
503 1977 818 2068 Dicastleistuepen
845 1977 954 2049 curel
982 1977 1186 2068 Verlcibuap
1211 2002 1276 2051 oon
1306 1977 1441 2049 &aaa
1467 1979 1515 2048 im
1541 1975 1669 2048 Zulucr

204 2112 236 2166 10
271 2098 436 2170 Komitut.
465 2097 648 2171 Pmeterea
664 2120 744 2171 cum
762 2097 921 2170 dominus
939 2121 1011 2189 rex,
1028 2096 1236 2171 carissimus
1254 2104 1352 2194 pater
1368 2104 1496 2191 noster·
1514 2096 1667 2170 illustris

269 2240 331 2290 rex
348 2217 556 2314 Hungariae
581 2218 697 2292 clarae
722 2218 906 2291 memoriae
932 2218 1085 2316 relegata
1106 2219 1231 2315 pietate
1248 2225 1400 2315 patema,
1426 2242 1496 2313 qua
1512 2217 1579 2290 filii
1598 2240 1668 2289 non

270 2337 504 2433 compellendi,
540 2339 599 2415 sed
636 2345 719 2411 sunt
752 2337 867 2433 potius
891 2338 1104 2433 confovendi,
1138 2340 1354 2435 quorundam
1390 2338 1558 2411 baronum
1584 2337 1666 2410 infi-

269 2458 397 2532 delium
433 2458 634 2532 incitatione
669 2460 713 2533 ad
748 2460 837 2532 fines
872 2460 972 2556 regni
998 2460 1206 2557 Hungariae
1241 2483 1351 2556 usque
1377 2460 1421 2533 ad
1447 2459 1571 2552 locum,
1606 2458 1667 2554 qni

269 2578 514 2653 Feketeubalm
541 2580 677 2675 dicitur,
701 2604 766 2654 nos
783 2580 972 2655 mansferre
989 2581 1165 2678 coegisset
1191 2582 1291 2655 nobis
1313 2581 1353 2653 in
1370 2588 1483 2654 castm
1501 2578 1667 2676 praedicti

205 2718 236 2771 15
270 2701 398 2774 montis
425 2700 574 2774 inclusis
601 2707 635 2774 et
660 2724 721 2798 per
737 2709 949 2775 armatorum
969 2702 1226 2776 multitudinem
1253 2702 1435 2775 coarctatis
1461 2698 1668 2792 obvallatis,

269 2822 357 2896 idem
378 2823 521 2917 Ponycb
549 2822 661 2896 banus
688 2846 766 2896 cum
794 2823 1002 2919 quibusdam
1031 2823 1107 2897 suis
1135 2824 1239 2897 sociis
1266 2823 1346 2897 licet
1373 2822 1493 2919 paucis
1511 2821 1669 2894 fortrmae

269 2944 410 3018 casibus
438 2967 476 3018 se
501 2944 710 3018 committere
744 2967 814 3017 non
839 2944 1041 3038 formidans,
1074 2952 1147 3019 tam
1178 2944 1451 3041 perpotentiam
1477 2965 1582 3039 quam
1608 2962 1670 3037 per

270 3064 437 3138 astutiam
476 3088 578 3138 suam
618 3065 745 3139 devicit
778 3066 966 3140 exercitum
1002 3067 1169 3140 baronum
1205 3064 1410 3159 infidelium,
1448 3087 1514 3161 quo
1539 3063 1666 3138 ibidem

270 3185 395 3260 vallati
421 3186 601 3261 fueramus
627 3194 660 3260 et
686 3186 831 3281 obsessi,
855 3186 1083 3260 restaurando
1109 3186 1208 3260 nobis
1233 3185 1396 3261 fiduciam
1420 3186 1461 3259 de
1477 3185 1577 3282 regni
1602 3208 1668 3282 gu-

204 3320 238 3376 ae
271 3307 454 3380 bernaculo
480 3315 514 3380 et
531 3308 607 3381 vita
632 3308 878 3381 conservanda
913 3307 959 3381 m
983 3308 1128 3404 insuper
1153 3308 1341 3381 exercitum
1360 3306 1497 3380 Ernerii
1524 3305 1607 3379 bani
1625 3328 1669 3378 ex

272 3428 435 3501 missione
461 3428 625 3524 praedicti
653 3428 764 3525 patris
796 3429 906 3502 nostri
932 3437 1052 3503 contra
1077 3451 1141 3501 nos
1168 3429 1363 3501 venientem
1394 3420 1579 3501 debellavit
1607 3428 1667 3500 ad·

269 3549 419 3622 ducendo
454 3548 554 3622 nobis
589 3550 706 3644 ipsum
741 3550 925 3623 Ermerium
963 3551 1091 3623 bunum
1128 3548 1210 3622 dicti
1244 3550 1416 3621 exercitus
1447 3548 1668 3645 capitaneum

269 3670 492 3764 captivatum.

347 3789 477 3863 Datum
503 3814 563 3887 per
589 3815 718 3865 manus
755 3791 917 3889 magistri
943 3788 1120 3864 Benedicti
1146 3790 1347 3864 Orodiensis
1380 3790 1544 3864 ecclesiae
1569 3813 1668 3886 prae·

202 3926 235 3983 25
269 3909 382 4006 positi,
405 3910 508 3985 aulae
525 3921 664 3988 nostrae
683 3913 957 3988 vicecancellarii
974 3912 1089 3985 dilecti
1108 3919 1140 3985 et
1157 3911 1271 3985 fidelis
1289 3912 1410 4005 nostri,
1427 3935 1519 3985 anuo
1536 3910 1667 3984 domini

268 4030 327 4104 Μο
353 4032 425 4105 00⁰
456 4036 717 4132 septuagesimo,
752 4042 873 4131 quarto
908 4035 993 4107 Idus
1028 4033 1237 4127 Decembris,
1270 4033 1371 4130 regni
1406 4038 1522 4106 subm
1556 4031 1668 4105 nostri

269 4176 361 4226 anno
387 4177 506 4249 pr1mo.

425 4318 538 4374 Druck:
566 4320 675 4377 Wemcl
701 4321 766 4376 (lod.
783 4320 892 4390 Arpud.
916 4319 992 4387 XII,
1019 4323 1036 4374 6
1060 4319 1131 4374 abab
1153 4319 1213 4374 dem
1242 4318 1318 4390 Orip.
1342 4319 1446 4375 Arae
1471 4319 1520 4373 der
1544 4318 1670 4373 Fumea

372 4405 535 4476 Battbpday
551 4425 588 4462 ιιι
605 4409 755 4463 Κῠιιιιιιᾱ.
773 4439 808 4448 -
826 4406 1010 4462 Denaueianu
1027 4406 1195 4462 Documento
1210 4410 1272 4461 347.

203 4708 236 4765 ao
924 4688 1012 4772 137.

345 4854 425 4923 127
430 4856 462 4923 0.
503 4850 620 4944 Kbnip
647 4849 799 4945 Stephon
843 4851 881 4924 V.
917 4853 1041 4925 eimmt
1073 4851 1286 4940 Dominicus,
1327 4842 1571 4943 Burpboripcn
1605 4874 1670 4924 oon

269 4972 367 5061 Zaba,
399 4974 470 5062 fiir
504 4975 597 5046 sanc
631 4974 774 5046 Dienstc
809 4980 911 5046 nater
946 4974 1002 5046 die
1036 4972 1169 5045 nobiles
1206 4994 1268 5045 seu
1307 4971 1443 5069 regales
1479 4970 1669 5044 servientes

270 5095 344 5183 auf,
381 5094 469 5189 quod
504 5117 582 5168 cum
609 5150 756 5170 .....
791 5095 829 5167 in
865 5094 976 5168 officio
1011 5094 1261 5167 tavernicornm
1299 5099 1495 5166 nostrorum
1522 5149 1670 5166 .....

271 5215 422 5288 maxime
447 5237 487 5288 eo
512 5222 670 5313 tempore,
700 5240 779 5291 cum
806 5222 942 5313 propter
966 5215 1235 5310 persecutionem
1262 5221 1445 5310 parentum
1472 5220 1670 5286 nostrorum

208 5346 239 5400 35
271 5334 411 5410 inclitae
444 5336 688 5411 recordationis
723 5336 763 5409 in
788 5335 1007 5409 Felreteholm
1042 5334 1314 5432 aufugissemus
1349 5335 1439 5407 idem
1465 5331 1670 5406 Dominicus

269 5479 450 5552 personam
478 5481 579 5532 suam
605 5457 755 5531 diversis
782 5458 1001 5532 servitiorum
1028 5456 1169 5533 casibus
1196 5478 1362 5552 exponere
1381 5478 1451 5529 non
1467 5452 1670 5547 formidans,
