4086 6300
984 631 1139 724 Q—

360 815 510 879 ecclesiae
525 816 840 898 Transsylvaniensis
852 836 948 899 quam
960 819 1220 901 praedecessores
1231 838 1342 883 eorum
1357 819 1504 903 decimas,
1516 825 1626 904 terras,
1639 821 1759 905 domos,

360 918 477 1001 vineae,
499 925 598 1002 prata,
620 920 722 1001 villas,
744 941 871 1004 pascua,
894 921 1046 1003 redditus,
1071 923 1260 1001 molendina,
1281 941 1421 1005 nemora,
1437 926 1663 1007 possessiones,
1679 926 1759 1007 iura,

360 1024 595 1088 iurisdictiones
618 1029 650 1088 et
673 1024 829 1106 quaedam
850 1026 912 1089 alia
933 1026 1018 1089 bona
1038 1026 1140 1109 ipsius
1163 1025 1322 1109 eeclesiae,
1346 1026 1428 1091 datis
1450 1047 1547 1111 super
1568 1029 1629 1092 hoc
1649 1029 1759 1112 literis,

359 1128 512 1191 coniectis
534 1128 651 1192 exinde
673 1128 810 1211 publicis
832 1131 1062 1211 instrumentis,
1089 1130 1276 1194 iuramentis
1298 1131 1502 1215 interpositis,
1525 1130 1616 1195 iactis
1638 1151 1758 1196 renuu-

359 1232 550 1295 ciationibus
572 1238 604 1296 et
626 1234 737 1316 poenis
759 1234 890 1297 adiectis
912 1234 944 1296 in
968 1253 1099 1315 gravem
1119 1235 1221 1317 ipsius
1241 1234 1392 1298 ecclesiae
1407 1234 1580 1299 laesionem
1595 1235 1759 1299 nonnullis
1794 1246 1811 1296 5

360 1335 482 1400 clericis
505 1342 537 1399 et
558 1335 647 1400 laicis
670 1336 831 1418 aliquibus
846 1356 956 1401 eorum
972 1338 1013 1401 ad
1028 1339 1135 1418 vitam,
1159 1337 1350 1419 quibusdam
1367 1358 1443 1402 vero
1460 1338 1500 1401 ad
1516 1359 1581 1402 non
1596 1340 1759 1404 modicum

360 1445 486 1524 tempus
502 1446 534 1504 et
549 1441 618 1504 aliis
632 1446 787 1524 perpetuo
803 1441 842 1504 ad
857 1440 982 1504 firmam
998 1442 1049 1505 vel
1064 1440 1124 1505 sub
1137 1461 1235 1505 censu
1248 1461 1355 1505 annuo
1371 1450 1606 1527 concesserunt,
1619 1463 1760 1527 quorum

359 1544 459 1625 aliqui
481 1543 632 1608 dicuntur
655 1545 815 1629 superbis
830 1545 1146 1625 confirmationales1)
1169 1546 1276 1609 literas
1292 1546 1325 1607 in
1341 1545 1472 1625 forman
1495 1549 1727 1613 commissionis
1736 1547 1759 1627 ⁹)

359 1667 378 1710 a
399 1647 474 1711 sede
501 1648 673 1731 apostolica
693 1649 887 1731 impetrasse.
920 1649 1002 1727 Quia
1028 1670 1105 1714 vero
1129 1650 1230 1713 nostri
1253 1650 1386 1713 interest
1408 1670 1505 1734 super
1527 1651 1617 1727 hoc’)
1641 1653 1681 1717 de
1703 1672 1760 1738 op-

358 1757 496 1835 portuno
518 1753 658 1816 remedio
677 1754 854 1837 providere,
879 1753 1061 1818 discretioni
1077 1760 1151 1817 tuae
1166 1773 1223 1837 per
1241 1753 1413 1837 apostolica
1428 1756 1545 1838 scripta
1560 1756 1758 1840 mandamus,
1796 1762 1830 1816 10

360 1863 519 1937 quatenus
549 1875 595 1939 ea,
627 1876 709 1938 quae
741 1858 780 1921 de
809 1858 901 1922 bonis
932 1859 1032 1941 ipsius
1062 1858 1213 1922 ecclesiae
1245 1877 1301 1940 per
1332 1859 1554 1923 concessiones
1577 1860 1760 1924 huiusmodi

361 1960 497 2023 alienata
519 1961 681 2024 inveneris
702 1960 812 2024 illicite
835 1962 886 2024 vel
910 1962 1067 2039 distracta,
1090 1981 1155 2025 non
1178 1960 1377 2025 obstantibus
1396 1962 1505 2043 literis,
1528 1964 1759 2048 instrumentis,

362 2064 559 2145 iuramentis,
582 2065 885 2147 renunciationibuS,
907 2067 1019 2150 poenis
1041 2071 1073 2129 et
1094 2065 1389 2129 confirmationibus
1412 2086 1510 2150 supra
1529 2067 1629 2148 dictis,
1652 2068 1759 2132 adius

360 2173 392 2232 et
414 2169 639 2252 proprietatem
661 2169 805 2233 eiusdem
827 2169 977 2234 ecclesiae
999 2170 1138 2251 legitime
1159 2189 1309 2233 revocare
1324 2190 1486 2253 procures,
1510 2171 1760 2236 contradictores

360 2291 595 2355 percensuram
608 2272 851 2336 ecclesiasticam
867 2273 1078 2356 appellatione
1090 2275 1265 2358 postposita
1275 2274 1515 2357 compescendo,
1532 2280 1628 2340 testes
1641 2280 1757 2357 autem,
1795 2284 1827 2335 15

360 2377 417 2457 qui
445 2377 566 2440 tuerint
594 2378 757 2459 nominati,
788 2378 813 2440 si
844 2397 878 2441 se
901 2379 1010 2461 gratia,
1039 2379 1111 2441 odio
1142 2380 1193 2442 vel
1228 2379 1341 2441 timore
1364 2378 1591 2462 subtraxerint,
1624 2399 1761 2443 censura

361 2480 455 2543 simib
479 2479 689 2564 appellatione
711 2488 855 2545 cessante
878 2481 1048 2565 compellas
1068 2483 1193 2545 veritati
1209 2483 1427 2547 testimonium
1443 2482 1617 2565 perhibere.
1640 2481 1760 2545 Datum

361 2586 559 2668 Avennione,
582 2585 620 2648 V.
644 2584 834 2663 Kalendas⁴l
856 2586 956 2669 Iunii,
978 2585 1182 2669 pontificatus
1206 2589 1307 2650 nostri
1330 2606 1415 2649 anno
1439 2587 1616 2650 undecimo.

1013 2915 1106 2998 457.

435 3078 729 3172 Aoipooo1327
753 3079 833 3151 Jott
858 3084 889 3151 1.
917 3079 1028 3171 Popst
1052 3080 1195 3152 Joooaa
1223 3080 1356 3152 XXII.
1383 3086 1563 3172 oatmsopt
1593 3081 1660 3152 dea
1685 3079 1758 3152 Do-
1794 3095 1830 3151 20

358 3202 575 3273 misticonem
601 3202 640 3273 ia
675 3199 820 3292 Uapora
845 3201 920 3273 aad
945 3200 1128 3272 Sloooaica
1156 3223 1264 3292 papea
1291 3199 1499 3272 Hoercta'laer
1533 3200 1682 3273 oreos
1707 3201 1761 3272 als

358 3321 593 3414 Inquisitorca
620 3323 679 3394 des
705 3320 825 3394 Amtes
849 3346 894 3394 aa
919 3322 1051 3394 woltra.

513 3486 625 3541 Druck:
647 3485 763 3540 I'lrciaor
775 3486 853 3540 Mon.
864 3486 959 3557 Huny.
973 3487 999 3552 I,
1011 3490 1064 3541 614
1076 3486 1146 3540 norb
1158 3486 1218 3539 dem
1226 3486 1400 3555 pdpstla‘obcn
1410 3486 1536 3556 Rapiaier
1550 3486 1760 3541 Vatikoamrbeo

462 3573 572 3627 Arabio.
591 3603 625 3613 —-
649 3573 791 3642 Wadda'op
809 3573 934 3626 Annales
957 3574 1026 3639 VII,
1050 3578 1092 3627 55.
1121 3574 1208 3639 Fejo
1228 3572 1318 3627 douae
1342 3573 1429 3641 VIII,
1450 3578 1473 3640 7,
1492 3578 1550 3629 190.
1575 3573 1759 3628 Deasusiooo

463 3660 631 3714 Documenta
648 3664 708 3714 604.
1794 3658 1828 3712 25

513 3835 677 3899 Iohannes
707 3836 876 3919 episcopus
905 3842 937 3899 et
959 3842 1065 3899 cetera
1087 3835 1210 3899 dilectis
1231 3835 1305 3899 liliis
1328 3882 1336 3899 .
1361 3881 1369 3897 .
1393 3836 1490 3920 priori
1512 3836 1699 3919 provinciali
1721 3855 1758 3898 ac

359 3937 519 4001 universis
549 3939 700 4003 iratribus
730 3939 850 4003 ordinis
879 3939 1139 4003 Praedicatorum
1170 3939 1203 4001 in
1234 3958 1332 4021 regno
1356 3937 1516 4021 Ungeriae
1539 3944 1571 4003 et
1592 3939 1758 4022 provincia

359 4040 546 4107 Sclaveniae
568 4044 750 4108 constitutis
772 4045 908 4108 salutem
930 4050 962 4108 et
977 4050 1089 4109 cetera.
1114 4042 1282 4121 Querelam
1299 4043 1404 4108 dilecti
1420 4042 1476 4106 filu
1491 4041 1622 4107 Fabiani
1638 4043 1759 4107 ordinis

359 4148 493 4211 fratrmn
515 4147 686 4231 Minorum,
716 4148 914 4230 inquisitoris
941 4149 1118 4212 haereticae
1139 4149 1305 4231 pravitatis
1327 4148 1361 4210 in
1384 4146 1550 4231 provincia
1572 4144 1759 4210 Scuvoniae

359 4258 391 4315 et
416 4236 596 4335 principatu
618 4252 775 4316 Bosnensi
806 4254 995 4318 auctoritate
1018 4253 1191 4336 apostolica
1213 4252 1392 4334 specialiter
1414 4250 1557 4335 deputati
1579 4250 1757 4333 recepimus
1792 4256 1828 4311 30

359 4357 584 4438 continentem,
616 4339 702 4437 quod
732 4357 807 4420 licet
836 4357 936 4420 felicis
968 4359 1196 4422 recordationis
1227 4356 1378 4422 Nicolaus
1408 4374 1490 4438 papa
1510 4353 1566 4417 IV.
1597 4373 1656 4437 per
1685 4374 1760 4417 suas

358 4460 466 4523 literas
488 4461 641 4545 speciales
663 4460 815 4524 iratribus
837 4460 912 4524 dicti
936 4461 1059 4524 ordinis
1074 4459 1239 4524 Minorum
1254 4462 1288 4523 in
1304 4460 1388 4523 dicto
1405 4459 1586 4541 principatu
1601 4458 1760 4523 Bosnensi

360 4563 500 4628 officium
521 4564 739 4646 inquisitionis
762 4565 929 4648 pravitatis
951 4565 1130 4648 praedictae
1153 4565 1284 4629 duxerit
1308 4562 1582 4645 committendum,
1607 4568 1705 4646 prout
1725 4563 1759 4625 in

359 4669 451 4733 dictis
481 4669 581 4733 literis
610 4668 737 4753 plenius
767 4670 958 4752 continetur,
989 4688 1026 4732 ao
1049 4668 1164 4732 deinde
1186 4668 1257 4751 piae
1280 4668 1450 4732 memoriae
1472 4666 1657 4730 Bonifacius
1678 4685 1761 4750 papa

247 4824 249 4829 ⁴
358 4772 446 4835 VIII.
469 4773 729 4856 praedecessores
752 4774 852 4836 nostri
875 4772 989 4836 dilecto
1012 4772 1077 4835 fibo
1101 4817 1110 4835 .
1134 4818 1142 4834 .
1167 4773 1311 4836 ministro
1333 4771 1523 4855 provinciali
1546 4770 1621 4835 dicti
1637 4770 1758 4834 ordinis
1793 4776 1828 4830 35

359 4877 493 4940 fratrum
523 4876 686 4940 Minorum
714 4878 749 4939 in
780 4877 1052 4941 administratione
1081 4877 1264 4961 provinciae
1296 4875 1482 4940 sclavoniae
1512 4875 1706 4939 commiserit
1727 4881 1760 4939 et

358 4981 580 5064 praecipiendo
604 4980 803 5044 mandaverit
825 5000 882 5063 per
904 5000 979 5044 suas
1001 4981 1109 5044 literas
1131 4980 1293 5063 speciales,
1317 4984 1354 5044 ut
1373 4979 1412 5043 de
1428 4979 1560 5044 consilio
1576 4979 1759 5061 aliquorum

359 5084 493 5148 bouum
517 5085 592 5149 dicti
615 5084 735 5149 ordinis
758 5084 888 5167 eligeret
910 5085 990 5149 duos
1013 5085 1052 5149 de
1075 5084 1226 5149 iratribus
1248 5104 1341 5168 saepe
1372 5084 1447 5148 dicti
1462 5084 1583 5148 ordinis
1598 5083 1759 5147 Minorum

515 5258 535 5323 ¹)
559 5254 690 5325 Vorlope:
707 5255 918 5310 confimationis.
943 5254 1081 5324 Kcmtny:
1098 5255 1333 5309 confirmationum.

514 5344 536 5409 ³)
554 5339 591 5395 So
608 5341 739 5412 Keratny.
768 5342 899 5413 Vorlape:
917 5358 996 5397 causa
1013 5342 1154 5396 communi.
1793 5339 1830 5395 40

514 5430 536 5495 ⁸)
560 5428 692 5499 Vorlopo:
709 5429 767 5484 hec.

515 5518 537 5587 ⁴)
554 5514 592 5571 oo
609 5515 740 5584 Kemtrq.
762 5514 924 5572 Tontmtmi
942 5516 1001 5571 tdr:
1018 5516 1090 5587 Idus,
1109 5516 1212 5571 ooaoclr
1229 5515 1302 5570 Iuni
1319 5520 1344 5570 9.
