4088 6292
921 607 1076 702 Q—

452 793 622 879 [Alndreas
631 794 652 874 ¹)
664 795 715 859 dei
726 796 828 878 gratia
837 796 1031 879 Hungariae,
1047 794 1235 878 Dalmaciae‚
1249 795 1406 871 Groaciae,
1417 795 1545 877 Romae,
1556 790 1697 879 Samiae,

296 896 455 979 Galliciae,
478 897 692 980 Indomeriae,
716 899 889 963 (lomaniae
909 900 1143 983 Bulgariaeque
1165 921 1225 965 rex
1248 899 1397 964 omnibus
1412 900 1528 963 Christi
1549 897 1698 964 fidehbus

295 1008 495 1084 praesentem
517 1003 665 1085 paginam
686 1003 878 1086 inspecturis
908 1004 1042 1068 salutem
1064 1005 1098 1067 in
1127 1006 1271 1069 omnium
1293 1004 1459 1067 salvatore.
1492 1002 1543 1066 Ad
1566 1003 1697 1067 univer·

295 1124 405 1167 sorum
435 1105 578 1168 notitiem
610 1111 720 1171 tenore
741 1107 957 1189 praesentium
979 1107 1091 1170 harum
1118 1108 1199 1172 serie
1222 1107 1373 1171 volumus
1401 1106 1578 1189 pervenire,
1609 1107 1696 1188 quod

241 1218 259 1269 5
297 1207 421 1272 villicus
452 1213 485 1272 et
514 1210 654 1292 hospites
675 1210 777 1273 nostri
799 1210 838 1274 de
859 1210 1011 1274 Deeswar
1033 1212 1073 1274 ad
1100 1216 1241 1274 nostram
1270 1210 1457 1274 aecedentes
1486 1211 1697 1294 praesentiam

293 1311 511 1376 exhibuerimt
541 1313 633 1376 nohis
655 1314 856 1397 privilegium
879 1315 1033 1378 carissimi
1056 1314 1162 1378 fratris
1184 1313 1286 1378 nostri
1307 1314 1392 1397 regis
1413 1312 1564 1395 Ladizlay
1593 1313 1699 1400 clarae

293 1415 464 1479 memoriae
492 1416 626 1479 formam
649 1422 681 1480 et
703 1424 846 1481 tenorem
867 1419 1025 1502 privilegii
1055 1419 1209 1482 carissimi
1231 1418 1283 1480 avi
1309 1417 1410 1481 nostri
1433 1415 1584 1501 Stephani
1612 1418 1697 1500 regis

293 1518 428 1583 illustris
442 1518 671 1583 reeordationis
686 1522 855 1586 continens
870 1529 902 1586 et
917 1521 1143 1603 confirmans,²)
1160 1521 1275 1585 seriem
1290 1522 1385 1585 etiam
1399 1520 1565 1585 literarum
1578 1521 1696 1603 heney

294 1621 370 1685 bani
392 1622 553 1704 quondam
576 1623 777 1688 Trausiluani
798 1624 967 1690 includens
976 1623 998 1703 ²)
1021 1644 1118 1709 super
1139 1625 1221 1688 facto
1245 1630 1348 1688 status
1369 1625 1524 1689 libertatis
1552 1626 1695 1708 ipsorum

226 1733 260 1787 10
294 1726 475 1790 conlectum
490 1732 635 1810 petentes
650 1748 670 1791 a
684 1728 776 1791 nobis
791 1749 865 1793 cum
887 1729 1046 1811 instantia,
1069 1735 1107 1793 ut
1120 1729 1226 1812 ipsum
1242 1728 1445 1812 privilegium
1460 1734 1565 1793 ratum
1579 1728 1696 1794 habere

294 1834 326 1893 et
348 1835 458 1893 nostro
481 1830 686 1913 dignaremur
707 1833 873 1916 privilegio
903 1832 1100 1896 confirmare.
1134 1832 1234 1896 Cuius
1257 1831 1387 1914 quidem
1416 1831 1574 1916 privilegii
1603 1837 1696 1895 tenor

294 1932 365 1996 talis
394 1938 451 1997 est
484 1931 659 2017 (109100
689 1932 835 1999 oreada
862 1935 914 1999 dae
934 1933 1243 2020 Κο11193Ιια<1131003
1265 1933 1329 2000 IV.
1359 1955 1417 1999 eon
1437 1935 1529 1999 1279
1549 1932 1608 2000 Nr.
1631 1934 1696 1999 195

293 2037 349 2099 aar
369 2035 425 2099 der
447 2033 595 2101 Urlcaade
616 2037 668 2102 dea
688 2059 744 2102 raa
763 2040 867 2102 iurator
883 2037 1020 2122 Stephon
1040 2060 1097 2103 vora
1118 2036 1274 2103 1261Nr.
1300 2038 1369 2120 95.)
1394 2039 1462 2104 Nos
1483 2039 1582 2124 igitur
1602 2039 1696 2104 iustis

293 2145 326 2204 et
346 2140 495 2223 legitimis
517 2142 724 2224 petitionibus
753 2142 912 2207 dictorum
934 2142 1094 2227 hospitum
1123 2148 1307 2207 nostrorum
1336 2143 1376 2207 de
1397 2142 1548 2207 Deeswar
1569 2142 1695 2206 favora-

224 2251 258 2304 15
294 2243 389 2307 bilem
420 2263 613 2309 consensum
634 2245 820 2309 adhibentes
841 2247 1039 2329 praedictum
1061 2246 1263 2330 privilegium
1285 2247 1438 2311 carissimi
1459 2247 1566 2310 trahis
1594 2246 1695 2310 nostri

293 2347 426 2410 formam
458 2354 490 2412 et
512 2353 655 2413 tenorem
678 2349 836 2432 privilegii
859 2350 934 2414 dicti
956 2350 1109 2415 carissimi
1135 2350 1187 2413 ari
1209 2350 1310 2415 nostri
1333 2349 1485 2434 Stephani
1505 2351 1590 2434 regis
1618 2369 1696 2414 con·

293 2451 423 2514 tinentia
445 2457 478 2515 et
492 2453 605 2516 seriem
621 2453 786 2517 bterarum
796 2454 913 2535 lreney
928 2454 1003 2518 bani
1024 2453 1186 2536 quondam
1200 2453 1400 2518 Transiluani
1420 2454 1456 2517 in
1477 2453 1597 2517 eisdem
1618 2472 1696 2516 con·

290 2552 446 2619 firmantis
468 2574 565 2639 super
586 2556 670 2621 facto
694 2558 850 2622 libertatis
864 2560 1008 2642 ipsorum
1024 2559 1206 2623 coniectum
1227 2562 1265 2621 ut
1286 2558 1508 2642 praemisimus
1530 2576 1597 2621 non
1618 2575 1693 2620 can·

268 2708 271 2715 .
291 2657 441 2722 collatum
470 2679 536 2722 non
558 2660 707 2724 abrasum
729 2680 790 2725 nec
811 2663 845 2724 in
868 2662 976 2744 abqua
997 2662 1049 2726 sui
1070 2668 1160 2744 parte
1182 2662 1330 2725 vitiatum
1352 2666 1456 2725 ratum
1480 2659 1634 2725 habentes
1662 2666 1695 2725 et

221 2767 257 2822 90
292 2767 457 2845 acceptum
479 2762 520 2827 de
541 2762 639 2828 verbo
662 2764 703 2827 ad
717 2765 853 2830 verbum
867 2764 1090 2851 praesentibus
1110 2764 1207 2828 inseri
1227 2764 1372 2828 iaciendo
1394 2765 1570 2848 patrocinio
1592 2764 1694 2828 noshi

291 2865 449 2948 privilegii
478 2867 632 2930 duximus
662 2867 924 2931 confirmandum
958 2867 997 2930 In
1027 2867 1120 2931 euius
1148 2868 1195 2932 rei
1227 2869 1412 2932 memoriam
1442 2875 1694 2952 perpetuamque

292 2967 475 3033 firmitatem
488 2976 673 3053 praesentes
695 2972 911 3035 concessimus
933 2969 1069 3054 duphois
1087 2970 1182 3055 sigilli
1203 2972 1305 3035 nostri
1327 2973 1504 3036 munimine
1521 2971 1693 3036 roboratas

290 3072 410 3137 Datum
424 3093 611 3157 permanes
626 3074 753 3139 discreti
768 3075 830 3137 riri
851 3074 994 3157 magistri
1008 3074 1164 3137 Theodori
1178 3073 1328 3138 Albensis
1347 3075 1498 3140 ecclesiae
1512 3075 1693 3159 praepositi,

290 3175 382 3240 aulae
397 3182 524 3240 nostrae
539 3177 789 3242 vicecancellarii
800 3177 907 3241 dilecti
922 3184 955 3241 et
968 3176 1071 3241 fidelis
1086 3177 1196 3260 nostri,
1212 3197 1296 3241 anno
1312 3177 1432 3242 domini
1453 3156 1495 3243 il.
1519 3156 1577 3243 OC.
1593 3197 1694 3242 nonas

221 3284 256 3340 25
291 3281 411 3362 5θείωο
433 3281 545 3364 primo,
568 3281 659 3364 regni
681 3286 789 3345 autem
811 3282 914 3345 noshi
935 3299 1020 3344 anno
1042 3280 1153 3364 primo.

950 3574 1044 3657 249.

367 3739 465 3807 1291
491 3760 553 3809 oor
577 3738 657 3809 Jali
682 3742 741 3810 10.
788 3738 905 3829 chip
934 3737 1093 3809 Andreas
1120 3734 1199 3808 ΠΙ.
1226 3737 1369 3809 verlaibt
1399 3737 1465 3809 dea
1496 3736 1693 3810 Deutscdea

289 3880 354 3928 oon
375 3856 513 3928 Thordo
541 3859 596 3930 die
623 3858 750 3930 Rechts
777 3859 840 3930 der
856 3856 1052 3930 Deutscbce
1077 3881 1142 3929 voa
1163 3856 1357 3946 Dadastana,
1385 3855 1472 3931 8111
1496 3859 1571 3931 aad
1586 3858 1694 3932 Koloe

290 3979 364 4051 aad
388 3979 527 4051 5515511
552 3980 656 4052 idaea
683 3982 793 4071 101190
820 3979 1060 4069 Besitaaapea.

220 4122 256 4176 30
447 4125 605 4193 Abaclan'ft:
631 4126 754 4195 Kcaatny
775 4125 897 4194 Diplom.
924 4126 1054 4194 supplan.
1079 4126 1105 4190 Ι,
1130 4128 1182 4179 113
1205 4125 1277 4178 acca
1299 4124 1375 4179 einer
1398 4125 1542 4193 Adrobrast
1567 4126 1617 4179 der
1640 4125 1692 4180 Bc-

394 4211 675 4281 stdtipaapsarlrandc
698 4213 746 4266 des
770 4212 895 4266 Feratca
913 4212 1028 4267 Gabriel
1051 4212 1165 4266 Betblen
1187 4227 1247 4265 rom
1272 4215 1314 4265 10.
1338 4211 1422 4265 Mdra
1446 4215 1523 4280 1614,
1547 4212 1693 4267 Manuarr.

395 4297 562 4367 Srehclyica.
580 4299 686 4368 collegit
706 4300 880 4365 reformator.
911 4297 1157 4366 Claudiopolitani.
1193 4297 1249 4351 De
1271 4297 1401 4352 Urbaadc
1423 4314 1476 4352 von
1494 4302 1562 4353 1291
1580 4298 1617 4353 iat
1635 4297 1692 4352 eia·

392 4385 536 4453 pescholtct
553 4402 606 4439 con
624 4385 719 4455 Kenio
737 4385 812 4438 Korl
830 4389 898 4439 1315
916 4385 975 4438 aad
995 4388 1070 4450 1335,
1088 4385 1161 4439 dicae
1178 4400 1232 4438 von
1251 4383 1345 4453 chip
1363 4383 1481 4454 mareu
1499 4384 1525 4438 1.
1544 4388 1612 4439 1349
1633 4385 1693 4439 aad

393 4474 470 4538 1377,
479 4472 613 4526 disseces
623 4472 713 4526 Ferat
724 4471 838 4526 (1011111
849 4471 963 4525 Bctblen
973 4474 1049 4524 1614.
1068 4469 1367 4540 DcaKdm‘yaImdwa'y
1376 4470 1402 4524 Ι.
1420 4470 1549 4525 Urkaadc
1558 4486 1612 4525 oea
1624 4474 1695 4526 1377

392 4560 429 4612 iat
451 4560 522 4613 cuch
545 4560 671 4629 0511111191
687 4575 741 4613 voa
758 4558 795 4612 K.
815 4557 982 4613 Fordinoad
1000 4557 1025 4609 l.
1051 4560 1126 4622 1552,
1152 4556 1238 4610 Liber
1260 4556 1354 4626 κρίκε
1376 4557 1415 4610 im
1444 4557 1548 4627 Unger.
1566 4558 1691 4612 Laudes·

393 4645 486 4700 orcba'v
498 4646 648 4714 Badopcat.
668 4646 741 4699 Eine
759 4644 903 4711 Abscbritl
920 4644 966 4697 des
986 4647 1027 4697 19.
1046 4642 1251 4698 Jatreandera
1267 4643 1316 4698 der
1339 4643 1469 4698 Urkeade
1491 4660 1545 4699 eea
1563 4648 1631 4700 1291
1649 4644 1691 4698 be·

391 4731 475 4797 findet
492 4731 550 4786 sich
567 4731 759 4786 cbeadoaelbat.

444 4835 555 4890 Druck:
574 4835 660 4903 chtr
680 4834 770 4891 Codex
792 4836 965 4903 171,1,105.
996 4833 1148 4888 Eadla'clacr
1165 4832 1290 4888 Monam.
1308 4834 1417 4903 Arped.
1438 4838 1498 4889 621.
1532 4833 1646 4889 Tmteelt
1663 4849 1691 4888 a.

393 4920 554 4976 Firnbcber
565 4921 636 4976 Sica.
655 4923 736 4977 Urlch.
756 4923 782 4989 Ι,
801 4927 859 4977 173.
878 4921 971 4975 ratae
987 4920 1138 4974 Olcleedttdr
1150 4919 1176 4988 Ι,
1193 4924 1237 4974 98.
1256 4919 1440 4975 Deamioaa
1451 4920 1619 4974 Documento
1630 4922 1691 4974 590.

218 5084 255 5138 40
445 5080 591 5144 Andreas
614 5081 665 5145 dei
688 5081 788 5164 gratia
802 5079 995 5163 Hungariae,
1018 5076 1202 5160 Dalmatiae,
1226 5078 1378 5161 Oroatiae,
1400 5077 1528 5161 Ramae,
1551 5077 1690 5161 Servius,

290 5180 447 5265 Galliciae,
469 5182 684 5265 Indomeriae,
707 5183 880 5247 Oumaniae
895 5182 1129 5266 Bulgariaeque
1151 5200 1210 5245 rex
1233 5182 1382 5246 omnibus
1405 5181 1519 5246 Christi
1542 5179 1690 5246 fidelibus

289 5292 487 5368 praesentem
509 5288 655 5371 paginam
671 5287 862 5371 inspecturis
877 5286 1013 5350 salutem
1034 5286 1068 5348 in
1084 5286 1229 5350 omnium
1249 5286 1414 5351 salvatore.
1444 5285 1575 5369 Regiam
1599 5287 1690 5352 decet

445 5425 466 5491 ¹)
483 5423 576 5478 Raram
593 5423 644 5490 fer
661 5424 689 5477 A
706 5422 760 5477 lm
776 5422 908 5491 palaestra.

443 5509 465 5578 2)
487 5508 619 5579 Vorlape:
637 5508 795 5563 confluentis
812 5511 840 5562 et
857 5507 1024 5578 confirmatis,
1041 5505 1208 5562 includentis.
