4048 6284
974 556 1129 651 ge—

499 742 664 806 Honorius
686 742 854 825 episcopus
870 793 968 807 .....
986 745 1158 809 vonerabili
1181 744 1334 807 fratri..
1365 743 1386 821 ¹)
1414 745 1648 827 archiepiscopo
1671 743 1749 807 Stri-

344 844 489 927 goniensi
522 846 657 910 salutem
673 894 772 909 .....
788 845 880 923 Quod
916 848 1021 912 dilecti
1063 848 1118 912 filii
1164 894 1171 910 .
1196 892 1204 909 .
1249 850 1399 931 magister
1430 853 1463 912 et
1492 848 1605 911 fratres
1636 848 1750 911 domus

345 956 472 1013 sanctae
494 950 613 1015 Mariae
633 951 898 1015 Theotonicorum
922 956 1038 1014 terram
1061 952 1146 1015 Boze
1168 959 1201 1016 et
1223 952 1307 1015 ultra
1329 958 1453 1015 montes
1476 952 1599 1014 nivium
1622 957 1751 1035 propter

344 1073 541 1137 paganorum
563 1055 704 1119 insultus
726 1061 848 1118 vastam
871 1074 975 1136 usque
998 1056 1037 1118 ad
1058 1056 1206 1139 proxima
1228 1063 1370 1139 tempora
1392 1062 1424 1119 et
1446 1056 1603 1119 desertam
1624 1056 1751 1119 noviter

344 1157 520 1223 inhabitare
542 1165 705 1243 ceperunt,
727 1159 869 1242 ipsorum
899 1179 1096 1241 paganorum
1118 1161 1240 1243 impetu
1263 1180 1326 1222 uon
1354 1160 1422 1222 sine
1445 1158 1545 1221 multo
1569 1158 1749 1222 discrimine
1785 1167 1801 1218 5

344 1261 513 1343 refrenato,
536 1264 581 1327 eis
603 1264 643 1327 ad
667 1264 823 1344 meritum,
851 1262 943 1326 nobis
965 1263 1004 1326 ad
1027 1264 1179 1346 gaudium
1202 1270 1234 1327 et
1257 1264 1314 1326 toti
1337 1262 1454 1346 populo
1478 1261 1655 1325 Christiano
1678 1282 1750 1344 pro-

345 1354 435 1426 venit
449 1364 489 1427 ad
504 1365 691 1447 profectum,
713 1374 843 1451 propter
859 1368 946 1448 quod
960 1368 1021 1450 ipsi
1036 1368 1149 1432 fratres
1164 1374 1197 1431 et
1212 1365 1439 1430 inhabitatores
1454 1371 1556 1429 terrae
1573 1366 1750 1449 praedictae

345 1486 410 1529 non
441 1473 518 1531 sunt
546 1468 721 1534 lacessendi
750 1471 885 1551 iniuriis,
914 1471 969 1535 sed
992 1469 1154 1535 beneficiis
1183 1469 1383 1549 confovendi
1416 1476 1575 1551 quatenus
1597 1489 1750 1534 numerus

344 1569 487 1635 fidelium
502 1578 618 1636 terram
632 1573 734 1657 ipsam
748 1575 994 1638 inhabitantium
1017 1575 1056 1637 ad
1073 1594 1269 1657 paganorum
1289 1579 1443 1637 terrorem
1458 1579 1491 1637 et
1506 1573 1750 1638 Christianitatis

345 1674 523 1739 subsidium
545 1676 679 1742 feliciter
706 1684 868 1761 augeatur.
903 1678 983 1742 Gurn
1006 1685 1114 1742 autem
1137 1686 1222 1742 terra
1247 1678 1316 1761 ipsa
1337 1678 1514 1743 secundum
1536 1677 1750 1761 indulgentias
1788 1682 1820 1736 10

345 1778 438 1843 dictis
459 1777 611 1844 iratribus
633 1782 672 1846 ab
688 1783 861 1866 apostolica
883 1783 957 1847 sede
974 1802 1140 1846 concessas
1163 1781 1288 1845 nullum
1303 1788 1429 1865 praeter
1444 1781 1624 1845 Romanum
1646 1782 1751 1866 ponti-

345 1880 437 1946 ficem
459 1883 642 1968 episcopum
658 1886 772 1949 habeat
794 1887 845 1949 vel
860 1886 1045 1971 praelatum,
1067 1886 1257 1949 venerabilis
1271 1886 1369 1949 frater
1391 1892 1499 1950 noster
1543 1930 1551 1947 .
1575 1931 1584 1947 .
1631 1884 1653 1961 ²)
1669 1886 1751 1969 epis·

346 2004 446 2070 copus
461 1986 706 2071 Uitrasilvanus,
729 1991 813 2053 sicut
831 2009 941 2053 eorum
964 1988 1057 2053 nobis
1079 1990 1266 2072 conquestio
1289 1990 1446 2073 patefecit,
1468 1990 1500 2053 in
1524 2009 1562 2053 ea
1583 1990 1643 2053 sibi
1657 1991 1751 2055 iuris·

346 2090 517 2154 dictionem
531 2093 705 2156 indebitam
719 2112 875 2177 usurpare
885 2094 1096 2175 contendens,
1119 2094 1324 2177 presbyteros
1339 2100 1371 2158 et
1386 2094 1518 2158 clericos
1532 2094 1634 2177 ipsius
1648 2101 1750 2158 terrae

346 2193 385 2255 ad
409 2196 564 2275 synodam
586 2202 675 2260 tuam
698 2217 793 2261 vocas
816 2204 847 2261 et
870 2205 934 2260 tarn
956 2198 995 2260 ab
1020 2198 1074 2275 eis,
1101 2217 1198 2280 quam
1220 2218 1240 2261 a
1260 2197 1349 2277 laicis
1371 2198 1509 2261 decimas
1532 2204 1564 2261 et
1585 2197 1647 2260 alia
1668 2198 1750 2280 epis-
1787 2203 1819 2255 15

345 2297 467 2380 copalia
488 2300 560 2363 iura
589 2301 699 2365 niteris
728 2306 932 2382 extorquere,
963 2301 1083 2383 ineos,
1114 2302 1141 2365 si
1164 2308 1238 2365 tuae
1267 2321 1332 2364 non
1363 2301 1561 2364 satisfaciunt
1583 2301 1750 2381 voluntati,

345 2400 505 2466 interdicti
534 2409 567 2467 et
593 2404 932 2468 excommunicationis
960 2405 1134 2468 sententias
1160 2405 1200 2468 de
1227 2406 1320 2484 facto,
1349 2423 1423 2467 curn
1446 2403 1485 2467 de
1507 2403 1577 2466 iure
1601 2421 1750 2484 nequeas,

345 2505 544 2587 proferende.
567 2507 598 2570 N
599 2507 721 2571 olentes
741 2508 840 2591 igitur
855 2508 1058 2590 aliquatenus
1080 2509 1237 2572 sustinere
1254 2508 1341 2589 quod
1362 2508 1458 2570 iidem
1481 2506 1594 2570 fratres
1611 2506 1750 2570 indebite

345 2609 531 2690 praesertim
561 2617 673 2674 contra
701 2620 826 2676 nosuas
850 2612 1066 2695 indulgentias
1095 2612 1314 2691 molestentur,
1343 2610 1426 2673 dicto
1449 2611 1596 2694 episcopo
1619 2609 1752 2674 firmiter

346 2711 492 2776 dedimus
513 2713 547 2776 in
569 2716 753 2799 praeceptis,
783 2724 821 2779 ut
842 2717 870 2779 si
893 2735 973 2798 quas
995 2717 1077 2780 forte
1100 2716 1140 2779 de
1169 2716 1252 2779 facto
1275 2716 1309 2778 in
1331 2714 1462 2778 clericos
1488 2714 1540 2777 rel
1562 2713 1641 2777 alios
1663 2713 1750 2776 habi·
1785 2719 1820 2773 20

346 2821 464 2880 totores
486 2817 587 2899 ipsius
610 2825 712 2883 terrae
734 2821 909 2884 sententias
930 2821 1100 2904 protulisti,
1123 2839 1176 2883 eas
1198 2820 1238 2883 de
1260 2820 1344 2881 facto
1363 2838 1492 2900 quoque
1515 2837 1580 2881 non
1603 2817 1751 2881 differens

344 2938 504 3003 revocare,
534 2922 573 2985 ab
604 2942 715 2987 eorum
745 2925 928 3007 gravamine
959 2924 1064 2988 taliter
1092 2925 1309 3007 conquiescas,
1341 2924 1427 3004 qnod
1457 2942 1516 2986 nec
1544 2923 1605 3005 ipsi
1633 2922 1750 2985 iustam

345 3023 482 3088 habeant
509 3027 674 3090 materiam
711 3023 929 3110 oonq'nerendi
959 3047 1018 3091 nec
1043 3047 1103 3091 nos
1134 3027 1190 3091 tibi
1213 3027 1325 3090 durius
1355 3027 1492 3090 scribere
1515 3025 1750 3108 compellamur.

346 3125 497 3203 Quicum
520 3130 648 3193 domum
673 3133 848 3195 eorundem
870 3133 1004 3195 fratrum
1027 3132 1073 3195 sic
1095 3150 1167 3194 rore
1182 3136 1309 3193 nostrae
1331 3131 1451 3212 gratim
1473 3129 1691 3212 rigaverimus,
1714 3135 1751 3191 ut

346 3250 416 3295 eam
439 3229 479 3296 de
500 3234 612 3297 humili
635 3242 720 3299 statu
743 3236 781 3299 ad
805 3238 905 3300 altum
928 3242 1070 3319 tempore
1089 3240 1198 3298 nostro
1220 3240 1403 3317 provectam
1424 3232 1652 3316 plantationem
1676 3251 1750 3296 nos·
1785 3236 1818 3291 25

345 3341 425 3399 tram
448 3355 512 3399 non
535 3337 710 3422 incongrue
732 3340 890 3423 appellare
905 3340 1073 3423 possimus
1095 3338 1181 3402 illam
1196 3357 1235 3401 ea
1248 3338 1469 3420 praerogativa
1488 3336 1649 3420 diligimus
1670 3336 1749 3400 cari-

345 3440 428 3520 tatis,
444 3441 531 3522 quod
546 3443 615 3505 eius
630 3443 761 3525 indigna
774 3443 960 3525 gravamina
970 3462 1036 3506 non
1047 3461 1213 3527 possemus
1229 3443 1262 3504 in
1277 3441 1430 3525 patientia
1444 3441 1587 3504 tolerare.
1606 3440 1749 3523 Ideoque

344 3543 533 3608 fraternitati
549 3552 623 3610 tuae
645 3564 702 3628 per
724 3546 896 3630 apostolica
918 3548 1035 3630 scripta
1049 3547 1245 3626 mandamus,
1269 3551 1438 3627 quatenus
1460 3545 1521 3609 nisi
1542 3545 1646 3610 dictis
1667 3546 1749 3628 epis-

345 3668 444 3731 copus
469 3649 563 3712 iuxta
587 3650 773 3713 mandatum
802 3657 948 3714 nostrum
970 3652 1131 3714 curaverit
1160 3669 1311 3714 revocare
1341 3650 1523 3729 sententias,
1555 3650 1581 3711 si
1605 3669 1685 3730 quas
1715 3649 1749 3711 in

343 3771 436 3835 saepe
452 3753 553 3818 dictos
568 3754 689 3817 incolas
710 3754 932 3837 promulgarit,
957 3762 993 3817 tu
1007 3754 1086 3833 illas,
1110 3761 1272 3835 tamquam
1288 3773 1388 3817 anon
1404 3774 1462 3817 suo
1480 3753 1584 3817 indice
1607 3752 1748 3835 promul·
1783 3757 1817 3811 30

344 3861 441 3938 gatae,
457 3856 631 3921 denuncias
646 3857 751 3921 nullas
762 3877 840 3921 esse.
863 3856 982 3921 Datum
992 3856 1148 3937 laterani,
1164 3857 1275 3920 Idibus
1284 3856 1305 3933 ⁸)
1321 3855 1514 3936 Decembris,
1530 3876 1615 3920 anno
1627 3863 1749 3919 octavo.

1012 4150 1078 4232 38.

421 4316 527 4385 1223
553 4314 640 4385 nacla
664 4313 853 4386 November
873 4316 935 4385 30.
964 4314 1082 4404 Ko'nip
1101 4312 1261 4385 Aadreos
1285 4311 1339 4381 Π.
1369 4311 1527 4401 bestdtipt
1554 4312 1612 4383 des
1634 4310 1749 4382 Geiet

345 4436 455 4508 liabeo
485 4434 666 4507 Gocclioas
693 4433 896 4525 &mutuam
922 4457 986 4507 voa
1011 4433 1241 4525 Michelrberp
1268 4456 1315 4504 aa
1342 4433 1397 4503 die
1424 4432 1526 4503 Abtei
1552 4431 1656 4502 Kera.

501 4597 702 4667 stapedibus
714 4614 767 4650 voa
785 4596 879 4666 Kdoip
897 4597 1049 4667 Ludwipl.
1068 4602 1144 4663 1359,
1159 4596 1236 4665 Orio.
1255 4596 1434 4650 Hermotimi.
1454 4595 1563 4649 Arabio.
1574 4594 1673 4648 —Die
1696 4593 1746 4648 Ur·
1783 4595 1816 4648 35

448 4685 537 4739 tunde
555 4685 592 4737 ist
609 4684 703 4751 feraci·
720 4684 909 4752 einpesctatret
927 4702 980 4738 voa
992 4686 1052 4738 dem
1070 4684 1293 4752 Weisaeabarpar
1306 4681 1421 4751 Kapitei
1440 4685 1515 4746 1449,
1534 4680 1612 4733 dana
1624 4696 1677 4733 coa
1689 4680 1749 4733 dem

448 4774 540 4828 Jadea
557 4772 651 4826 carior
664 4771 819 4825 Lodisloae
838 4776 914 4837 1469,
935 4770 1011 4840 Orip.
1031 4773 1111 4840 Perp.
1130 4770 1241 4824 ebrado.
1263 4768 1407 4834 Aberitrift
1425 4784 1478 4821 voa
1497 4766 1605 4820 Loreaz
1622 4764 1746 4819 Weidro

447 4860 576 4926 scideris
588 4859 684 4912 deseca
696 4857 876 4926 Moauekrt'pt
889 4863 912 4911 1.
933 4858 1092 4912 Foliobaad
1112 4863 1135 4911 1.
1153 4857 1228 4911 lircil
1246 4857 1283 4908 im
1296 4853 1558 4908 Brateatbol’sriua
1575 4851 1702 4905 Marcum
1712 4868 1749 4905 aa

449 4945 677 4999 Hermonasfodt.
691 4975 724 4982 —
738 4943 802 4996 Dua
814 4943 945 5013 Oripiaai
959 4962 1010 4998 voa
1023 4948 1099 5009 1223,
1115 4944 1216 4997 eiamai
1228 4941 1357 4997 oiclieicbt
1367 4940 1398 4992 iu
1408 4940 1512 4993 Heliou
1521 4954 1646 5007 pewesea,
1663 4937 1749 5003 r'ejer

451 5031 541 5087 Codex
554 5030 616 5096 VII,
627 5034 650 5097 1,
660 5034 720 5095 215,
731 5030 833 5096 hescad
842 5030 898 5084 sict
912 5030 1010 5096 [ratim
1022 5030 1053 5082 io
1063 5028 1250 5097 Mirbelsbery,
1262 5027 1373 5081 Teafscb
1383 5044 1408 5079 ιι.
1418 5023 1654 5079 FirnboberSieb.
1666 5023 1748 5078 Urio.
1783 5025 1819 5079 40

448 5117 507 5183 LS.
520 5117 581 5170 XX
587 5117 619 5182 V,
630 5117 707 5170 beate
717 5116 754 5169 ist
763 5117 885 5169 daseeibe
898 5115 1067 5171 cersoliollea.
1086 5114 1149 5168 Das
1157 5114 1245 5184 Siepel
1257 5113 1339 5179 ruod,
1357 5111 1552 5165 Durcbmasoer
1559 5114 1619 5164 10·3
1628 5110 1749 5177 Centim,

502 5260 522 5322 ¹)
544 5256 669 5310 Nomos.

500 5346 522 5409 ¹)
541 5342 716 5411 Royaoldae.

501 5432 523 5498 ⁸)
547 5428 679 5499 Vorlope:
696 5429 767 5483 idus.
