4088 6292
198 776 302 845 Excep-

176 855 262 909 tiones
273 871 316 908 oa·

207 933 290 1003 pituli.

296 1609 317 1663 1.

285 3893 320 3947 Π.

273 4930 322 4984 ΠΙ.

969 579 1124 674 *646-

499 769 613 834 Coram
635 768 728 831 vobis
750 769 924 833 venerabili
945 768 1015 831 viro
1038 768 1167 833 domino
1189 767 1335 852 Philippo
1358 767 1398 831 de
1417 766 1569 832 Sardiuea
1594 767 1747 831 canonico

344 873 520 938 Arborensi
543 872 688 936 auditore
702 874 842 955 generali
858 872 1047 937 venerabilia
1062 873 1161 956 patris
1180 872 1300 936 domini
1323 872 1429 936 fratris
1445 871 1580 936 Gentilis
1595 876 1628 935 61
1643 878 1748 935 cetera

344 982 377 1042 et
405 978 438 1039 in
469 976 699 1060 infrascripta
728 996 824 1040 causa
854 977 1032 1061 specialiter
1061 978 1211 1060 deputato
1244 977 1410 1059 Philippus
1441 976 1480 1039 de
1510 975 1646 1059 Cingulo
1674 996 1747 1059 pro·

345 1087 474 1145 curator
495 1080 689 1144 substitutus
713 1079 912 1144 dominorum
937 1082 1161 1144 canonicorum
1186 1088 1218 1145 61
1240 1081 1370 1163 capituli
1391 1080 1581 1144 venerabilis
1597 1080 1746 1144 ecclesiae

344 1185 494 1249 Albensis
515 1183 758 1247 Transsiluanae
788 1189 900 1247 contra
926 1191 1149 1267 procuratores
1179 1204 1237 1249 seu
1267 1191 1506 1268 procuratorem
1529 1184 1746 1268 plebanorum,
1783 1193 1800 1242 5

344 1287 606 1372 presbyterorum
640 1292 672 1350 61
701 1289 947 1352 universitatum
978 1288 1120 1352 ciusdem
1148 1289 1298 1353 Albensis
1327 1288 1570 1352 Transsiluanae
1604 1287 1747 1367 diocesis,

344 1410 418 1455 cum
442 1391 560 1473 quibus
582 1410 689 1454 coram
703 1392 795 1455 robis
817 1399 866 1456 est
887 1393 920 1455 in
937 1413 1041 1471 causa,
1064 1399 1096 1457 61
1118 1393 1291 1475 scripturas
1312 1412 1369 1476 per
1390 1393 1495 1476 ipsum
1510 1397 1748 1476 procuratorem

345 1495 415 1559 loco
438 1495 661 1579 probationum
685 1496 856 1579 productas
879 1497 1083 1579 exceptiones
1106 1497 1160 1559 dat
1183 1504 1215 1559 et
1237 1496 1367 1559 exhibet
1388 1496 1471 1558 inira
1494 1497 1634 1579 scriptas.

500 1599 659 1683 Imprimis
674 1599 862 1683 excipiendo
879 1599 954 1662 dicit
965 1599 1132 1683 Philippus
1147 1606 1335 1684 procurator
1349 1600 1543 1664 substitutus
1556 1600 1745 1684 praedictae,

346 1703 433 1786 quod
455 1704 566 1768 literae
588 1723 646 1788 per
660 1705 781 1768 dictum
796 1710 1034 1788 procuratorem
1050 1705 1148 1787 partis
1163 1706 1315 1769 adversae
1330 1712 1404 1769 ante
1419 1704 1548 1768 testium
1565 1710 1745 1786 aperturam
1786 1709 1819 1761 10

343 1807 526 1892 productae,
549 1827 631 1890 quae
647 1809 692 1871 sic
710 1809 884 1892 incipiunt:
909 1807 939 1871 N
940 1827 976 1871 os
992 1807 1211 1888 Gomboliuus,
1233 1809 1385 1873 Nicolaus
1401 1808 1532 1871 comites
1549 1805 1747 1870 Oibinienses

345 1916 443 1994 atque
465 1912 658 1975 universitas
681 1912 824 1976 eiusdem
846 1912 958 1975 harum
982 1912 1064 1975 serie
1083 1911 1247 1977 literarum
1271 1912 1528 1995 recognoscimus
1552 1910 1669 1992 quibus
1691 1929 1748 1973 ex·

345 2015 433 2100 pedit
447 2016 616 2097 universis,
631 2016 665 2078 in
680 2017 802 2080 animas
821 2020 946 2079 nostras
961 2021 1175 2100 protestantes
1193 2022 1225 2080 61
1240 2023 1353 2097 cetera,
1370 2015 1456 2098 quod
1472 2015 1597 2079 nullum
1611 2014 1748 2098 probant

346 2120 606 2203 impedimentum
637 2140 697 2184 nec
719 2120 859 2202 aliquam
880 2119 975 2184 fidem
998 2121 1129 2202 faciunt,
1158 2122 1197 2185 de
1220 2121 1327 2203 aliquo
1350 2121 1490 2203 legitimo
1513 2119 1749 2203 impedimento,

346 2224 402 2289 sed
417 2225 501 2288 sicut
515 2224 548 2286 in
570 2223 635 2288 fine
657 2224 798 2308 ipsarum
820 2225 984 2288 literarum
1007 2226 1199 2307 continetur,
1221 2227 1280 2309 ipsi
1300 2226 1420 2305 dicunt,
1443 2224 1563 2287 dictum
1579 2222 1747 2286 vaivodam
1785 2231 1817 2282 15

346 2348 413 2392 non
441 2334 618 2412 praestasse
647 2329 681 2390 in
704 2329 873 2412 praedictis
895 2329 1025 2410 aliquod
1055 2330 1324 2413 impedimentum.
1359 2329 1400 2391 Et
1429 2328 1528 2403 esto¹)
1559 2327 1628 2390 sine
1659 2345 1749 2410 prae·

347 2432 464 2495 iudicio
488 2432 575 2512 quod
598 2431 658 2515 ipsi
681 2433 813 2495 comites
835 2439 867 2495 et
889 2434 1082 2497 universitas
1112 2434 1255 2497 dicerent
1276 2440 1308 2497 61
1330 2432 1534 2505 affirmarent
1557 2431 1628 2494 iilos
1651 2431 1748 2493 tuisse

346 2536 523 2619 impeditos,
549 2554 660 2600 eorum
684 2536 804 2599 dictum
826 2537 859 2598 iu
884 2537 941 2599 hac
964 2542 1053 2621 parte
1079 2538 1200 2600 nullam
1224 2537 1319 2600 fidem
1349 2537 1479 2615 faciunt,
1510 2535 1586 2616 quia
1615 2553 1653 2597 ea
1683 2553 1747 2595 non

346 2640 500 2703 dixerunt
523 2658 581 2703 seu
596 2638 809 2704 testificarunt
823 2642 972 2706 mandato
988 2642 1102 2705 iudicis
1117 2662 1175 2706 seu
1190 2642 1372 2725 superioria,
1394 2641 1451 2704 sed
1467 2639 1646 2703 voluntarie
1669 2637 1748 2701 illud

346 2743 466 2825 dicunt
489 2750 522 2808 61
543 2743 740 2823 6166116166,
764 2745 850 2826 quod
866 2765 958 2828 prece
974 2745 1026 2809 661
1041 2745 1190 2828 precibus
1209 2744 1289 2808 illud
1312 2746 1430 2808 dicunt
1454 2744 1498 2807 At
1514 2750 1619 2807 tamen
1635 2761 1746 2806 eorum
1783 2748 1817 2801 ‘20

347 2847 467 2911 dictum
482 2847 605 2912 tollitur
619 2867 677 2931 per
690 2848 798 2911 literas
814 2850 955 2913 ciusdem
972 2849 1126 2913 vaivodae
1149 2849 1289 2932 praefato
1306 2849 1434 2912 domiuo
1450 2848 1553 2929 legato
1566 2846 1749 2927 desdnatas,

349 2953 404 3033 qui
420 2952 496 3016 dicit
510 2959 543 3015 61
557 2951 702 3032 affirmat,
725 2952 850 3015 nullum
867 2954 986 3017 eisdem
1009 2973 1068 3017 nec
1091 2953 1160 3016 aliis
1183 2953 1222 3015 ad
1246 2954 1366 3016 curiam
1389 2952 1489 3036 ipsius
1513 2951 1631 3015 domini
1654 2949 1749 3032 legati

347 3056 497 3120 accedere
513 3055 695 3119 volentibus
717 3056 980 3139 impedimentum
994 3064 1171 3141 praestasse
1197 3076 1255 3120 666
1278 3057 1431 3140 praestari
1453 3056 1574 3135 fecisse,
1605 3061 1637 3119 61
1661 3054 1747 3136 quod

347 3177 405 3243 per
433 3160 502 3223 eius
524 3159 697 3242 potentiam
728 3165 761 3222 et
783 3166 946 3224 terrenum
969 3161 1056 3243 riget
1077 3161 1184 3225 cultus
1206 3162 1300 3243 pacis.
1334 3160 1470 3244 Insuper
1497 3160 1591 3223 iidem
1622 3157 1748 3241 plebani

348 3262 456 3344 etalii,
479 3264 562 3326 sicut
584 3261 714 3325 16616616
737 3262 907 3326 Hernicum
930 3264 970 3326 (16
986 3264 1097 3327 ordine
1113 3265 1371 3328 Praedicatorum
1393 3265 1549 3327 miserunt
1572 3263 1612 3325 ad
1627 3263 1748 3326 curiam
1784 3266 1817 3318 ‘25

348 3365 388 3430 ad
410 3366 631 3431 excusandum
646 3365 784 3445 eosdem,
806 3367 850 3430 ita
873 3373 904 3430 et
926 3387 983 3450 pcr
1005 3369 1192 3432 eumalium
1215 3369 1255 3432 de
1277 3369 1367 3432 curia
1388 3368 1489 3451 ipsius
1511 3366 1632 3429 domini
1653 3366 1748 3449 legati

348 3470 400 3535 661
415 3470 455 3534 (16
470 3470 563 3534 Buda
576 3478 815 3554 procuratorem
830 3471 1036 3555 principalem
1053 3473 1105 3536 661
1121 3473 1329 3537 substitutum
1345 3473 1539 3535 constituere
1556 3478 1588 3535 61
1603 3471 1749 3534 ordinare

347 3579 532 3659 potuerunt
555 3582 587 3637 et
609 3593 666 3657 per
687 3575 791 3658 ipsum
814 3575 945 3638 tratrem
967 3574 1136 3639 Herricum
1159 3576 1210 3639 661
1234 3576 1332 3639 alium
1353 3576 1461 3639 literas
1484 3581 1515 3639 61
1536 3576 1750 3639 instrumenta

348 3697 459 3742 eorum
482 3678 650 3759 destinare,
674 3678 761 3759 quod
783 3679 843 3762 ipsi
859 3685 1020 3759 tamquam
1042 3678 1099 3741 filii
1115 3679 1252 3743 malitiae
1275 3686 1307 3743 61
1321 3679 1536 3761 subtertugias
1559 3685 1749 3760 quaerentes

348 3781 451 3845 iacere
474 3786 689 3845 cessaverunt
1784 3785 1820 3838 30

503 3884 584 3948 Item
599 3890 711 3948 contra
725 3886 898 3969 scripturas
913 3892 945 3949 61
966 3888 1184 3950 6116616116666
1199 3887 1371 3970 productas
1394 3892 1426 3950 61
1441 3892 1566 3969 apertas
1580 3887 1615 3948 ln
1630 3886 1748 3950 iudIcio

347 3988 535 4072 excipiendo
552 3988 627 4052 dicit
641 3990 822 4073 praedictus
837 3989 1003 4074 Philippus
1026 3991 1154 4054 nomine
1171 4009 1234 4072 quo
1253 4010 1358 4073 supra,
1382 3990 1468 4071 quod
1484 3989 1603 4052 dictum
1619 3988 1748 4070 Syffridi

347 4092 463 4177 prioris
492 4093 531 4156 de
554 4092 694 4156 (landela
723 4094 812 4156 testis
842 4113 906 4156 non
935 4095 1031 4157 iurati
1062 4094 1187 4158 nullum
1217 4099 1347 4158 estnec
1369 4093 1508 4175 aliquam
1538 4092 1634 4157 fidem
1665 4095 1748 4173 iacit

348 4215 421 4261 cum
444 4196 614 4279 singularis
637 4197 678 4259 sit
700 4196 732 4258 in
756 4198 839 4260 dicto
855 4216 924 4277 suo,
947 4204 979 4261 61
995 4197 1113 4261 dictum
1135 4199 1236 4280 ipsius
1252 4217 1371 4259 vanum
1395 4198 1436 4260 sit
1458 4204 1490 4260 et
1512 4197 1632 4260 nullam
1654 4196 1749 4261 fidem

348 4299 467 4364 faciens
482 4319 539 4363 seu
556 4299 775 4383 probationem
799 4300 1026 4384 impedimenti,
1049 4320 1122 4363 nam
1146 4321 1209 4363 non
1234 4301 1318 4371 dicit
1343 4319 1442 4381 quare
1464 4307 1497 4363 61
1519 4319 1583 4381 qua
1600 4301 1639 4364 de
1654 4321 1751 4365 causa
1785 4304 1819 4358 35

348 4408 574 4467 testamentum
590 4403 695 4466 dictus
710 4404 858 4467 dominus
871 4403 1042 4467 Bertoldus
1058 4411 1246 4488 procurator
1260 4405 1335 4468 iecit
1350 4411 1382 4468 61
1399 4404 1515 4485 quibus
1530 4404 1751 4487 praesentibus

349 4513 381 4571 et
396 4526 460 4589 quo
476 4526 587 4572 mense
609 4525 666 4570 seu
690 4506 749 4585 (116,
773 4512 805 4570 61
827 4508 854 4570 61
876 4515 1005 4591 propter
1027 4507 1243 4573 infirmitatem
1267 4508 1319 4572 661
1341 4514 1471 4592 propter
1485 4508 1554 4571 alia
1583 4508 1650 4572 Nec
1666 4509 1751 4589 dicit

348 4612 382 4675 in
412 4630 477 4693 qua
504 4611 558 4674 via
578 4611 702 4694 positus
734 4615 802 4674 erat
824 4610 928 4674 dictus
954 4612 1103 4674 dominus
1124 4610 1296 4676 Bertoldus
1324 4618 1513 4696 procurator
1541 4617 1574 4675 et
1603 4612 1643 4674 ad
1674 4612 1751 4694 quid

349 4721 418 4780 erat
438 4715 473 4778 in
495 4715 579 4778 dicta
601 4714 653 4776 616
674 4714 806 4797 positus,
834 4719 867 4778 et
888 4715 933 4778 616
959 4717 1029 4780 6166
1052 4716 1171 4779 dictum
1202 4716 1328 4779 nullum
1351 4716 1463 4799 probat
1480 4714 1749 4801 impedimentum

350 4819 384 4882 in
406 4818 583 4903 praedictis.
1784 4824 1819 4877 40

505 4922 586 4986 Item
609 4921 685 4984 dicit
707 4921 826 4985 dictum
849 4922 993 4986 Nicbolai
1016 4924 1139 4987 comitis
1160 4922 1338 4987 Salomonis
1361 4924 1578 5003 adolescentis,
1602 4926 1657 5006 qui
1682 4926 1750 4988 6166

350 5046 410 5091 666
431 5032 464 5090 61
485 5026 583 5110 patris
605 5026 656 5090 sui
677 5024 833 5109 deposuit
855 5026 963 5090 literas
978 5026 1098 5090 domini
1120 5027 1275 5090 vaivodae
1297 5046 1331 5090 se
1355 5027 1473 5090 vidisse
1495 5028 1750 5091 comminatorias

350 5134 462 5193 contra
490 5129 591 5194 dictos
620 5135 842 5214 procuratores
871 5130 1069 5211 6111666166,
1100 5129 1176 5193 (11611
1199 5130 1322 5194 nullum
1347 5151 1417 5195 esse
1443 5138 1476 5194 et
1504 5131 1624 5194 nullam
1654 5131 1750 5195 tidem

350 5233 454 5298 faeere
468 5234 503 5297 in
517 5253 614 5299 cansa
628 5234 796 5318 praedicta
819 5235 977 5318 cumipse
999 5235 1128 5299 nomine
1147 5234 1278 5299 alterius
1294 5235 1440 5319 deponat
1463 5255 1522 5299 nec
1538 5235 1630 5317 dicat
1654 5254 1750 5317 quam

507 5406 528 5472 ι)
550 5403 770 5474 66166616.
1308 5378 1311 5383 ’
1784 5404 1819 5457 aa
