4106 6294
998 572 1148 667 ffl-

369 762 471 826 sancti
499 760 628 825 Martini
657 761 691 824 in
714 761 878 826 Montibus
907 761 1088 846 presbyteri
1117 760 1295 843 cardinalia,
1329 755 1520 846 apostolicae
1550 761 1633 826 sedis
1664 761 1768 845 legati,

369 866 508 949 generali
538 866 691 947 auditore,
726 865 913 948 excipiendo
944 866 1014 929 dico
1049 886 1107 948 ego
1135 866 1301 949 Vagnolus
1331 866 1370 930 de
1401 864 1550 929 Meuania
1583 870 1770 950 procurator

370 970 563 1034 substitutus
586 990 606 1032 a
626 968 803 1033 reverendo
827 968 896 1030 viro
920 968 1048 1031 domino
1064 969 1219 1033 Bertuldo
1243 970 1363 1033 decano
1387 970 1426 1033 (10
1446 969 1549 1033 Sebus
1564 974 1770 1054 procuratore

370 1075 499 1159 capituli
521 1075 597 1137 dicti
620 1074 792 1138 decanatus
815 1073 854 1136 (10
877 1072 988 1155 Sabus,
1018 1079 1130 1136 contra
1150 1074 1336 1155 magistrum
1359 1073 1542 1157 Philippum
1572 1073 1612 1137 de
1634 1073 1769 1156 Cingulo

368 1185 607 1264 procuratorem
635 1176 844 1240 substitutum
875 1197 894 1239 a
922 1178 1098 1240 reverendo
1128 1178 1198 1240 viro
1229 1177 1358 1241 domiuo
1381 1176 1506 1259 Sancto,
1537 1178 1593 1259 qui
1627 1197 1662 1242 se
1693 1178 1770 1240 dicit
1804 1182 1821 1238 5

370 1285 608 1366 procuratorem
631 1280 782 1344 Albensis
804 1281 964 1351 ecclesiae,
988 1288 1020 1344 et
1042 1280 1186 1344 libellum
1209 1301 1266 1365 per
1288 1282 1409 1345 dictum
1432 1287 1672 1364 procuratorem
1696 1279 1771 1344 sub·

370 1387 519 1453 stitutum
550 1385 747 1469 propositum
778 1403 885 1448 coram
919 1384 1012 1448 vobis
1045 1390 1157 1448 contra
1190 1385 1309 1448 dictum
1344 1385 1500 1449 decanum
1533 1391 1773 1469 procuratorem

371 1491 446 1554 dicti
469 1490 600 1574 capituli
622 1489 661 1552 (10
685 1488 797 1571 Sebus,
829 1489 934 1572 ipsum
958 1490 1087 1570 quidem
1110 1490 1266 1553 decanum
1290 1494 1528 1572 procuratorem
1551 1488 1603 1552 vel
1624 1508 1676 1552 me
1698 1507 1783 1573 pro-⁹

371 1602 549 1659 curatorem
573 1593 783 1657 substitutum
806 1592 845 1655 ab
869 1613 906 1657 eo
930 1612 994 1656 nou
1019 1594 1134 1658 debere
1157 1613 1216 1657 nec
1238 1612 1332 1677 posse
1354 1594 1434 1676 cogi,
1460 1612 1568 1656 coram
1590 1592 1682 1656 vobis
1705 1611 1773 1657 res·

370 1699 512 1783 pondere
535 1699 618 1761 dicto
641 1697 748 1761 libello
772 1717 819 1777 ec,
844 1698 930 1779 quod
953 1698 1171 1779 agravamine
1193 1698 1280 1760 illato
1303 1702 1336 1760 01
1350 1696 1517 1760 inferendo
1533 1696 1617 1760 dicto
1633 1696 1772 1779 capitulo
1807 1702 1843 1757 10

372 1804 412 1867 de
434 1802 537 1867 Sabus
567 1821 586 1864 a
615 1802 699 1864 dicto
722 1802 862 1885 capItulo
884 1800 1035 1865 Albensis
1064 1802 1215 1865 ecclesiae
1246 1802 1331 1864 circa
1360 1801 1559 1864 exactionem
1590 1820 1709 1864 census
1739 1801 1774 1862 in

372 1907 456 1971 dicto
479 1905 586 1969 libello
609 1906 760 1988 contenti,
784 1924 848 1987 quo
871 1905 1048 1989 praefatum
1067 1905 1240 1988 capitulum
1256 1904 1407 1969 albensis
1430 1904 1581 1968 ecclesiae
1603 1903 1772 1986 spoliatum

373 2029 407 2077 se
429 2009 542 2075 asserit
563 2016 596 2072 et
617 2009 710 2073 cuius
732 2011 966 2074 restitutIouem
988 2010 1075 2094 petit,
1098 2010 1289 2092 generaliter
1311 2029 1407 2094 super
1424 2027 1628 2091 quacumque
1647 2013 1774 2072 contro-

372 2114 486 2195 versia,
509 2114 674 2178 occasione
697 2113 772 2177 dicti
794 2134 911 2178 census
934 2115 1017 2178 inter
1032 2113 1192 2197 praedicta
1213 2113 1352 2197 capitula
1367 2115 1534 2193 existente,
1557 2119 1606 2176 est
1628 2117 1774 2196 exparte

373 2218 448 2282 dicti
471 2217 601 2303 capituli
624 2218 663 2281 de
686 2217 788 2281 Sebus
810 2224 922 2281 contra
943 2219 1121 2302 praelatum
1144 2217 1319 2301 capitulum
1334 2218 1474 2282 Albense
1496 2217 1537 2281 ad
1559 2218 1667 2281 sedem
1682 2234 1774 2301 apos·
1810 2224 1843 2278 m

373 2322 499 2385 tolicam
529 2322 730 2406 appellatum
776 2321 864 2398 Quae
895 2322 1062 2406 appellatio
1094 2327 1142 2385 est
1173 2322 1212 2384 ab
1247 2321 1356 2385 eadem
1392 2322 1466 2385 sede
1496 2322 1634 2385 admissa
1663 2322 1774 2404 sicque

374 2426 484 2491 nullus
506 2426 638 2489 interior
659 2426 759 2490 iudex
782 2425 821 2489 (10
845 2426 1031 2507 quaestione
1054 2444 1151 2508 super
1167 2426 1251 2488 dicto
1267 2446 1344 2491 casu
1368 2426 1668 2508 quomodocumque
1689 2430 1776 2488 mota

374 2531 425 2597 vel
447 2530 606 2594 movenda
628 2549 662 2595 se
684 2531 898 2593 intromittere
918 2536 1030 2614 potest.

529 2634 727 2698 Praedictum
750 2635 972 2718 exceptionem
986 2654 1129 2720 propono
1146 2655 1204 2718 ego
1220 2634 1385 2717 Vagnolus
1400 2640 1588 2718 procurator
1602 2631 1774 2716 praelatus

375 2740 472 2804 salvis
494 2739 564 2803 aliis
586 2738 837 2822 exceptionibus
867 2738 894 2802 si
922 2738 1129 2822 expediverit
1159 2758 1218 2802 suo
1240 2737 1310 2801 loco
1334 2744 1366 2802 et
1388 2743 1529 2821 tempore
1552 2736 1774 2821 proponendis}
1810 2742 1845 2799 20

532 2841 602 2919 Qua
632 2843 820 2926 exceptione
850 2843 991 2907 exhibita
1021 2845 1127 2906 statim
1150 2845 1255 2907 (110100
1277 2843 1426 2906 dominus
1455 2842 1581 2906 auditor
1603 2841 1777 2925 assignavit

377 2948 548 3012 terminum
579 2946 663 3010 dicto
686 2947 837 3031 magistro
860 2947 1007 3030 Philippo
1038 2946 1078 3009 ad
1100 2947 1318 3030 recipIcndum
1341 2947 1464 3030 copiam
1487 2946 1526 3010 de
1549 2945 1659 3009 eadem
1682 2950 1714 3008 et
1735 2944 1776 3007 ad

375 3052 592 3137 replicandum
623 3057 735 3115 contra
764 3071 834 3115 earu
864 3051 890 3113 si
921 3051 1060 3114 voluerit
1090 3057 1122 3115 01
1145 3052 1290 3132 utrisque
1320 3050 1581 3134 procuratoribus
1604 3050 1644 3112 ad
1666 3067 1776 3133 proee-

376 3157 516 3221 dendum
539 3157 574 3219 10
596 3156 681 3219 dicta
701 3175 807 3233 causa,
830 3161 867 3219 01
889 3155 928 3219 (10
944 3156 1014 3219 1010
1036 3155 1141 3234 luerit,
1165 3156 1204 3218 ad
1225 3155 1309 3219 diem
1324 3154 1431 3218 Sabati
1453 3154 1600 3238 proxime
1621 3154 1776 3217 10101001

532 3258 592 3324 1110
613 3259 723 3323 Lunae
747 3236 835 3323 XIII.
859 3258 934 3322 dicti
956 3259 1075 3323 mensis
1097 3259 1207 3323 retulit
1222 3259 1347 3322 Zuccha
1370 3259 1509 3321 nuncius
1531 3258 1655 3321 iuratus
1674 3256 1775 3320 dictae
1811 3265 1846 3320 ‘25

379 3364 495 3445 curiae,
518 3364 688 3427 accitasse
711 3364 779 3427 heri
801 3364 841 3427 de
863 3363 1013 3427 mandato
1037 3363 1112 3426 dicti
1136 3363 1256 3426 domini
1279 3363 1434 3427 auditoris
1457 3362 1639 3446 Vagnolum
1662 3380 1777 3446 procu·

376 3473 514 3532 retorem
536 3466 744 3531 substitutum
768 3467 966 3552 praedictum
988 3467 1029 3530 ad
1051 3467 1234 3551 petitionem
1259 3469 1334 3531 dicti
1358 3468 1500 3551 magistri
1522 3467 1668 3550 Philippi,
1692 3466 1778 3548 quod

377 3571 471 3635 bodie
493 3572 527 3634 iu
550 3571 691 3654 vesperis
713 3572 839 3634 veniret
861 3571 901 3633 ad
923 3570 1159 3653 procedendum
1183 3571 1216 3633 in
1239 3571 1323 3634 dicta
1345 3591 1450 3651 causa,
1473 3578 1510 3635 01
1532 3571 1572 3635 (10
1593 3572 1664 3635 1010
1686 3576 1777 3636 esset

534 3674 656 3738 Eodem
679 3676 729 3739 (110
751 3674 861 3739 Lunae
889 3675 923 3736 in
945 3674 1087 3757 vesperis
1109 3675 1367 3757 comparentibus
1397 3675 1489 3738 dictis
1519 3675 1779 3758 procuratoribus

381 3779 551 3860 utriusque
573 3780 672 3862 partis
686 3780 719 3841 in
741 3777 859 3842 iudicio
875 3796 980 3841 coram
1004 3777 1132 3841 domino
1155 3777 1300 3841 auditore
1322 3777 1482 3861 praedicto
1505 3779 1608 3842 dictus
1630 3779 1779 3862 magister
1813 3785 1849 3840 ³0

379 3881 546 3966 Philippus
562 3882 660 3946 verbo
676 3881 858 3966 replicando
874 3889 986 3945 contra
1000 3881 1221 3964 exceptionem
1236 3881 1438 3964 praedictam,
1461 3882 1544 3946 dixit
1560 3883 1779 3966 exceptionem

378 3987 480 4069 ipsam
502 4005 568 4049 uon
590 3986 770 4070 procedere,
793 4004 852 4048 nec
874 3985 940 4048 litis
962 3985 1225 4048 contestationem
1246 3985 1400 4068 impedire
1423 3986 1463 4051 de
1490 3986 1568 4050 iure.
1605 3986 1688 4051 Nam
1711 3991 1778 4050 esto

379 4091 448 4155 sine
469 4090 663 4173 praeiudicio
688 4089 773 4172 quod
797 4088 991 4172 appellatum
1013 4095 1105 4171 essct,
1129 4090 1212 4152 sicut
1234 4089 1351 4152 (1101101
1373 4110 1439 4153 non
1461 4089 1573 4171 obstat,
1602 4090 1679 4172 quia
1700 4095 1778 4154 tem-

379 4214 456 4278 pora
477 4194 706 4278 appellationis,
728 4193 812 4255 inira
835 4211 917 4273 quac
938 4191 1048 4255 debuit
1070 4212 1166 4256 causa
1180 4193 1401 4277 appellationis
1423 4194 1535 4277 decidi,
1558 4199 1635 4257 sunt
1650 4195 1779 4257 omnino

380 4297 493 4382 elapsa.
531 4297 648 4379 Sicque
677 4298 805 4382 petebat
827 4316 901 4359 cum
922 4296 1073 4359 instantia
1094 4297 1223 4379 procedi
1250 4298 1289 4360 ad
1312 4297 1376 4361 litis
1398 4298 1660 4361 contestationem
1683 4316 1780 4381 super
1814 4304 1847 4357 et

380 4400 463 4468 dioto
486 4400 603 4483 libello,
625 4402 813 4484 exceptione
836 4400 997 4483 praedicta
1005 4400 1026 4475 ¹)
1050 4401 1195 4483 opposita
1217 4405 1379 4482 tamquam
1399 4401 1515 4464 frivola
1536 4420 1601 4463 nou
1625 4400 1779 4465 obstante.

381 4503 443 4580 Qui
473 4506 622 4589 magister
650 4504 817 4588 Philippus
849 4504 1064 4585 iuterrogatus
1098 4522 1155 4586 per
1185 4503 1313 4567 dictum.
1334 4504 1499 4568 dominum
1533 4504 1719 4585 auditorem,
1753 4504 1780 4568 si

381 4608 477 4673 vellet
505 4607 658 4692 replicare
687 4609 722 4670 in
751 4607 885 4691 scriptis,
918 4607 1082 4690 respondit
1111 4614 1143 4671 et
1172 4607 1263 4689 dixit,
1286 4608 1373 4690 quod
1395 4628 1469 4671 non.
1506 4608 1548 4672 Et
1569 4608 1780 4673 incontinenti

381 4711 485 4777 dictus
515 4711 664 4776 dominus
693 4712 821 4775 auditor
846 4711 1019 4793 assignavit
1049 4712 1221 4774 terminum
1242 4713 1388 4795 utrisque
1409 4713 1669 4796 procuratoribus
1690 4731 1781 4796 prae·

382 4816 474 4880 dictis
496 4817 537 4879 ad
559 4815 643 4880 diem
662 4815 811 4879 Mercurii
834 4815 867 4877 iu
891 4815 1034 4898 vesperis
1066 4816 1210 4898 proxime
1233 4816 1379 4880 futurum
1401 4816 1442 4879 ad
1463 4816 1664 4900 allegandum
1689 4816 1781 4898 quid·
1815 4820 1849 4877 40

382 4920 460 5001 quid
493 4920 655 4984 voluerint
684 4938 781 5002 super
810 4917 978 5002 praedictis
1008 4918 1081 4981 hinc
1112 4919 1194 5001 inde,
1226 4927 1258 4982 et
1287 4920 1364 4983 alias
1393 4921 1427 4982 in
1458 4921 1543 4984 dicta
1564 4940 1660 4983 causa
1682 4926 1721 4983 ut
1742 4920 1781 4983 de

381 5023 452 5088 iure
474 5024 571 5088 fuerit
592 5023 837 5107 procedendum.
877 5103 888 5124 ο

537 5126 597 5192 Die
612 5127 771 5211 Mercurii,
793 5127 917 5192 XVIII.
940 5127 1016 5194 dicti
1037 5128 1156 5192 mensis
1170 5127 1261 5192 Junii
1276 5129 1381 5194 (110100
1397 5130 1547 5194 dominus
1561 5130 1688 5194 auditor
1709 5149 1782 5214 pro·

350 5243 355 5254 ·
382 5232 507 5315 rogavit
529 5250 571 5296 ex
593 5251 691 5295 causa
712 5231 832 5296 dictum
855 5234 1027 5296 terminum
1058 5232 1279 5317 praesentibus
1305 5233 1397 5297 dictis
1419 5234 1681 5319 procuratoribus
1704 5234 1782 5298 0111-

383 5354 486 5418 usque
509 5335 608 5420 partis
631 5336 671 5398 ad
693 5356 763 5399 cras
786 5336 818 5397 in
842 5337 984 5421 vesperis
1006 5337 1037 5399 iu
1063 5337 1182 5401 eisdem
1204 5336 1330 5400 finibus.
1817 5343 1848 5399 to

384 5441 536 5449 u———u-
555 5442 642 5448 ...—

540 5473 561 5541 ¹)
579 5471 709 5539 Hieratis
722 5472 876 5527 meamu-
892 5473 1032 5540 praedicta.
