4088 6292
939 591 1093 685 -1111-

470 774 582 830 Daacd:
599 774 757 831 Kovachich
774 775 899 832 Monam.
917 782 966 831 661.
985 777 1100 847 16616161.
1119 776 1145 842 I,
1171 780 1212 831 13.
1243 775 1400 831 1166661161
1418 774 1526 847 syllope
1549 776 1717 832 dccrdoruaa

418 862 445 928 Ι,
463 866 505 916 15.
523 861 610 928 Fqitr
630 860 720 916 (lodex
742 862 812 929 VII,
829 866 855 929 2,
874 867 933 918 139.
956 863 1068 917 Teutacb
1086 880 1113 916 a.
1133 862 1293 916 Fa'rahaber
1312 861 1383 917 Siab.
1407 862 1488 917 111111.
1507 863 1533 931 Ι,
1552 867 1611 918 159.

472 983 658 1037 Bradaotatck:
676 982 852 1054 Sicbmbalrp.
871 984 1132 1039 Provincialbldttcr
1150 985 1176 1051 Ι,
1196 988 1237 1038 13.
1260 984 1458 1039 Traasiloaaic
1476 988 1553 1051 1871,
1570 988 1613 1038 81.

470 1159 617 1222 Andreas
632 1157 682 1222 dei
697 1160 799 1242 gratia
809 1157 1003 1241 Hungariae,
1014 1157 1204 1239 Dalmaciae,
1217 1158 1422 1241 Crouuaciae,
1434 1157 1562 1240 Ramae,
1575 1157 1715 1240 Seruios,

262 1269 279 1321 5
316 1261 474 1343 Galliciae,
496 1261 711 1342 Indomerias,
736 1261 908 1326 Cumaniae
931 1262 1165 1346 Bulgariaeque
1188 1282 1248 1326 161
1264 1260 1412 1324 omnibus
1428 1261 1544 1326 Christi
1558 1260 1715 1344 fidelibus,

315 1370 500 1449 praesentes
521 1365 630 1429 literas
651 1366 843 1448 inspecturis
859 1366 994 1430 salntem
1010 1367 1044 1429 in
1067 1366 1210 1429 omnium
1226 1365 1391 1429 salvatore.
1414 1364 1467 1428 Ad
1489 1365 1715 1428 universorum

315 1473 381 1532 tam
403 1469 621 1553 praesentium
645 1488 741 1551 quam
763 1469 946 1533 futurorum
968 1470 1113 1533 notitiam
1135 1470 1249 1533 harum
1271 1469 1352 1533 66116
1375 1468 1525 1531 volumus
1539 1468 1715 1552 pervenire,

315 1573 402 1655 quod
430 1593 504 1635 cum
526 1592 611 1635 anno
643 1572 762 1636 domini
788 1573 954 1637 millesimo
978 1551 1014 1655 [C
1024 1551 1056 1637 d.
1080 1573 1284 1656 nonagesimo
1307 1571 1486 1656 voluntat]e
1509 1577 1541 1636 et
1556 1591 1715 1635 consensu

313 1676 545 1741 venerabilium
567 1682 694 1760 patrum
709 1677 1027 1761 archiepiscoporum,
1050 1678 1279 1763 episcoporum,
1302 1676 1469 1758 baronum,
1491 1695 1660 1760 procerum
1683 1681 1715 1739 et

245 1783 279 1838 10
314 1781 457 1843 omnium
471 1779 628 1843 nobilium
644 1781 734 1864 regni
749 1782 850 1844 nostri
864 1782 949 1865 apud
964 1780 1080 1844 Albam
1098 1782 1132 1843 in
1147 1781 1217 1845 loco
1240 1786 1349 1844 nostro
1366 1779 1537 1844 cathedrali
1552 1786 1715 1844 annuente

315 1884 443 1947 domino
465 1883 638 1948 fuissemus
660 1886 811 1966 coronati,
840 1890 872 1948 61
901 1885 935 1947 in
967 1886 1057 1968 regui
1080 1884 1333 1967 gubernaculum
1355 1884 1620 1948 successissemus
1642 1884 1712 1948 iure

314 1992 347 2052 61
368 1987 480 2052 ordine
502 1988 677 2070 geniturae,
707 1988 815 2051 habita
843 1989 1088 2072 congregatione
1110 1988 1259 2072 generali
1290 1988 1324 2050 in
1350 1985 1464 2069 veteri[
1673 1987 1714 2072 1¹)

314 2091 470 2155 nobilium
500 2092 590 2174 regni
620 2093 730 2174 nostri,
763 2113 782 2155 a
810 2093 927 2156 sanctis
955 2091 1212 2175 progenitoribus
1242 2091 1359 2155 nostris
1393 2092 1466 2155 data
1495 2098 1527 2156 et
1556 2112 1715 2175 concessa,

316 2213 398 2277 quae
419 2196 455 2256 in
485 2194 627 2257 articulis
658 2196 884 2279 exprimuntur
911 2195 995 2258 inira
1024 2194 1158 2278 scriptia,
1187 2193 1412 2258 inviolabihter
1443 2193 1535 2257 firma
1556 2193 1619 2259 fide
1641 2214 1714 2279 pro-

248 2304 280 2354 15
315 2298 459 2362 misimus
482 2298 659 2362 observare.
691 2297 834 2362 Primum
857 2298 1006 2362 videlicet
1029 2297 1115 2380 quod
1139 2298 1245 2360 omnia
1266 2298 1338 2361 iura
1359 2298 1565 2363 ecclesiarum
1587 2298 1621 2361 in
1642 2318 1715 2383 pos·

314 2401 517 2485 sessionibus,
548 2401 634 2484 ioris,
664 2400 792 2465 tributis
815 2407 847 2465 et
868 2402 946 2485 aliis,
977 2421 1059 2484 quae
1082 2402 1223 2466 ecclesiis
1246 2423 1264 2465 a
1286 2405 1404 2467 sanctis
1420 2402 1472 2467 161
1494 2402 1564 2467 aliis
1586 2403 1715 2487 regibus

315 2505 572 2589 progenitoribus
601 2506 720 2569 nostris
749 2506 817 2569 sive
840 2505 909 2568 aliis
932 2505 1045 2568 incolis
1067 2506 1158 2587 regni
1184 2506 1286 2569 nostri
1309 2506 1381 2569 data
1403 2512 1480 2569 sunt
1502 2512 1534 2570 et
1556 2526 1715 2591 concessa,

315 2627 543 2673 conservamus
566 2614 599 2672 et
621 2610 727 2672 omnia
748 2609 945 2693 integraliter
966 2610 1173 2672 restituemus
1195 2608 1234 2672 ab
1265 2608 1406 2673 ecclesiis
1429 2615 1590 2694 occupata
1634 2610 1715 2674 Item

315 2711 439 2775 nullum
463 2713 649 2776 comitatum
671 2714 762 2798 regni
783 2714 885 2777 nostri
908 2713 1049 2777 ecclesiis
1071 2712 1123 2777 vel
1146 2733 1256 2777 earum
1277 2713 1436 2798 praelatis,
1458 2713 1631 2778 baronibus
1661 2708 1736 2778 vel

246 2816 281 2875 20
315 2815 477 2881 nobilibus
499 2816 603 2899 alicui,
631 2816 684 2882 161
706 2816 876 2899 aliquibus,
906 2816 941 2880 in
963 2822 1155 2901 perpetuum
1177 2816 1386 2899 conteremus
1417 2817 1577 2882 imitantes
1599 2819 1633 2881 in
1654 2819 1715 2882 hoc

315 2924 499 2983 sanctorum
520 2921 760 3004 progenitorum
791 2940 904 3004 regum
933 2920 1107 2984 illustrium
1128 2918 1313 3002 Hungariae
1340 2921 1475 3004 vestigia
1496 2941 1554 3005 pro
1584 2921 1714 2986 modulo

313 3029 347 3086 61
368 3043 426 3107 pro
441 3042 543 3106 posse.
567 3023 787 3088 Promittimus
810 3025 904 3088 etiam
928 3025 1014 3106 quod
1037 3023 1207 3107 dignitates
1229 3042 1286 3087 seu
1309 3024 1478 3088 comitatus
1501 3025 1591 3109 regni
1613 3025 1715 3089 nostri

314 3145 371 3190 seu
394 3133 497 3189 castra
518 3127 651 3190 advenis
672 3127 724 3190 161
746 3127 925 3211 hospitibus
945 3135 1001 3192 aut
1025 3128 1154 3212 paganis
1176 3126 1229 3191 vel
1251 3127 1444 3212 ignobilibus
1466 3134 1499 3192 et
1519 3128 1578 3210 his,
1602 3129 1658 3211 qui
1681 3130 1714 3191 in

313 3249 411 3314 regno
442 3237 552 3293 nostro
575 3237 768 3295 nocumenta
790 3232 975 3315 irequenter
996 3232 1184 3313 intulerunt,
1212 3230 1397 3295 nullatenus
1418 3232 1628 3315 conteremus,
1655 3252 1715 3296 nec

244 3336 278 3392 25
313 3333 454 3397 consiliis
477 3334 595 3397 nostris
616 3335 770 3398 iuteresse
792 3336 1021 3418 permittemus
1044 3354 1103 3398 nec
1126 3336 1221 3399 etiam
1241 3335 1377 3399 barones
1399 3355 1474 3399 suas
1496 3335 1666 3418 dignitates
1680 3336 1715 3398 in

312 3444 399 3501 certa
422 3438 599 3520 quantitate
620 3438 774 3522 pecuniae
796 3438 901 3502 locare
922 3439 1152 3523 permittemus,
1175 3458 1234 3502 nec
1261 3439 1347 3502 11666
1370 3458 1444 3502 suas
1467 3440 1534 3503 sive
1556 3439 1715 3504 iudicatus

311 3541 346 3603 in
367 3541 517 3625 parochia
538 3541 675 3605 conferri
697 3542 890 3626 ignobilibus
911 3543 1076 3626 patiemur.
1099 3542 1180 3606 Item
1203 3542 1312 3606 nullus
1334 3543 1403 3605 sine
1426 3543 1606 3607 testimonio
1630 3545 1714 3628 capi·

312 3644 454 3708 tulorum
469 3644 521 3708 161
536 3651 754 3710 conventuum
777 3646 818 3709 ad
835 3647 1046 3729 praesentiam
1067 3646 1233 3709 curialium
1249 3647 1401 3708 comitum
1425 3646 1477 3710 vel
1491 3648 1715 3711 vicecomitum

312 3751 402 3814 citan'
418 3742 539 3834 possit,
576 3769 636 3813 nec
665 3768 771 3814 comes
798 3749 952 3813 iudicium
978 3750 1118 3833 recipere
1140 3754 1197 3812 aut
1226 3749 1367 3813 iudicare
1389 3757 1571 3834 praesumat
1592 3751 1713 3834 absque

243 3854 278 3910 30
313 3862 451 3936 quatuor
473 3853 634 3916 nobilibus
657 3853 835 3917 nominatis.
867 3854 949 3917 Item
972 3853 1168 3936 donationes,
1199 3872 1281 3935 quae
1303 3874 1360 3937 per
1382 3855 1527 3919 dominos
1549 3854 1660 3919 Belem
1683 3863 1715 3920 61

312 3957 506 4042 Stephanum
535 3957 662 4020 inchtos
692 3976 783 4040 reges
804 3957 989 4041 Hungariae
1020 3957 1158 4022 felicium
1189 3955 1457 4039 recordation[nm
1488 3959 1589 4022 tactae
1616 3959 1714 4044 sunt],

312 4060 495 4124 nullatenus
516 4080 713 4143 revocamus,
736 4081 810 4124 cum
825 4061 921 4125 iidem
935 4061 1094 4125 mediante
1111 4059 1234 4123 iustitia
1247 4060 1331 4123 tehci
1347 4081 1496 4125 successu
1513 4067 1545 4126 et
1559 4082 1711 4148 prospero

312 4184 447 4248 regnum
469 4163 653 4247 Hungariae
675 4164 926 4248 gubernaverint
948 4170 980 4228 61
1002 4164 1121 4227 salubri
1137 4182 1263 4246 semper
1277 4164 1408 4228 consilio
1424 4166 1545 4230 fuerint
1559 4167 1618 4230 usi.
1644 4166 1712 4230 Nec

312 4269 371 4331 hoc
394 4268 684 4352 praetermittimus,
707 4268 794 4349 quod
814 4268 890 4350 quia
904 4268 1052 4331 dominus
1068 4287 1127 4331 1611
1142 4267 1308 4332 1611111666
1323 4268 1422 4332 irater
1437 4275 1545 4333 noster
1559 4270 1593 4331 in
1609 4275 1712 4334 aetate

244 4375 278 4428 35
313 4378 424 4436 tenera
445 4372 550 4436 iuerat
571 4371 773 4454 constitutas,
796 4379 829 4436 et
849 4391 985 4455 regnum
1006 4370 1191 4455 Hungariae
1214 4371 1334 4435 Tartari
1359 4369 1369 4453 [
1587 4372 1628 4457 Ρ)
1651 4373 1714 4437 116-

313 4481 449 4558 quanter
477 4477 675 4557 Invaserunt,
704 4481 736 4539 et
767 4475 968 4558 quorundam
998 4475 1153 4539 nobilium
1176 4477 1266 4559 regni
1293 4476 1393 4539 nostri
1415 4482 1522 4559 patres
1544 4482 1576 4540 et
1597 4477 1712 4541 iratres

311 4580 345 4643 in
369 4579 552 4644 defensione
574 4581 665 4663 regni
680 4585 757 4643 sunt
770 4579 961 4664 interempti,
984 4580 1172 4645 donationes
1186 4600 1244 4664 pro
1260 4599 1373 4644 eorum
1389 4580 1527 4644 servitiis
1542 4580 1712 4644 meritoriis

311 4683 523 4768 pereundam
538 4702 645 4767 regem
660 4683 843 4747 ladizlaum
865 4684 949 4746 iuste
968 4690 1000 4747 et
1014 4683 1153 4767 legitima
1169 4684 1277 4765 iactas,
1299 4682 1392 4746 iuxta
1407 4683 1574 4747 consilium
1590 4685 1711 4748 archie-

312 4788 524 4872 piscoporum,
540 4788 761 4871 episcoporum
772 4793 805 4852 et
816 4787 1069 4851 consiliariorum
1080 4792 1262 4849 nostrorum
1273 4806 1330 4870 per
1342 4806 1476 4870 regnum
1489 4787 1714 4872 deputatorum

243 4894 279 4948 40
313 4891 495 4955 conservari
518 4891 677 4955 iaciemus.
701 4891 892 4955 Collationes
908 4910 985 4954 1616
1000 4890 1157 4953 indebitas
1177 4896 1209 4954 et
1226 4889 1361 4954 iniustas
1381 4897 1522 4975 tempore
1537 4891 1637 4976 ipsius
1652 4890 1712 4956 La

313 4993 406 5057 dialai
421 4996 505 5078 regis
527 4994 626 5059 iactas
641 4995 862 5060 revocabimus
885 4995 1016 5058 consilio
1037 4993 1221 5076 eorundem,
1242 4993 1303 5056 hoc
1319 4998 1425 5058 tamen
1441 5014 1603 5080 expresso,
1626 4995 1713 5078 quod

312 5098 499 5162 collationes
522 5098 652 5183 abipso
676 5118 750 5182 rege
772 5099 919 5163 Ladizlao
942 5100 1041 5162 tactas
1062 5117 1166 5180 usque
1193 5097 1310 5160 testum
1333 5099 1434 5162 sancti
1456 5100 1540 5184 regis
1562 5097 1714 5183 Stephani

312 5222 400 5267 nunc
429 5208 603 5266 venturum
632 5204 717 5286 apud
747 5203 885 5285 eosdem,
916 5203 1033 5284 quibus
1063 5210 1140 5266 sunt
1170 5201 1311 5283 collatae,
1342 5201 1494 5268 iaciamus
1523 5203 1713 5268 conservari.

470 5372 491 5439 ¹)
509 5371 601 5427 1616116
617 5376 665 5427 27
682 5372 841 5428 0616166161
859 5373 936 5427 broit.

247 5456 282 5512 46
470 5459 492 5528 2)
509 5462 557 5513 3·7
573 5457 740 5514 Gentianam.
