4084 6302
977 620 1131 713 aa.

357 800 483 866 Corona
504 802 624 868 scilicet
644 803 764 867 Jacobo
787 804 893 868 villico
916 811 949 870 et
966 807 1072 871 comiti
1095 807 1272 890 Harbordo‚
1296 807 1426 872 Nicolao
1451 808 1518 871 filio
1539 807 1700 894 Thbard[i}
1723 816 1755 875 et

357 905 485 969 domino
509 905 655 970 Conrado
679 907 718 971 de
739 907 931 973 Widinbacb
960 917 992 975 et
1022 911 1111 975 tratri
1132 910 1253 975 Jacobo
1276 912 1380 995 priore
1410 912 1450 975 de
1472 917 1581 976 sancto
1604 912 1701 977 Petro
1723 919 1756 977 et

357 1008 457 1073 Paulo
480 1029 553 1073 cum
576 1012 690 1076 ceteris
711 1013 1180 1080 tratribusNicolausGresche
1199 1035 1355 1079 unacum
1378 1034 1481 1079 iaxore
1503 1035 1563 1078 sua
1578 1015 1754 1100 Margareta

357 1131 458 1176 unum
481 1114 620 1178 medium
652 1116 878 1195 molendinum,
908 1118 995 1199 quod
1017 1119 1099 1184 iacet
1127 1119 1220 1184 iuxta
1241 1138 1357 1202 aquam
1388 1137 1471 1201 quae
1493 1119 1643 1204 procedet
1664 1127 1756 1185 extra

357 1216 483 1299 saltum,
512 1217 599 1284 dedit
628 1220 667 1284 ad
691 1225 836 1284 sanctum
859 1221 991 1286 Petrum
1021 1222 1114 1287 etad
1144 1221 1320 1300 sanctum1)
1350 1222 1486 1287 Paulum
1517 1224 1551 1286 in
1574 1223 1700 1288 Corona
1720 1224 1753 1287 in
1790 1234 1807 1286 5

356 1324 581 1386 testamentum
605 1323 660 1387 tali
675 1328 766 1408 pacto
786 1324 960 1407 interiecto,
984 1331 1020 1389 ut
1033 1326 1148 1390 batres
1170 1325 1210 1391 de
1232 1332 1342 1391 sancto
1357 1326 1453 1391 Petro
1476 1333 1508 1391 et
1530 1332 1638 1391 sancto
1654 1326 1756 1391 Paulo

357 1444 415 1508 pro
438 1425 541 1490 salute
570 1427 694 1492 animae
717 1446 794 1492 suae
824 1433 856 1492 et
878 1429 990 1492 uxoris
1012 1448 1098 1511 suae,
1128 1430 1280 1513 praedicti
1302 1430 1332 1493 N
1334 1430 1449 1513 ycolay
1476 1450 1513 1495 ac
1536 1432 1677 1494 omnium
1701 1451 1756 1516 pa·

357 1534 483 1592 rentum
514 1549 624 1594 eorum
654 1531 687 1593 in
718 1532 851 1596 ecclesia
880 1533 980 1596 sancti
1009 1532 1152 1609 Jacobi²l
1182 1533 1317 1617 apostoli
1347 1554 1444 1616 quam
1473 1535 1541 1618 ipse
1574 1536 1757 1600 construxit

357 1633 467 1696 divina
495 1634 639 1698 solennia
667 1635 785 1699 debent
813 1635 972 1700 celebrare
1002 1641 1033 1700 et
1056 1636 1181 1719 quoties
1210 1637 1337 1700 missam
1368 1637 1600 1702 celebraverint
1629 1637 1756 1720 ibidem,

356 1737 450 1801 toties
465 1756 551 1801 unus
566 1738 704 1803 eubulus
719 1758 864 1803 annonae
878 1739 956 1822 ipsis
974 1740 1126 1804 iratribus
1144 1740 1183 1804 de
1198 1741 1267 1824 ipso
1284 1741 1463 1805 molendino
1480 1741 1597 1806 debent
1612 1741 1755 1826 elargire,
1793 1751 1826 1804 10

357 1840 485 1905 residua
499 1861 575 1905 vero
591 1862 664 1925 pars
682 1843 723 1907 ad
737 1849 930 1907 structuram
953 1844 1084 1908 claustri
1106 1850 1138 1908 et
1152 1843 1230 1908 alias
1245 1845 1449 1909 necessitates
1471 1844 1565 1909 debet
1587 1845 1756 1910 deservire.

357 1943 391 2008 Si
413 1944 506 2008 etiam
530 1944 645 2027 aliquis
668 1945 811 2011 deiectus
825 1946 998 2011 malendini
1015 1948 1121 2029 tuerit,
1143 1967 1185 2012 ex
1201 1948 1270 2032 ipsa
1291 1953 1380 2031 parte
1396 1948 1489 2012 debet
1504 1948 1676 2013 reformari.
1706 1948 1756 2014 Ne

357 2047 455 2131 igitur
468 2049 610 2133 praefata
624 2050 780 2114 ordinatio
796 2051 977 2115 testamenti
991 2051 1025 2114 in
1041 2052 1165 2116 irritum
1181 2052 1282 2136 possit
1296 2051 1380 2134 duci,
1394 2058 1593 2136 praesentem
1608 2054 1755 2137 paginam

357 2151 492 2216 lecimus
515 2153 690 2218 munimine
712 2154 806 2238 sigilli
821 2155 951 2239 capituli
965 2156 1154 2241 consignari.
1176 2155 1294 2222 Datum
1314 2157 1348 2219 in
1371 2156 1504 2238 Corona,
1528 2175 1612 2220 anno
1635 2156 1756 2222 domini

358 2262 551 2341 praenotato.
1792 2269 1826 2324 lu

1014 2555 1103 2638 572.

435 2735 541 2805 1342
574 2732 658 2806 Mai
698 2738 731 2806 7.
787 2735 856 2809 Die
889 2735 1207 2809 Hartmanatddter
1242 2735 1597 2826 Stablceraammlaap
1636 2735 1758 2807 adnot

358 2855 432 2926 eise
457 2852 855 2948 Hattcrtoapelepenbeit
880 2859 1044 2929 mebeten
1072 2857 1202 2930 Heltua
1228 2858 1302 2930 aad
1327 2855 1571 2946 Scbedcabcrp.

517 3017 592 3088 Oria.
603 3018 683 3088 Peru.
695 3019 828 3090 Evatpcl.
838 3019 1055 3075 Kircbeacrcbic
1064 3021 1168 3091 Aupab,
1177 3021 1244 3076 Bra.
1258 3020 1450 3089 &bethabara
1469 3018 1566 3090 stopa,
1578 3018 1758 3087 Becaren,

461 3104 552 3160 rotbes
568 3103 677 3173 malta,
694 3105 727 3159 ia
743 3107 852 3161 weisser
869 3106 1097 3175 Wacbaacbatssel,
1115 3125 1154 3162 aa
1165 3107 1443 3178 Perpamentstrcifcn
1455 3106 1619 3177 amputatam,
1637 3103 1757 3159 dersclbr
1792 3105 1828 3161 20

462 3189 580 3260 damper
595 3191 647 3246 wie
664 3191 717 3247 Nr.
734 3196 795 3248 296.
814 3192 1018 3263 Pbotoprapbs'e
1035 3193 1084 3247 aar
1107 3193 1236 3248 Urbanas
1254 3193 1434 3248 Hermanno.
1453 3192 1563 3248 Aratio.
1582 3221 1617 3232 -
1629 3190 1685 3246 De
1707 3189 1758 3246 Ur·

462 3276 553 3332 kunde
570 3277 607 3332 isi
625 3278 696 3332 aucb
713 3278 902 3348 dapaecbaltct
918 3296 972 3334 von
988 3280 1042 3334 dea
1054 3278 1273 3335 &hebetatum
1291 3284 1367 3347 uos,
1388 3279 1464 3351 θήρ.
1478 3278 1611 3350 annpcl.
1624 3276 1757 3333 Kircbes·

463 3363 557 3419 erebia
575 3365 678 3435 Auyab.
697 3365 763 3420 Bet.
782 3364 975 3436 Menestam.

514 3539 582 3604 Nos
604 3559 710 3604 comes
730 3540 881 3621 lacobus,
903 3561 1010 3605 comes
1028 3540 1182 3623 Mychaal
1204 3560 1311 3605 comes
1333 3541 1496 3623 Nycolaus
1518 3540 1639 3604 iudices
1662 3539 1759 3622 Cybi-

360 3643 488 3707 nienses
510 3663 547 3707 ac
569 3644 712 3707 universi
734 3644 787 3708 alii
810 3645 951 3709 seniores
966 3644 1177 3729 provinciales
1199 3645 1340 3709 eiusdem
1364 3645 1448 3707 sedis
1471 3644 1674 3725 Cybiniensis
1696 3645 1758 3726 sig·
1793 3649 1828 3704 26

361 3745 528 3810 nilicamus
550 3747 709 3812 universis
725 3747 843 3830 quibus
858 3749 988 3832 expedit
1001 3749 1216 3833 praesentium
1232 3768 1290 3832 per
1312 3754 1464 3829 tenorem,
1494 3748 1580 3830 quod
1603 3747 1761 3812 discordia

361 3870 398 3914 ac
419 3851 638 3914 controversia
659 3853 812 3916 suscitata
841 3852 903 3917 tuit
923 3853 1008 3916 inter
1036 3853 1294 3916 communitatem
1317 3852 1510 3936 populorum
1532 3851 1572 3915 de
1594 3851 1691 3915 Helta
1720 3849 1759 3915 ab

360 3973 427 4018 una
440 3960 530 4038 parte
545 3960 578 4019 et
592 3955 833 4020 universitatem
848 3957 1041 4042 populorum
1059 3956 1099 4021 de
1114 3956 1339 4040 Schellenberg
1352 3961 1442 4040 parte
1462 3955 1501 4019 ab
1517 3955 1618 4019 altera
1631 3960 1761 4039 propter

360 4057 593 4123 absecationem
622 4060 795 4142 particulae
805 4060 826 4137 ⁸)
856 4062 1020 4125 cuiusdam
1048 4061 1162 4141 rubet,
1193 4061 1279 4143 quod
1308 4059 1457 4123 rubetam
1487 4059 1548 4142 ipsi
1578 4058 1690 4142 populi
1720 4059 1760 4122 de

360 4160 457 4226 Hella
478 4162 693 4246 potentialiter
721 4163 784 4227 illis
806 4165 933 4249 populis
963 4165 1002 4230 de
1025 4163 1250 4247 Schellenberg
1272 4164 1331 4227 rite
1362 4163 1600 4226 absecaverunt
1635 4161 1698 4225 Pro
1721 4180 1758 4225 eo
1794 4167 1829 4221 30

360 4267 463 4350 primo
486 4286 622 4349 magnus
637 4266 804 4331 Corradus
826 4276 859 4332 et
873 4269 903 4331 N
905 4268 1036 4349 ycolaus
1053 4268 1174 4332 Thunis
1197 4268 1283 4331 cives
1307 4267 1346 4330 de
1361 4266 1496 4347 Cybinio
1520 4265 1652 4329 luerunt
1674 4264 1760 4327 missi

361 4369 402 4434 ad
423 4369 681 4454 conspiciendum
705 4371 808 4454 ipsum
832 4372 960 4456 lactum,
990 4372 1192 4456 postmodum
1224 4371 1306 4434 inira
1329 4369 1438 4453 scripti
1461 4370 1519 4432 viri
1544 4368 1650 4432 idonei
1673 4367 1761 4431 vide-

359 4473 435 4538 licet
463 4492 570 4538 comes
599 4473 756 4558 Georgius
785 4475 825 4539 de
853 4476 938 4540 Ruto
972 4481 1080 4539 monte
1109 4479 1142 4537 et
1170 4472 1227 4537 filii
1256 4473 1390 4536 fratrum
1420 4472 1562 4536 eiusdem
1593 4477 1626 4535 et
1655 4489 1761 4535 comes

361 4575 486 4659 Danyel
509 4577 549 4641 de
571 4576 785 4657 Casteholczt)
807 4585 841 4644 et
861 4580 988 4644 iuvenis
1003 4578 1163 4662 Luprecht
1185 4577 1224 4641 de
1247 4577 1358 4641 eadem
1380 4582 1413 4640 et
1428 4575 1607 4659 Stephanus
1628 4574 1762 4658 chling

362 4682 401 4745 de
423 4681 500 4745 villa
513 4681 714 4766 Humpertit
736 4688 770 4748 et
784 4683 930 4765 Mychael
945 4682 1098 4747 Albrecht
1120 4683 1160 4745 de
1182 4681 1290 4745 emam
1315 4685 1348 4744 et
1370 4699 1467 4762 quam
1489 4679 1599 4763 plures
1621 4679 1682 4742 riri
1696 4677 1759 4742 fide
1794 4685 1830 4739 35

361 4785 448 4867 digni
464 4805 538 4849 cum
553 4787 671 4852 eisdem
696 4788 943 4873 praenominatis
965 4788 1042 4851 viris
1065 4788 1196 4850 tuenmt
1218 4784 1407 4848 secundario
1431 4783 1517 4846 missi
1533 4801 1631 4865 super
1646 4783 1762 4846 dictam

362 4889 549 4974 particulam
563 4890 664 4976 ipsius
678 4891 785 4956 rubeti
806 4893 1009 4957 concordiam
1024 4890 1208 4954 taciendam.
1230 4889 1282 4952 Ad
1306 4906 1389 4970 quos
1410 4886 1527 4971 probos
1547 4886 1661 4951 missos
1676 4886 1763 4950 viros

362 5013 468 5059 comes
482 4994 604 5058 Tbnacz
619 4994 767 5077 Mychael
789 4995 830 5060 de
843 4995 940 5060 Helta
961 5015 1034 5059 cum
1058 4994 1128 5058 aliis
1151 4991 1331 5058 senioribus
1353 4991 1393 5057 de
1415 4990 1525 5056 mem
1549 4995 1709 5055 venerunt
1730 4995 1764 5054 et

518 5152 539 5217 ¹)
561 5149 647 5205 Ucbcr
663 5148 714 5203 der
731 5148 807 5203 Zeila
825 5147 1034 5218 maturasse

516 5238 539 5303 ¹)
556 5235 638 5290 Nuab
655 5251 674 5290 a
691 5234 737 5290 aia
754 5233 910 5289 Baebetsbc
927 5234 1028 5290 rediri.
1795 5227 1832 5284 40

517 5323 539 5390 ⁸)
557 5321 595 5377 So
613 5324 690 5378 1408.
713 5319 847 5391 Verluqs:
864 5321 1027 5392 particulam.

516 5405 839 5476 ⁴)1loesststonlrolos.

518 5492 780 5564 ⁸)14085anerl'a
