4088 6292
935 601 1089 695 jin

312 788 471 851 curatoria
493 787 643 869 exhibita,
666 788 836 852 hincinde
859 789 1020 869 11161111,
1052 789 1138 871 quod
1162 809 1236 867 nou,
1268 791 1378 871 sicque
1406 789 1444 852 de
1468 791 1716 871 1111611616-

312 890 435 954 luntate
459 892 601 974 ipsorum
625 889 729 956 dictus
752 893 901 956 dominus
924 893 1052 956 auditor
1067 903 1141 957 ante
1162 894 1277 956 dictam
1293 898 1472 976 aperturam
1493 901 1716 977 procuratores

312 995 398 1078 ipsos
414 1001 570 1058 eteorum
586 998 806 1078 procuratorio
821 996 1007 1078 legitimavit
1019 997 1194 1081 procedens
1210 1003 1320 1080 postea
1334 997 1372 1059 ad
1390 1002 1572 1079 aperturam
1588 998 1714 1060 testium

312 1099 556 1181 praedictorum,
589 1101 755 1183 assignans
789 1102 918 1182 utrique
951 1102 1150 1184 procuratori
1186 1101 1358 1164 terminum
1388 1100 1428 1163 ad
1462 1100 1545 1164 diem
1579 1101 1716 1164 Veneris

261 1212 277 1263 5
312 1203 457 1284 proxime
487 1203 668 1286 futurumst)
695 1204 735 1267 ad
764 1205 981 1288 recipiendum
1012 1207 1134 1289 copiam
1158 1206 1315 1268 dictorum
1338 1205 1468 1267 testium
1491 1211 1523 1269 et
1545 1205 1714 1269 dicendum

312 1312 431 1388 contra
463 1308 621 1389 quidquid
643 1308 766 1390 volunt,
796 1316 828 1373 et
851 1309 934 1373 dicto
958 1308 1073 1373 Sancto
1104 1309 1144 1371 ad
1174 1307 1387 1391 recipiendam
1413 1309 1537 1392 copiam
1559 1309 1715 1374 dictarum

313 1409 476 1474 literarum
500 1416 531 1475 et
554 1410 722 1475 dicendum
746 1419 859 1477 contra
879 1413 973 1497 ipsas,
1004 1418 1036 1476 et
1058 1412 1135 1476 alias
1166 1408 1210 1476 ed.
1227 1411 1468 1494 producendum
1498 1413 1657 1494 1161161,
1680 1421 1717 1478 ut

313 1514 352 1577 de
374 1514 444 1578 iure
467 1514 571 1579 tuerit

467 1618 527 1683 uia
549 1620 685 1684 teneus
705 1598 799 1684 viru
825 1621 909 1699 uae,
940 1586 1001 1685 vir
1028 1620 1211 1683 indictonis
1237 1620 1495 1702 comparentibus
1526 1620 1714 1704 111616-
1740 1624 1896 1678 sunnam

247 1730 278 1783 10
313 1723 513 1788 curatoribus
528 1725 697 1806 utriusque
712 1725 811 1808 partis
827 1725 857 1787 iu
875 1726 991 1789 iudicio
1007 1745 1113 1788 coram
1130 1725 1213 1787 dicto
1234 1724 1362 1788 domino
1378 1724 1531 1805 auditore,
1547 1733 1714 1808 praesente
1740 1717 1882 1834 tim:

313 1845 363 1890 me
385 1828 510 1911 Angelo
532 1829 572 1892 de
594 1835 704 1892 sancta
726 1828 868 1892 Victoria
889 1830 1012 1893 notario
1029 1829 1131 1893 dictae
1153 1829 1260 1892 curiae
1279 1828 1319 1890 11
1335 1828 1416 1891 hane
1431 1849 1560 1892 cansam
1575 1831 1714 1893 conscri-
1768 1796 1896 1912 nspffl'

314 1929 457 2013 bendam,
480 1931 519 1995 de
542 1933 690 1996 mandato
714 1933 788 1996 dicti
812 1933 932 1997 domini
954 1932 1050 2016 legati
1069 1937 1232 2016 assumpto
1248 1932 1352 1996 dictus
1368 1932 1504 1997 Sanctis
1518 1939 1715 2016 procurator,

316 2036 533 2116 procuratorio
557 2037 686 2101 nomine
710 2056 774 2118 quo
798 2057 903 2120 supra,
926 2036 1092 2100 substituit
1113 2037 1146 2099 in
1170 2037 1254 2099 dicta
1277 2056 1375 2100 causa
1396 2042 1428 2100 et
1450 2037 1490 2100 ad
1513 2057 1624 2102 omnes
1639 2038 1717 2103 alias

313 2144 414 2202 motas
426 2146 458 2202 et
469 2141 643 2204 movendas
654 2142 841 2224 magistrum
854 2141 1036 2225 Philippum
1048 2140 1088 2204 16
1100 2140 1235 2223 Cingulo
1247 2147 1446 2225 praesentem
1458 2147 1490 2205 et
1501 2143 1714 2225 recipientem,

245 2251 278 2303 15
313 2242 490 2323 adomnia,
513 2263 596 2326 quae
619 2244 769 2309 habetin
793 2246 959 2323 mandatis
991 2245 1184 2308 transferens
1208 2245 1240 2307 in
1264 2263 1338 2308 eum
1361 2245 1500 2308 totaliter
1523 2246 1609 2310 vices
1632 2266 1716 2328 suas,

312 2347 533 2429 praesentibus
556 2349 692 2412 dominis
707 2350 832 2413 Joanne
849 2350 888 2413 de
902 2351 1013 2413 Aratio
1030 2349 1193 2433 capellano
1210 2348 1286 2411 dicti
1302 2348 1421 2410 domini
1436 2347 1541 2431 legati,
1564 2350 1716 2433 magistro

314 2451 414 2515 Panlo
438 2452 626 2517 cancellario
651 2455 738 2537 regio
761 2461 794 2517 et
816 2453 885 2516 aliis
908 2452 1051 2516 testibus.

468 2554 589 2619 Eodem
606 2558 656 2620 die
669 2564 701 2621 et
712 2558 746 2619 in
757 2558 868 2621 eodem
880 2557 998 2621 iudicio
1011 2556 1116 2620 dictus
1127 2557 1277 2639 magister
1288 2555 1455 2640 Philippus
1467 2561 1629 2638 tamquam
1642 2576 1717 2641 pro·
1745 2559 1877 2612 Exhibitio

315 2659 840 2743 curatorsubstitntusapraedicto
855 2665 1062 2744 procuratore
1070 2660 1199 2744 capituli
1207 2659 1424 2723 Transsiluani
1434 2659 1474 2723 ad
1482 2660 1641 2744 repulsam
1655 2667 1716 2724 tes·
1744 2636 1880 2784 mfflm

243 2770 279 2822 ‘20
314 2761 393 2825 tium
409 2767 442 2825 et
455 2762 620 2826 literarum
635 2763 863 2847 productarum
878 2784 935 2847 per
950 2770 1071 2848 partem
1088 2765 1254 2827 adversam
1269 2764 1423 2846 produxit
1439 2765 1592 2846 quasdam
1609 2763 1716 2827 literas
1751 2792 1872 2862 capitulo.

313 2865 432 2929 demini
449 2867 685 2945 1166111616
704 2874 741 2930 ut
754 2868 949 2952 apparebant
964 2868 1067 2951 sigillo
1085 2868 1232 2951 signatas.
1253 2866 1396 2942 Quarum
1412 2874 1504 2932 tenor
1524 2867 1596 2931 talis
1613 2872 1669 2932 est

468 2970 651 3034 Venerabili
681 2972 715 3032 in
739 2970 863 3034 Christo
893 2972 975 3054 patri
1005 2978 1038 3034 et
1067 2971 1195 3035 domiuo
1219 2971 1348 3035 domino
1371 2970 1490 3036 Gentili
1511 2972 1714 3036 miseratione
1741 2976 1897 3044 1116116616

313 3074 422 3136 divina
443 3073 527 3138 tituli
548 3076 648 3138 sancti
663 3074 792 3139 Martini
808 3076 841 3138 in
856 3075 1020 3140 Montibus
1039 3076 1225 3159 presbytero
1242 3076 1403 3159 cardinali,
1425 3075 1716 3160 apostolicaesedis
1759 3051 1879 3123 capitulo.

312 3178 416 3261 legato
431 3178 597 3243 Ladislaus
616 3180 752 3242 1111611
765 3180 1011 3243 Transsiluanus
1026 3187 1059 3243 et
1073 3197 1180 3243 comes
1195 3179 1234 3242 de
1250 3178 1384 3243 Zoulrulr
1407 3179 1559 3243 devotum
1575 3181 1716 3242 1111111

243 3288 278 3341 at
313 3303 386 3347 cum
408 3283 815 3367 plenitudinereverentiae
838 3291 869 3347 et
885 3284 1022 3348 honoris.
1046 3282 1268 3365 Significamus
1290 3284 1449 3347 sanctitati
1472 3289 1607 3365 vestrae,
1631 3282 1717 3365 quod

312 3386 438 3471 plebani
455 3408 512 3452 seu
526 3388 707 3452 sacerdotes
722 3388 761 3452 de
777 3388 984 3452 decanatibus
1000 3389 1039 3451 de
1051 3387 1163 3470 86116,
1186 3387 1225 3450 16
1240 3386 1372 3470 Spreng‚
1396 3388 1435 3452 de
1446 3387 1550 3469 Kyzd,
1572 3387 1612 3451 de
1627 3386 1717 3451 Kozd

313 3498 345 3556 et
368 3493 407 3556 de
430 3491 500 3556 aliis
523 3497 555 3557 et
573 3492 612 3556 de
627 3492 884 3555 archidiaconatu
900 3491 1099 3556 1611111111
1116 3491 1227 3553 maiori
1243 3497 1275 3554 et
1289 3492 1407 3554 minori
1422 3496 1454 3555 et
1469 3491 1508 3556 de
1525 3489 1716 3572 quibusdam

313 3596 391 3678 aliis,
416 3598 471 3679 qui
494 3603 606 3661 contm
627 3595 803 3680 capitulum
826 3596 977 3659 ecclesiae
998 3594 1242 3659 Transsilnanae
1265 3595 1304 3657 ad
1328 3601 1466 3660 vestram
1490 3595 1611 3658 curiam
1631 3594 1717 3658 citati

313 3699 359 3762 ire
389 3700 618 3763 contumaciter
649 3699 862 3782 neglexerunt
891 3700 972 3764 falsa
1002 3700 1205 3783 suggestione
1235 3699 1320 3782 apud
1346 3700 1545 3763 sanctitatem
1568 3703 1718 3779 vestram

244 3810 279 3862 30
314 3804 375 3867 nisi
405 3823 462 3866 sen
492 3804 597 3866 conati
623 3804 1255 3883 61116111(66111116111161616116,
1287 3803 1374 3885 quod
1397 3822 1456 3866 166
1477 3802 1610 3866 liberam
1632 3802 1718 3865 viam

313 3908 432 3971 eisdem
454 3907 530 3971 dare
553 3908 814 3990 neglexissemus,
837 3916 870 3970 et
891 3927 997 3971 coram
1021 3906 1137 3971 vestris
1160 3906 1311 3989 delegatis
1333 3925 1430 3989 super
1449 3906 1508 3969 hoc
1523 3925 1582 3970 661
1597 3907 1718 3970 erami-

314 4011 479 4075 natoribus
508 4010 662 4093 quosdam
694 4017 791 4075 testes
821 4011 918 4074 falsos
948 4016 980 4074 et
1007 4010 1211 4093 probationes
1233 4010 1364 4073 frivolas
1387 4010 1426 4074 16
1449 4011 1517 4074 suis
1538 4010 1718 4074 fautoribus

312 4120 424 4177 contm
451 4115 557 4197 ipsum
587 4116 761 4198 capitulum
793 4115 1026 4199 produxerunt,
1064 4133 1200 4196 qnorum
1232 4115 1424 4178 assertiones
1457 4121 1490 4179 et
1514 4113 1718 4198 probationes

314 4217 444 4281 hivolas
474 4225 507 4282 et
535 4219 630 4283 falsas
661 4239 731 4283 esse
754 4220 897 4299 dicimus,
930 4220 1006 4300 quia
1028 4237 1203 4299 ununquam
1230 4218 1417 4282 intentionis
1440 4224 1567 4283 nostrae
1589 4218 1658 4298 tuit
1681 4223 1718 4282 ut

244 4329 278 4381 35
313 4327 537 4405 procuratores
560 4342 672 4387 eorum
695 4323 748 4388 vel
770 4323 895 4406 aliquos
918 4343 959 4386 ex
977 4323 1052 4405 ipsis
1067 4322 1343 4405 impedivissemus
1358 4323 1410 4386 vel
1425 4322 1458 4385 in
1474 4323 1582 4405 aliquo
1598 4322 1717 4386 voluis·

313 4445 420 4490 semus
443 4426 618 4509 molestare,
642 4448 715 4491 cum
737 4447 795 4511 per
817 4427 867 4490 dei
890 4427 1024 4509 gratiam
1047 4445 1172 4509 semper
1194 4424 1333 4490 cultores
1355 4427 1495 4491 iustitiae
1514 4427 1670 4490 fuerimus
1685 4431 1717 4490 et

312 4531 344 4593 in
369 4536 481 4595 tenuta
502 4538 611 4595 nostra
633 4531 782 4595 omnibus
804 4531 986 4594 hominibus
1009 4530 1131 4594 clericis
1158 4536 1189 4593 et
1210 4529 1299 4592 laicis
1320 4530 1392 4594 viae
1413 4535 1544 4613 pateant
1564 4529 1663 4594 libere
1685 4535 1718 4594 et

313 4654 432 4699 secure.
470 4634 575 4712 Quare
605 4636 755 4698 sanctitas
781 4642 889 4698 vestra
909 4635 987 4718 ipsis
1010 4633 1228 4698 sacerdotibus
1251 4632 1301 4696 vel
1324 4652 1435 4697 eorum
1458 4633 1718 4718 procuratoribus

312 4758 369 4803 seu
393 4739 484 4803 dictis
508 4739 635 4803 testium
657 4758 788 4801 suorum
814 4759 939 4803 necnon
956 4736 1197 4823 probationibus
1218 4756 1329 4801 eorum
1345 4737 1468 4802 frivolis
1484 4739 1605 4802 nullam
1621 4738 1716 4802 fidem

244 4858 279 4910 40
314 4842 461 4906 adhibeat
482 4843 515 4905 in
539 4842 595 4905 hac
618 4848 716 4926 parte.
746 4842 864 4906 Datum
880 4845 913 4905 in
930 4842 1029 4923 Deua,
1054 4846 1168 4923 qrrarta
1186 4840 1265 4904 feria
1279 4842 1426 4924 proxima
1441 4848 1512 4926 post
1526 4842 1715 4906 dominicam

313 4945 410 5022 Quasi
434 4947 528 5010 modo
551 4945 684 5029 geniti,²)
702 4967 786 5010 anno
810 4948 930 5011 domini
950 4924 991 5009 nl.
1015 4924 1099 5011 CCC.
1121 4923 1234 5022 Villa)

468 5051 548 5115 Item
571 5051 683 5114 eodem
706 5050 757 5114 die
779 5060 811 5114 et
833 5053 866 5114 in
889 5050 1000 5114 eodem
1023 5050 1140 5114 iudicio
1164 5050 1313 5132 magister
1335 5047 1501 5132 Philippus
1526 5054 1715 5131 procurator
1752 5049 1886 5104 Exhibitio

312 5155 505 5219 substitutus
526 5153 706 5237 praedictus
728 5154 875 5218 exhibuit
897 5153 1102 5237 exceptiones
1120 5153 1204 5215 intra
1219 5152 1352 5236 scriptos
1366 5152 1400 5214 in
1416 5152 1548 5236 scriptis.
1572 5150 1713 5228 Quarum
1753 5144 1867 5218 ,Μ’

312 5263 404 5322 tenor
427 5257 498 5321 talis
521 5262 577 5321 est.
1739 5209 1897 5355 ἫΡᾝΟ

243 5401 279 5457 45
471 5395 491 5464 ¹)
509 5393 575 5449 Mai
591 5398 617 5450 9.

467 5483 490 5551 ²)
506 5480 592 5551 Apso
608 5484 633 5536 6.

467 5572 489 5637 ¹)
506 5566 595 5634 rua
616 5565 706 5623 coca
728 5565 816 5635 rur,
834 5570 860 5635 r,
878 5571 922 5621 ao.
