4106 6294
894 580 1003 675 ,00
1017 668 1049 675 ..

441 769 523 834 11010
547 770 634 853 qnod
663 770 698 834 in
726 770 819 835 litera
848 770 969 835 domini
998 770 1137 854 episcopi
1160 769 1367 834 Varadiensis
1394 790 1461 835 non
1484 776 1533 835 est
1554 770 1686 854 deroga-

284 873 366 937 toria
387 871 463 937 fidei
485 874 642 938 dictarum
664 858 830 938 literarum
851 873 1088 938 communitatis
1111 881 1143 938 et
1166 874 1226 938 sibi
1247 874 1327 939 fides
1349 874 1528 939 adhibenda
1549 894 1615 938 non
1638 880 1686 938 est

284 977 361 1059 quia
382 977 472 1041 salva
493 997 571 1061 0000
593 997 652 1042 sua
674 979 870 1042 contrarium
892 980 962 1043 eins
985 980 1072 1062 qnod
1094 980 1128 1042 10
1151 979 1234 1042 dicta
1258 979 1350 1042 litera
1372 980 1555 1043 continetur
1576 977 1686 1043 testiti-

283 1086 374 1145 catus
404 1087 453 1146 est
482 1081 700 1166 personaliter,
730 1087 768 1146 ut
789 1087 876 1165 patet
902 1083 936 1145 in
967 1084 1045 1147 00110
1074 1084 1182 1148 001100
1205 1089 1338 1163 vestrae,
1369 1089 1402 1146 et
1424 1088 1587 1165 praeterea
1608 1082 1686 1145 nihil

231 1195 248 1246 5
283 1186 467 1249 continetur
488 1185 532 1249 ibi
556 1186 596 1250 de
617 1205 715 1249 00000
735 1186 886 1249 scientiae
909 1205 1075 1270 supereo,
1107 1186 1194 1269 quod
1216 1188 1249 1249 in
1274 1186 1358 1249 dicta
1380 1186 1473 1249 litera
1494 1187 1684 1249 continetur.

438 1289 520 1352 item
543 1289 629 1370 quod
652 1289 745 1353 litera
765 1290 937 1374 praepositi
956 1292 1058 1353 sancti
1073 1289 1224 1373 Stephani
1240 1289 1445 1352 Varadiensis
1467 1309 1533 1352 non
1556 1290 1687 1372 derogat

284 1390 358 1455 fidei
374 1392 531 1456 dictarum
546 1393 709 1456 literarum
733 1394 979 1473 communitatis,
1003 1400 1072 1456 tum
1088 1393 1165 1474 quia
1186 1413 1252 1456 non
1275 1394 1457 1456 continetur
1477 1393 1523 1455 ibi
1538 1393 1577 1456 (10
1592 1413 1689 1456 causa

284 1495 444 1577 scientiae,
474 1502 543 1559 turn
567 1496 643 1578 quia
673 1516 861 1580 expressum
891 1498 1076 1561 mandatum
1099 1498 1142 1560 ibi
1173 1497 1365 1579 continetur,
1395 1517 1469 1561 curn
1491 1497 1535 1559 ibi
1548 1497 1689 1561 ‘dicatur

284 1599 406 1664 dictum
421 1600 587 1664 dominum
601 1601 771 1664 vaivodam
786 1601 826 1664 ad
849 1601 1046 1683 quindenam
1059 1600 1161 1664 sancti
1176 1599 1305 1664 Martini
1320 1602 1512 1665 comessoris
1522 1602 1541 1677 ¹)
1564 1619 1689 1683 semper

218 1713 251 1766 10
286 1704 399 1768 fecisse
420 1703 547 1787 publice
568 1705 758 1788 proclamari
774 1707 978 1769 securitatem
993 1703 1141 1768 omnibus
1161 1705 1401 1768 transeuntibus
1422 1710 1566 1769 tenutam
1588 1723 1689 1783 suam,

172 1883 174 1886 Α
285 1814 353 1871 1001
387 1809 463 1890 quia
493 1828 559 1871 non
580 1808 838 1888 contineturibi,
862 1828 926 1890 quo
950 1814 1092 1891 tempore
1115 1809 1198 1871 iacta
1220 1808 1282 1872 luit
1304 1810 1466 1872 concessio
1496 1809 1620 1871 clericis
1649 1807 1688 1870 de

286 1912 492 1977 decanatibus
513 1912 753 1977 Transsiluanis.
784 1912 827 1975 Et
856 1913 902 1975 sic
931 1933 997 1974 000
1027 1916 1076 1975 001
1098 1913 1257 1976 contraria
1282 1913 1366 1976 dicta
1388 1932 1447 1975 sua
1477 1912 1568 1976 litera
1598 1912 1690 1974 dictis

286 2015 386 2080 literis
408 2016 654 2097 communitatis,
685 2037 758 2079 curn
781 2017 922 2101 potuerit
950 2023 1087 2098 utraque
1119 2017 1210 2081 111010
1233 2017 1368 2081 diversis
1391 2016 1587 2101 temporibus
1616 2037 1691 2101 010-

287 2120 429 2201 cessisse,
452 2126 485 2185 01
507 2120 553 2185 010
575 2141 642 2184 000
663 2119 777 2204 probat
791 2121 851 2183 hoc
867 2139 946 2199 esse,
970 2120 1057 2202 quod
1072 2119 1112 2183 ob
1128 2120 1187 2183 hoc
1203 2121 1359 2204 contingit
1381 2120 1500 2203 abesse,
1523 2126 1592 2184 turn
1615 2122 1692 2203 quia

219 2236 251 2287 15
288 2229 438 2308 tempore,
469 2244 533 2307 quo
561 2226 645 2289 lacta
674 2225 735 2288 luit
758 2225 924 2307 denegatio
955 2229 1104 2288 contenta
1125 2224 1160 2286 in
1192 2224 1285 2288 dictis
1314 2223 1414 2289 literis
1444 2225 1690 2307 communitatis,

288 2328 355 2412 ipse
370 2331 570 2412 praepositus
582 2336 651 2393 erat
665 2330 749 2412 apud
766 2329 994 2393 monasterium
1011 2348 1106 2392 suurn
1118 2336 1150 2392 et
1165 2348 1230 2392 non
1245 2329 1279 2391 in
1295 2328 1439 2411 partibus
1449 2328 1691 2393 Transsiluanis.

444 2432 568 2509 Quibus
590 2432 832 2516 exceptionibus
855 2431 1004 2494 exhibitis
1027 2437 1060 2496 et
1081 2433 1226 2516 receptis,
1256 2452 1293 2495 ac
1315 2438 1387 2515 post
1408 2432 1510 2495 multa
1532 2432 1623 2513 diota,
1646 2433 1691 2496 al-

289 2535 392 2619 legata
413 2542 446 2601 et
468 2537 629 2620 disputata
649 2555 706 2619 per
721 2536 892 2599 advocatos
908 2535 1076 2617 utriusque
1091 2536 1190 2619 partis
1212 2555 1309 2619 super
1332 2536 1481 2599 omnibus
1502 2543 1535 2600 et
1557 2537 1691 2619 singulis

288 2639 541 2723 dependentibus
571 2640 610 2703 ab
640 2640 828 2723 exceptione
857 2638 1019 2722 praedicta
1048 2640 1151 2703 dictus
1181 2640 1330 2703 dominus
1360 2640 1485 2703 auditor
1519 2641 1692 2723 assignarit

220 2755 255 2810 20
289 2743 367 2828 ipsis
396 2744 565 2829 praedictis
594 2744 855 2827 procuratoribus
884 2742 1065 2807 substitutis
1095 2745 1266 2808 terminum
1296 2745 1507 2828 peremptorie
1536 2744 1577 2808 ad
1606 2764 1692 2808 com·

289 2848 467 2932 parendum
489 2867 595 2911 001001
619 2868 657 2912 00
680 2848 720 2911 ad
735 2848 929 2911 audiendum
947 2848 1219 2912 interlocutoriam
1234 2866 1292 2932 per
1313 2867 1388 2912 eum
1409 2847 1573 2913 terendam
1596 2868 1693 2932 super

290 2952 531 3036 probationibus
554 2958 587 3016 et
605 2951 882 3035 reprobationibus
897 2952 1079 3017 memoratis
1093 2953 1133 3015 ad
1151 2953 1234 3016 diem
1249 2951 1359 3016 Lunae
1381 2954 1526 3035 proxime
1548 2953 1692 3016 futurum

291 3057 324 3120 in
347 3058 490 3141 vesperis
513 3057 660 3121 ultimum
683 3057 803 3120 mensis
824 3058 1008 3141 praesentis.

447 3161 506 3226 Die
528 3161 657 3226 Sabbati
679 3138 836 3224 xxviii.
859 3161 935 3226 (11011
958 3161 1076 3223 mensis
1096 3159 1197 3237 Junii,
1219 3161 1398 3243 praedictae
1420 3161 1602 3225 indictionis
1624 3161 1693 3223 exi·

222 3277 256 3330 20
292 3266 451 3330 stantibus
471 3268 505 3329 in
528 3266 645 3329 iudicio
668 3284 775 3328 coram
806 3266 889 3329 dicto
921 3265 1049 3328 domino
1076 3263 1694 3348 01111110100100110110010001010111100

293 3369 464 3451 utriusque
485 3370 583 3453 partis
607 3369 711 3433 dictus
726 3368 891 3452 Vagnolus
907 3367 1039 3449 dicebat,
1062 3386 1096 3431 se
1111 3368 1215 3431 adhuc
1238 3368 1363 3449 aliquos
1378 3373 1475 3432 testas
1490 3368 1615 3451 habere,
1637 3388 1696 3453 per

293 3492 375 3555 quos
397 3473 583 3538 intendebat
605 3474 720 3537 melius
742 3473 876 3556 probare
892 3472 1102 3536 intentionem
1117 3492 1208 3537 suam
1231 3493 1329 3557 super
1350 3472 1493 3536 articulis
1515 3473 1583 3536 suis
1605 3491 1695 3555 prae·

293 3578 394 3656 dictis,
427 3577 574 3641 videlicet
607 3577 805 3641 venerabiles
840 3577 874 3639 in
911 3576 1036 3640 Christo
1068 3583 1175 3662 patres
1208 3577 1464 3661 Zagrabiensem,
1499 3576 1696 3657 Vaciensem,

294 3681 668 3764 Quinqueecclesiensem
699 3687 731 3745 et
762 3681 1012 3744 Chenadiensem
1037 3682 1211 3766 episcopos,
1243 3689 1354 3766 petens
1385 3700 1440 3745 eos
1467 3688 1500 3745 et
1524 3679 1698 3762 quemlibet

225 3798 260 3851 30
295 3805 406 3850 eorum
421 3786 520 3870 recipi
535 3792 568 3849 et
590 3785 766 3850 examinari
781 3784 950 3867 diligenter
964 3804 1061 3869 super
1075 3786 1218 3848 articulis
1233 3786 1423 3849 memoratis.
1449 3784 1493 3847 Et
1507 3786 1584 3849 dum
1599 3784 1698 3847 verba

295 3896 402 3955 essent
423 3891 456 3952 in
479 3890 598 3953 iudicio
612 3890 697 3952 inter
711 3894 934 3971 procuratores
949 3888 1078 3953 eosdem
1093 3887 1132 3951 de
1147 3889 1335 3952 iuramentis
1357 3888 1557 3952 remittendis
1578 3887 1697 3951 eisdem

295 3994 451 4077 episcopis
472 3992 526 4056 vel
547 4012 622 4074 non,
653 3998 685 4056 et
715 3992 754 4055 de
784 3992 919 4055 citandis
950 4011 1005 4055 eos
1027 3992 1067 4054 ad
1089 3991 1210 4055 curiam
1232 3992 1441 4076 personaliter
1461 3990 1514 4054 vel
1535 3990 1636 4071 non,²)
1659 3991 1698 4053 de

295 4098 462 4162 voluntate
492 4097 620 4161 tandem
642 4103 885 4181 procuratorum
907 4097 1050 4179 ipsorum
1077 4095 1182 4159 dictus
1204 4096 1352 4159 dominus
1383 4095 1511 4158 auditor
1532 4094 1608 4157 mihi
1630 4096 1700 4157 An-

296 4200 368 4283 gelo
390 4202 514 4266 notario
537 4201 639 4265 (110100
655 4219 769 4264 causae
785 4200 951 4281 commisit,
974 4206 1011 4263 ut
1029 4218 1088 4281 ego
1110 4199 1179 4281 1000
1201 4199 1242 4262 ad
1257 4200 1423 4282 episcopos
1444 4199 1530 4281 ipsos
1553 4198 1699 4262 0010011111

228 4315 262 4369 30
298 4305 445 4369 accedam
467 4312 501 4369 et
521 4305 654 4368 remisso
678 4304 845 4368 dumtaxat
866 4304 1044 4367 iuramento
1063 4302 1147 4367 dicto
1164 4302 1365 4386 Zagrabiensi
1387 4303 1545 4385 episcopo,
1567 4302 1607 4365 ab
1630 4302 1700 4365 aliis

297 4408 467 4492 praedictis
490 4410 669 4472 iuramenta
684 4408 843 4492 recipiam,
865 4427 962 4491 super
983 4408 1060 4491 ipsis
1082 4407 1223 4470 articulis
1246 4407 1351 4469 dicere
1373 4406 1548 4486 veritatem,
1571 4405 1701 4468 remotis

299 4513 382 4587 odio,
397 4532 513 4593 amore,
535 4531 638 4595 prece,
660 4512 761 4595 pretio
784 4517 818 4574 et
838 4511 951 4574 timore
966 4530 1002 4573 00
1017 4511 1103 4593 ipsos
1126 4517 1158 4575 et
1180 4510 1354 4593 quemlibet
1376 4511 1518 4594 ipsorum
1534 4509 1701 4592 diligenter

299 4617 480 4681 examinem
501 4635 600 4699 super
620 4616 697 4700 ipsis
717 4616 812 4678 iuxta
831 4615 1112 4697 interrogatorium
1138 4614 1316 4678 exhibitum
1339 4634 1396 4696 per
1417 4615 1604 4697 magistrum
1626 4612 1700 4676 Phi-

298 4721 422 4805 lippum
442 4720 648 4803 praedictum,
677 4724 873 4803 protestante
895 4718 978 4783 dicto
1007 4718 1156 4802 magistro
1179 4718 1325 4801 Philippo
1348 4736 1459 4782 omnes
1488 4736 1701 4800 000001000-

231 4833 267 4888 40
301 4825 405 4889 1101100
434 4824 494 4888 sibi
516 4824 645 4888 nomine
669 4842 733 4904 quo
756 4842 854 4904 supra
874 4821 979 4886 salvas
1001 4822 1079 4905 lore,
1109 4828 1173 4885 tam
1196 4828 1307 4885 contra
1336 4827 1441 4903 100100,
1472 4839 1569 4903 quam
1591 4825 1702 4884 contra

301 4928 386 4994 dicta
407 4947 528 5009 eorum,
559 4927 665 4992 salvas
694 4926 789 4990 etiam
819 4924 878 4988 sibi
907 4925 975 4990 iore
998 4925 1242 5008 protestationes
1267 4932 1300 4989 et
1322 4925 1525 5007 exceptiones
1552 4923 1616 4986 iam
1645 4942 1702 4987 ex-

300 5052 427 5117 pressas
449 5033 537 5096 etin
559 5037 723 5115 posterum
745 5030 977 5113 exprimendas

456 5136 509 5199 Ad
538 5135 631 5199 cuius
660 5133 802 5197 mandati
823 5133 1046 5198 executionem
1068 5152 1126 5216 ego
1150 5132 1293 5197 notarius
1322 5131 1504 5216 praedictus
1533 5131 1703 5194 intendens
1728 5125 1869 5181 Produofio

303 5240 389 5305 adiri
410 5239 590 5323 praedictos
611 5238 758 5302 dominos
780 5236 1163 5318 Quinqueecclesiensem,
1187 5235 1376 5299 Vaciensem
1399 5240 1432 5297 et
1454 5233 1703 5298 Ohenadiensem
1743 5205 1851 5337 mirgm

234 5379 269 5432 (0
417 5346 651 5442 “enimse
666 5377 710 5428 aa.
1743 5360 1857 5416 0010.

459 5462 481 5530 ’1
504 5462 589 5518 Ucber
606 5461 656 5517 der
674 5459 749 5515 Zeilc
767 5459 974 5529 1101]ιο010000.
