4106 6294
913 600 1068 694 Qe-

292 785 503 850 substitntum
525 785 655 871 capituli
672 786 898 865 Transsiluani,
932 792 1044 852 contra
1072 807 1123 851 me
1154 795 1186 851 et
1208 788 1410 871 probationes
1432 808 1490 872 per
1511 808 1563 853 me
1586 808 1693 851 coram

295 889 386 952 vobis
408 889 588 972 productas,
610 910 682 954 meo
704 897 737 954 et
758 892 992 975 praedictorum
1020 892 1147 955 nomine
1170 891 1240 954 dico
1264 890 1461 956 sufficienter
1483 893 1578 955 immo
1602 891 1691 956 suffi-

292 992 483 1056 cientissime
506 993 673 1075 probatum
702 1014 771 1058 esse
797 995 1059 1078 impedimentum
1089 1015 1147 1057 seu
1177 996 1396 1075 instrumenta
1428 1001 1460 1059 et
1488 996 1691 1059 verisImilem

292 1116 421 1160 causam
444 1097 575 1177 timoris,
600 1104 729 1181 propter
752 1118 834 1180 quae
856 1118 915 1181 ego
938 1105 970 1162 et
992 1098 1153 1181 praedicti,
1177 1119 1314 1180 quorum
1338 1120 1408 1163 sum
1432 1104 1628 1183 procurator,
1651 1100 1691 1162 ad

240 1213 257 1265 5
293 1200 504 1285 praesentiam
535 1202 654 1265 domiui
684 1202 779 1284 legati
809 1222 874 1265 non
902 1204 1065 1286 potuimus
1097 1223 1280 1286 comparere
1309 1204 1404 1268 citati.
1442 1203 1581 1267 Probata
1609 1205 1692 1267 enirn

292 1309 370 1368 sunt
390 1303 551 1387 praedicta
579 1324 637 1388 per
672 1307 815 1388 quinque
846 1307 897 1370 vel
927 1326 986 1370 sex
1007 1307 1151 1390 publicas
1173 1307 1280 1370 literas
1310 1308 1493 1371 authentica
1515 1308 1618 1391 sigilla
1640 1308 1694 1370 ha-

292 1407 404 1472 bentes
422 1410 575 1473 comitum
592 1409 712 1475 scilicet
726 1418 759 1475 et
773 1411 1018 1474 universitatum
1041 1416 1074 1474 et
1087 1411 1311 1495 praelatorum,
1335 1430 1417 1494 qnae
1441 1413 1569 1494 quidem
1584 1411 1694 1475 lIterae

293 1512 338 1576 sic
360 1513 560 1577 authenticae
591 1514 630 1578 de
659 1515 892 1578 consuetudine
922 1515 954 1577 in
986 1534 1084 1597 regno
1107 1514 1267 1597 Vngariae
1295 1516 1422 1598 plenam
1444 1516 1539 1581 fidem
1562 1516 1693 1596 iaciunt,

292 1622 330 1679 ut
359 1616 392 1679 in
420 1615 539 1680 Italicis
566 1619 711 1700 partibus
740 1619 866 1702 publica
901 1619 1093 1682 documenta
1122 1623 1154 1681 et
1184 1620 1271 1699 quod
1300 1618 1371 1682 talis
1402 1619 1601 1682 consuetudo
1631 1619 1694 1682 iuri

226 1733 260 1787 10
294 1726 457 1799 consonet,
487 1720 564 1785 satis
593 1728 642 1786 est
671 1723 793 1787 clarum
823 1724 855 1785 in
880 1742 1013 1807 corpore
1043 1722 1129 1786 iuris.
1174 1722 1255 1786 Item
1286 1722 1373 1803 qnod
1396 1722 1467 1786 talis
1490 1722 1586 1785 sitin
1609 1722 1693 1785 dioto

292 1843 391 1907 regno
421 1824 621 1888 consuetudo
652 1827 811 1889 notorium
843 1833 900 1905 est,
930 1833 962 1891 et
991 1827 1017 1889 si
1041 1826 1178 1910 expedit,
1208 1846 1259 1890 me
1289 1826 1385 1890 offero
1413 1826 1622 1909 probaturum
1651 1825 1693 1903 id,

293 1928 379 2010 quod
411 1929 487 1992 mihi
517 1930 601 1992 circa
630 1929 791 2013 praedicta
812 1930 958 2012 sufficiat,
981 1931 1141 2013 assignato
1172 1949 1230 2015 per
1253 1950 1311 1994 vos
1334 1931 1469 1994 termino
1493 1929 1693 2013 competenti.

290 2033 372 2097 Item
394 2032 509 2117 probat
530 2034 690 2117 praedicta
711 2033 804 2098 litera
817 2033 977 2098 Ladislaui
999 2035 1084 2098 inter
1105 2034 1183 2097 alias
1198 2035 1294 2098 missa
1308 2032 1509 2097 universitati
1529 2031 1693 2095 Saxonum

292 2138 331 2201 de
346 2136 480 2220 CibInio,
503 2157 586 2220 quae
600 2137 693 2201 litera
706 2143 792 2202 recte
814 2139 1014 2203 intuentibus
1036 2138 1113 2202 satis
1135 2139 1243 2221 magui
1265 2144 1314 2203 est
1328 2137 1449 2201 illativa
1472 2137 1595 2200 timoris
1618 2155 1693 2199 con-

224 2253 256 2306 15
292 2243 429 2306 siderata
444 2242 596 2324 qualitate
611 2260 821 2324 personarum
835 2243 937 2326 ipsius
953 2243 1072 2306 domini
1087 2241 1247 2305 Ladislaui
1263 2241 1431 2305 scribentis
1447 2240 1693 2304 universitatum

292 2344 493 2408 sacerdotum
515 2350 627 2408 contra
643 2365 723 2427 quas
745 2347 902 2427 scribitur,
925 2352 957 2410 et
972 2347 1078 2410 verbis
1097 2347 1130 2408 in
1154 2346 1246 2410 litera
1259 2347 1328 2429 ipsa
1343 2345 1503 2409 contentis
1524 2364 1580 2409 sen
1597 2345 1691 2407 modo

291 2446 454 2528 loquendi.
476 2448 549 2531 Ipse
564 2450 650 2512 enim
664 2450 854 2515 ladislauus
870 2455 919 2515 est
933 2452 983 2514 vir
998 2456 1111 2534 potens
1134 2457 1166 2514 et
1183 2450 1274 2532 quasi
1289 2470 1362 2534 pars
1384 2447 1567 2532 prInoipalis
1582 2454 1694 2510 contra

292 2550 393 2614 dictos
414 2551 567 2635 plebanos
589 2573 637 2631 eo,
668 2553 757 2634 quod
778 2552 863 2617 filius
886 2574 965 2618 suus
987 2561 1036 2618 est
1066 2555 1246 2638 postulatus
1268 2553 1419 2617 ecclesiae
1440 2551 1692 2631 Transsiluanae,

292 2656 414 2720 ratione
443 2657 535 2720 ouius
564 2662 681 2720 cuncta
702 2657 787 2720 bona
808 2659 998 2743 episcopalia
1030 2658 1171 2741 possidet
1193 2663 1225 2722 et
1248 2663 1409 2738 tamquam
1433 2661 1529 2738 caput
1550 2654 1693 2718 membra

223 2769 258 2824 20
293 2780 359 2843 sua
389 2760 538 2837 scilicet1)
565 2762 672 2844 ipsum
702 2760 878 2843 capitulum
907 2763 1070 2827 ferventer
1097 2762 1193 2827 fovet.
1230 2761 1435 2825 Econverso
1466 2759 1541 2822 dicti
1564 2757 1692 2842 plebani

292 2869 369 2929 sunt
390 2863 510 2928 debiles
532 2870 565 2929 et
586 2864 748 2949 praedicta
770 2866 891 2930 ratione
913 2867 973 2949 ipsi
996 2866 1164 2930 Ladislauo
1187 2866 1296 2929 odiosi.
1318 2865 1401 2928 Item
1422 2864 1538 2927 iustam
1562 2881 1691 2925 causam

293 2968 415 3031 timoris
447 2987 599 3052 expresse
632 2969 775 3032 indicant
809 2968 915 3051 verba,
952 2975 1103 3033 contenta
1134 2970 1168 3032 in
1196 2969 1288 3034 litera
1315 2967 1484 3048 Ladislaui,
1517 2974 1550 3030 et
1578 2967 1693 3030 modus

291 3069 453 3152 loquendi.
489 3069 572 3134 Nam
594 3092 668 3135 cum
691 3078 776 3137 esset
796 3079 926 3157 rogatus
949 3093 968 3137 a
990 3078 1079 3136 tanta
1100 3074 1318 3153 universitate,
1341 3073 1424 3137 sicut
1446 3078 1496 3136 est
1518 3070 1691 3152 Saxonum

293 3175 381 3256 quod
403 3174 588 3257 dignaretur
610 3177 703 3241 dictis
725 3177 868 3260 plebanis
883 3178 1057 3241 concedere
1079 3197 1228 3241 securum
1248 3178 1418 3241 transuum
1440 3195 1497 3260 per
1512 3175 1691 3239 districtum

221 3288 256 3343 25
291 3298 387 3342 suum
402 3279 441 3342 ad
457 3279 623 3343 dominum
637 3280 787 3364 legatum,
809 3282 877 3364 ipse
892 3280 1080 3345 ladislauus
1099 3281 1247 3365 precibus
1270 3281 1372 3345 dictae
1395 3280 1612 3344 universitatis
1627 3299 1691 3343 non

292 3382 410 3447 directe
432 3383 605 3467 respondit,
628 3385 673 3448 sic
696 3385 747 3449 vel
770 3404 845 3467 non,
869 3385 924 3449 sed
946 3406 1004 3468 per
1025 3384 1340 3450 circumlocutionem
1363 3385 1535 3450 verborum
1557 3389 1589 3448 et
1604 3383 1692 3447 oblo-

293 3487 421 3569 quendo
443 3488 609 3571 respondit
630 3489 753 3553 dicens:
786 3490 954 3555 Admoneo
976 3510 1044 3563 vos,
1068 3490 1154 3572 quod
1176 3491 1263 3573 ipsos
1285 3490 1439 3573 plebanos
1460 3489 1629 3570 inducatis,
1653 3494 1690 3553 ut

291 3591 496 3676 appellationi
519 3611 615 3673 quam
631 3593 778 3657 fecerunt
792 3600 904 3658 contra
919 3595 1093 3678 capitulum
1107 3594 1304 3677 praedictum
1320 3594 1510 3658 renuncient
1525 3600 1557 3656 et
1579 3598 1693 3673 cetera,

290 3695 378 3776 quod
389 3695 423 3757 ln
438 3695 572 3759 veritate
594 3695 673 3758 nihil
688 3702 737 3760 est
759 3697 846 3760 aliud
861 3697 966 3761 dIcere
981 3699 1043 3762 nisi
1054 3698 1122 3761 Vos
1143 3699 1262 3780 rogatis
1284 3698 1390 3762 mede
1413 3698 1472 3761 hoc
1488 3705 1520 3761 et
1531 3717 1590 3780 ego
1613 3717 1690 3780 rogo

222 3807 258 3862 30
292 3817 351 3862 vos
367 3798 406 3861 de
429 3798 496 3862 hoc.
519 3798 561 3863 Et
575 3800 637 3862 nisi
652 3800 790 3864 feceritis
805 3801 881 3863 mihi
894 3801 962 3883 hoc,
985 3821 1044 3884 ego
1059 3821 1125 3865 non
1142 3802 1254 3865 faciam
1270 3802 1361 3866 vobis
1383 3803 1451 3866 boc.
1475 3801 1562 3878 Quae
1585 3801 1691 3881 verta,

288 3920 354 3965 non
377 3908 426 3966 est
448 3901 591 3984 dubium,
621 3903 785 3968 confinem
806 3910 970 3987 terrorem,
1001 3925 1097 3987 quem
1119 3912 1274 3970 terrorem
1296 3907 1501 3990 postmodum
1525 3905 1691 3969 evidenter

289 4007 448 4091 expressit
469 4007 504 4070 in
524 4006 589 4071 fine
604 4006 724 4089 literae,
747 4008 856 4073 dicens
879 4011 1119 4074 commiuando:
1144 4010 1193 4074 Ne
1215 4011 1297 4074 forte
1320 4010 1484 4092 contingat
1499 4010 1544 4073 eis
1560 4010 1690 4092 gravius

288 4111 394 4195 ipsum
416 4111 561 4195 litiqum.
605 4111 687 4176 Item
710 4113 797 4194 quod
819 4113 980 4196 praedicta
1002 4114 1101 4178 verba
1122 4120 1230 4178 essent
1251 4114 1492 4177 comminatoria
1513 4119 1546 4176 et
1567 4112 1689 4175 illativa

289 4215 428 4297 terroris,
457 4221 545 4299 patet
573 4235 630 4299 per
658 4216 950 4300 interpretationem
979 4227 1012 4281 et
1043 4218 1250 4297 intellectum,
1285 4237 1380 4299 quem
1411 4236 1453 4280 ex
1484 4216 1568 4279 dicta
1600 4215 1691 4279 litera

220 4327 254 4381 35
289 4316 497 4395 ebcuenmt‘)
527 4325 575 4383 tot
603 4319 734 4403 praelati
765 4328 797 4385 et
826 4321 967 4403 comites,
997 4329 1029 4385 et
1059 4321 1252 4385 universitas
1285 4340 1342 4404 per
1375 4340 1449 4384 suus
1483 4325 1627 4403 patentes
1658 4326 1690 4383 et

289 4421 486 4486 authenticus
514 4422 623 4487 literas
652 4443 748 4507 super
779 4425 838 4488 hoc
868 4425 1084 4507 coniecerunt,
1114 4428 1335 4508 protestantes,
1366 4423 1486 4488 dIctum
1508 4422 1689 4487 ladislaum

289 4525 462 4609 denegasse
483 4526 529 4591 eis
551 4527 755 4592 securitatem
776 4528 899 4592 itinerIs
922 4533 954 4592 et
972 4529 1199 4592 comminatum
1215 4527 1323 4610 fuisse,
1346 4528 1405 4591 hoc
1428 4547 1579 4610 expresse
1601 4527 1690 4589 colli-

287 4635 408 4712 gentes,
430 4648 473 4693 ex
495 4631 589 4694 modo
611 4631 774 4713 loquendi,
805 4651 902 4714 quem
923 4633 999 4696 fecit
1019 4631 1195 4711 LadislauS,
1225 4638 1389 4714 tamquam
1413 4633 1467 4714 qui
1491 4637 1689 4715 cognoscunt

287 4752 393 4796 mores
414 4740 447 4797 et
468 4735 733 4800 consuetudinem
747 4736 855 4820 ipsius.
878 4737 958 4801 Item
976 4737 1061 4818 quod
1080 4736 1148 4819 ipse
1162 4736 1260 4800 luerit
1282 4737 1502 4817 comminatus,
1524 4740 1611 4819 patet
1632 4755 1689 4818 per

218 4844 255 4899 to
289 4835 398 4919 plures
413 4842 519 4919 testes,
542 4839 654 4903 saltem
669 4859 726 4923 per
742 4841 886 4922 quinque
910 4842 965 4922 qui
980 4841 1075 4904 iurati
1096 4840 1257 4921 dixerunt,
1280 4859 1314 4904 se
1336 4840 1454 4905 vidisse
1476 4846 1509 4904 et
1530 4839 1690 4904 audivisse

287 4939 394 5005 literas
414 4940 575 5005 ladislaui
605 4944 860 5007 comminatorias
883 4945 1040 5008 dictorum
1070 4944 1288 5028 plebanorum,
1319 4945 1375 5027 qui
1398 4944 1549 5008 volebant
1580 4944 1690 5008 venire

288 5044 328 5107 ad
350 5044 499 5128 legatum,
522 5051 555 5109 et
577 5065 619 5109 ex
641 5047 751 5111 multis
773 5047 844 5111 aliis
865 5049 991 5113 indiciis
1013 5056 1046 5113 et
1067 5049 1259 5113 coniecturis
1283 5067 1363 5130 quas
1385 5048 1512 5131 colliget
1532 5049 1691 5113 Industria

287 5148 504 5231 praesidentIs.
538 5148 590 5213 Ex
613 5150 730 5232 quibus
752 5156 877 5215 constat
906 5152 1039 5235 probata
1060 5171 1130 5216 esse
1157 5152 1350 5237 adplenum
1373 5152 1534 5237 praedicta
1556 5153 1688 5237 impedi·

287 5257 432 5317 mentum
453 5258 486 5318 et
507 5254 624 5318 iustam
646 5275 775 5320 causam
790 5255 921 5320 timoris.
947 5256 1029 5320 Item
1045 5257 1132 5338 quod
1146 5257 1215 5340 ipse
1233 5255 1400 5322 ladislaus
1415 5257 1621 5341 denegaverit
1643 5259 1689 5324 eis

219 5390 254 5445 45
446 5390 468 5458 ¹)
490 5389 623 5462 Vorlope:
640 5406 662 5445 s.

443 5476 466 5544 ¹)
488 5475 622 5547 roua:
640 5475 781 5533 suemus
