4106 6294
920 595 1076 693 jes-

452 786 566 851 Coram
588 786 679 850 vobis
694 786 869 851 reverendo
886 787 955 849 viro
972 786 1101 849 demine
1114 784 1259 869 Philippo
1275 786 1315 849 de
1326 784 1479 849 Sardinea
1494 784 1695 849 decretorum
1745 790 1809 877 ‚Pro

296 890 424 953 doctore
455 889 599 952 auditore
630 888 820 953 venerabilis
842 890 940 972 patris
962 889 1083 953 domini
1105 890 1212 953 fratris
1234 888 1369 953 Gentilis
1399 888 1695 971 apostolicaesedis
1728 868 1835 921 erstem,

296 993 390 1077 legati
419 993 557 1056 intendit
586 992 719 1076 probare
753 999 785 1056 et
813 991 909 1057 fidem
942 994 1046 1056 faeere
1068 992 1235 1075 Vagnolus
1261 993 1300 1056 de
1323 991 1486 1068 Menneu,
1510 998 1697 1076 procurator

297 1096 490 1160 substItutus
513 1116 532 1158 a
553 1095 729 1160 reverendo
753 1095 821 1159 viro
845 1096 974 1159 domino
991 1095 1141 1159 Bertoldo
1165 1094 1285 1159 decano
1301 1096 1340 1160 de
1356 1095 1468 1176 Zebus,
1491 1103 1696 1181 procuratore

244 1208 261 1261 θ
297 1207 417 1283 septem
433 1200 646 1284 capitulorum
662 1200 701 1263 de
715 1199 860 1283 partibus
873 1198 1107 1262 Transsiluanis
1116 1198 1137 1274 ¹)
1160 1202 1193 1262 et
1208 1199 1408 1280 quorundam
1432 1199 1641 1282 plebanorum
1656 1200 1696 1263 de

297 1302 389 1367 diuus
411 1303 557 1387 capitulis
580 1304 789 1367 existentium
810 1304 844 1365 in
866 1302 922 1367 lite
945 1322 1018 1365 eum
1040 1302 1178 1385 capitulo
1201 1302 1444 1368 l‘ranssiluanae
1467 1303 1627 1385 ecelesiae,
1655 1304 1710 1384 ad·

295 1407 513 1492 probationem
545 1407 625 1470 iuris
653 1408 704 1469 sui
730 1412 842 1470 eontra
864 1407 984 1470 dietum
1014 1407 1188 1490 capitulum
1221 1415 1253 1471 et
1275 1413 1386 1471 eontm
1408 1407 1593 1490 magistrum
1621 1406 1695 1470 Plri-

296 1511 419 1595 lippum
441 1510 481 1574 de
503 1510 640 1593 Cingulo
663 1516 901 1594 procuratorem
924 1511 1132 1574 substitutum
1156 1532 1175 1574 a
1197 1512 1325 1575 domino
1348 1511 1464 1574 Sancto
1490 1515 1695 1593 procuratore

298 1614 372 1678 dieti
395 1614 525 1697 capituli
547 1614 632 1677 intra
654 1615 770 1698 scripta
792 1614 941 1678 videlicet

227 1726 260 1780 10
450 1717 609 1801 Imprimis
633 1719 719 1799 quod
742 1738 761 1781 a
783 1719 1018 1800 quinquaginta
1033 1719 1126 1781 annis
1141 1719 1220 1781 eitra
1235 1724 1268 1781 et
1290 1739 1387 1802 supra
1408 1719 1448 1781 de
1463 1718 1695 1781 consuetudine
1722 1727 1736 1779 Ι

295 1821 461 1884 obtentum
484 1828 533 1885 θεῖ
555 1827 587 1884 θῖ
609 1828 773 1885 servatum
795 1820 924 1905 paoifiee
947 1826 979 1885 et
995 1822 1102 1902 quiete
1119 1823 1151 1884 in
1175 1841 1272 1905 regno
1289 1822 1458 1905 Vngariae,
1483 1822 1570 1903 quod
1584 1821 1694 1884 literae

294 1924 450 1989 baronum
472 1925 626 2009 sigillatae
648 1926 760 2009 sigillis
782 1926 924 2009 ipsorum
946 1924 1042 1989 fidem
1065 1926 1187 1989 faciunt
1209 1927 1243 1988 in
1267 1925 1385 1989 iudicio
1409 1925 1629 1990 eeclesiastico.

448 2028 531 2093 ltem
562 2029 648 2112 quod
677 2030 760 2094 idem
792 2037 823 2094 et
853 2029 965 2093 eodem
994 2029 1089 2093 modo
1113 2029 1278 2094 obtentum
1306 2034 1354 2093 est
1376 2030 1415 2093 de
1437 2029 1537 2094 literis
1560 2030 1695 2092 aliorum
1721 2038 1748 2091 11

295 2132 450 2196 nobilium
473 2132 636 2198 laieorum.

226 2245 259 2298 15
449 2238 530 2302 Item
554 2238 640 2319 quod
661 2238 747 2302 idem
770 2243 802 2301 et
817 2238 929 2302 eodem
944 2238 1039 2301 modo
1055 2238 1221 2301 obtentum
1237 2244 1285 2301 θεῖ
1300 2245 1332 2301 θῖ
1353 2242 1515 2302 servatum
1539 2236 1578 2299 de
1593 2236 1693 2300 literis
1719 2245 1760 2298 111

294 2342 447 2406 comitum
469 2348 501 2406 θῖ
522 2342 768 2406 universitatum
791 2342 1009 2405 saecularium.

448 2445 529 2508 Item
546 2446 632 2527 quod
654 2445 739 2509 idem
754 2452 787 2509 θῖ
802 2445 913 2509 eodem
929 2446 1023 2508 modo
1040 2446 1206 2508 obtentum
1222 2452 1270 2509 est
1292 2444 1331 2507 de
1347 2444 1445 2507 literis
1459 2445 1694 2526 praedictorum
1721 2451 1776 2504 1111

293 2549 445 2613 contectis
474 2550 509 2612 in
541 2568 579 2613 ea
600 2548 710 2629 forma,
740 2549 775 2610 in
807 2567 871 2629 qua
899 2554 975 2611 sunt
997 2547 1107 2612 literae
1137 2549 1288 2611 uomitum
1316 2553 1348 2611 et
1370 2548 1587 2611 universitatis
1610 2546 1694 2611 Oibi-

292 2653 413 2717 niensis
442 2653 616 2736 productae
645 2654 678 2715 in
701 2653 819 2716 iudicio
842 2672 948 2716 eoram
972 2650 1072 2733 vobis,
1105 2670 1184 2732 quas
1208 2650 1312 2714 officio
1337 2656 1441 2715 vestro
1464 2656 1537 2734 peto
1560 2650 1695 2715 testibus

224 2762 260 2817 20
294 2756 357 2839 legi
379 2757 430 2821 vel
453 2775 510 2839 per
531 2777 590 2820 vos
612 2757 665 2821 vel
687 2757 793 2820 alium.

448 2859 529 2923 Item
552 2860 638 2941 quod
660 2861 781 2943 pluries
803 2867 836 2925 et
857 2861 978 2944 pluries
993 2879 1050 2943 per
1068 2860 1189 2922 iudices
1204 2859 1433 2924 ecclesiasticos
1456 2859 1628 2922 iudicatum
1645 2864 1694 2922 θεῖ
1721 2866 1746 2916 v

294 2964 470 3027 seeundum
493 2963 609 3027 dletam
631 2965 897 3028 consuetudinem
921 2963 1087 3047 allegatam
1110 2983 1217 3026 eoram
1240 2964 1294 3026 eis.

448 3066 529 3130 Item
552 3068 638 3148 quod
660 3067 745 3131 idem
762 3075 794 3131 θῖ
816 3068 925 3132 eodem
943 3068 1037 3130 modo
1054 3067 1220 3131 obtentum
1244 3074 1293 3130 est
1316 3075 1348 3131 et
1363 3076 1525 3130 servatum
1541 3067 1580 3130 de
1595 3066 1694 3129 literis
1723 3071 1757 3124 Vl

292 3169 507 3253 praelatorum
528 3170 681 3235 confectis
712 3173 745 3234 in
769 3192 807 3235 ea
828 3173 938 3253 forma,
969 3172 1002 3234 in
1027 3191 1091 3253 qua
1120 3176 1197 3233 sunt
1219 3171 1329 3236 literae
1353 3170 1554 3251 quorundam
1569 3169 1694 3252 religio·

223 3280 257 3336 26
293 3293 401 3337 sorum
431 3279 464 3337 et
485 3276 697 3338 saeeulanum
719 3276 941 3358 praelatorum,
972 3295 1079 3339 eoram
1101 3274 1192 3338 vobis
1219 3294 1276 3358 per
1300 3275 1420 3338 dietum
1443 3275 1598 3338 decanum
1620 3293 1694 3356 pro·

292 3383 472 3442 curatorem
501 3379 683 3462 productae,
719 3398 798 3460 quas
827 3379 971 3443 similiter
1005 3385 1079 3462 peto
1111 3377 1217 3442 officio
1250 3384 1357 3441 vestro
1391 3377 1534 3441 exhiberi
1568 3384 1600 3441 θῖ
1633 3377 1694 3459 legi

295 3481 430 3546 testibus
452 3502 510 3565 per
531 3502 590 3545 vos
612 3481 664 3545 vel
687 3482 792 3545 allum.

446 3585 528 3649 Item
541 3586 627 3666 quod
640 3585 724 3649 inter
734 3588 930 3668 praedictum
943 3586 1118 3670 capitulum
1130 3586 1391 3649 Trunssiluanum
1406 3593 1438 3649 et
1454 3586 1692 3649 universitatem
1720 3591 1771 3644 VII

291 3689 484 3772 praedictam
507 3688 720 3753 Oibiuiensem
751 3690 919 3753 aduobus
942 3691 1035 3753 annis
1065 3691 1145 3753 eitra
1174 3691 1235 3753 tuit
1257 3710 1321 3773 par
1344 3698 1375 3752 et
1401 3689 1440 3752 ad
1464 3708 1614 3773 praesens
1636 3695 1691 3752 est.

222 3798 257 3853 30
446 3792 527 3857 item
560 3794 647 3874 quod
677 3793 803 3857 adioto
827 3800 968 3877 tempore
991 3796 1070 3857 citra
1102 3794 1244 3857 canonici
1269 3793 1344 3857 dieti
1367 3793 1496 3877 capituli
1520 3798 1694 3876 potuerunt
1719 3799 1786 3852 vm

293 3897 421 3977 quando
445 3896 618 3960 voluerunt
641 3917 753 3961 secure
775 3902 807 3961 et
829 3897 927 3961 libere
949 3904 1105 3979 quantum
1122 3904 1170 3961 est
1192 3904 1337 3980 exparte
1360 3897 1461 3960 dietae
1476 3896 1694 3960 universitatis

291 3999 347 4082 ire,
377 4005 462 4065 stare
493 4006 525 4064 et
546 4000 650 4064 redire
673 4001 713 4064 ad
737 4006 843 4084 partes
870 4001 1058 4071 stlocum
1082 4001 1199 4082 quibus
1229 4001 1313 4064 dieta
1335 4001 1527 4064 universitas
1548 4000 1693 4063 iurisdie-

292 4104 412 4168 tionem
434 4110 466 4169 et
488 4105 667 4169 districtum
690 4105 792 4169 habet.

446 4206 527 4271 item
550 4208 636 4290 quod
667 4209 811 4273 horrrines
842 4209 911 4271 laici
934 4209 1036 4271 dictae
1059 4208 1276 4271 universitatis
1299 4229 1318 4269 a
1340 4208 1423 4270 dicto
1447 4214 1589 4290 tempore
1612 4207 1692 4270 eitra
1720 4213 1796 4266 tltll

222 4317 256 4370 35
292 4310 441 4373 etfssmodo
463 4311 625 4393 praedicto
648 4317 824 4395 potuerunt
847 4311 976 4393 quando
999 4311 1172 4375 voluerunt
1188 4312 1242 4377 ire.
1265 4318 1348 4373 stare
1371 4318 1404 4373 et
1425 4311 1529 4374 redire
1551 4311 1585 4373 in
1602 4310 1692 4372 terri-

291 4413 409 4477 torium
425 4420 457 4477 et
472 4414 650 4478 districtum
664 4415 739 4478 dieti
748 4414 770 4493 ¹)
785 4415 914 4497 capituli
930 4434 1051 4497 secure,
1067 4422 1224 4497 quantum
1239 4423 1287 4479 est
1302 4434 1344 4478 ex
1359 4422 1448 4497 parte
1463 4415 1539 4477 dieti
1554 4412 1692 4496 capituli.

445 4518 527 4581 Item
550 4519 637 4600 quod
668 4518 788 4601 pluries
810 4524 842 4581 et
865 4518 984 4601 pluries
1007 4518 1105 4600 aliqui
1129 4518 1275 4582 dedicta
1302 4518 1440 4601 capitulo
1464 4538 1483 4581 a
1505 4518 1588 4581 dicto
1612 4524 1691 4580 tem·
1718 4522 1743 4575 x

289 4639 366 4703 pore
397 4622 477 4684 eitra
507 4626 539 4685 et
568 4622 662 4685 modo
693 4622 853 4704 praedicto
876 4623 1005 4686 iverunt
1028 4622 1153 4704 publice
1186 4623 1218 4685 in
1243 4622 1437 4686 territorium
1460 4629 1492 4685 et
1514 4621 1690 4684 districtum

290 4724 392 4788 dietae
423 4725 639 4789 universitatis
669 4732 701 4788 et
731 4746 748 4788 e
777 4745 932 4790 rerrverao
955 4726 1054 4807 aliqui
1089 4725 1235 4789 dedicta
1258 4726 1520 4790 universitatem
1544 4724 1692 4787 fortiaet

221 4834 257 4888 40
292 4827 500 4905 dIstrictumll
523 4829 661 4912 capituli,

447 4932 528 4996 Item
563 4933 648 5014 quod
683 4933 722 4997 de
757 4934 925 5016 praedietis
958 4939 1006 4997 est
1041 4933 1168 5015 publiea
1200 4954 1266 4997 vox
1300 4940 1333 4997 et
1366 4935 1450 4997 tama
1482 4933 1513 4995 in
1548 4932 1692 5016 partibus
1718 4938 1759 4991 XI

289 5033 530 5101 transsiluanis.

450 5226 470 5291 ¹)
493 5223 626 5295 Vorluqe:
644 5226 676 5278 da
694 5223 858 5279 'lranssiluis

445 5312 467 5377 ¹)
486 5310 615 5380 Hierasos
627 5312 793 5381 pestrirdan:
811 5312 997 5367 universItatis.

220 5396 255 5449 45
445 5396 468 5464 ⁹)
490 5396 622 5468 Vorlupe:
640 5398 766 5452 dstiiom
