4088 6292
976 578 1130 673 —2—34—

352 784 417 828 una
450 769 482 827 et
511 764 637 827 villicus
664 786 701 829 ac
733 764 843 849 populi
871 765 911 829 de
942 765 1116 831 Cornachel
1147 772 1237 850 parte
1266 767 1305 830 ab
1339 767 1438 831 altera
1470 767 1609 850 pertaesi
1640 767 1749 851 litigia,

352 868 470 950 quibus
500 876 600 932 semet
629 869 766 933 invicem
789 867 970 934 afficiebant
992 877 1023 934 et
1047 871 1163 934 bonam
1184 877 1436 955 perpetuamque
1463 871 1649 936 anhelantes
1671 872 1749 935 rici-

351 973 492 1053 nitatem,
522 972 617 1036 talem
646 973 729 1036 inter
759 992 793 1036 sc
823 974 956 1037 iecerint
985 975 1187 1038 concordiam
1218 975 1307 1038 nullo
1330 995 1483 1056 umquam
1517 979 1660 1059 tempore
1681 980 1749 1038 tur·

351 1076 487 1140 bandam
503 1076 563 1140 sub
579 1096 676 1141 onere
691 1077 800 1141 decem
815 1097 994 1141 marcarum
1016 1079 1122 1161 gravis
1136 1079 1295 1162 ponderis,
1319 1078 1405 1161 qnod
1426 1078 1546 1143 directa
1560 1084 1593 1143 et
1607 1079 1749 1161 aequalis

352 1180 504 1244 medietas
534 1181 616 1263 prati
646 1182 730 1246 inter
752 1182 838 1265 ipsos
859 1181 922 1245 huc
945 1183 984 1245 ad
1007 1202 1112 1264 usque
1141 1183 1268 1266 litigiosi
1296 1182 1385 1246 Gura
1414 1184 1519 1246 vocati
1548 1183 1749 1266 possideatur
1783 1192 1800 1244 5

350 1283 480 1367 pacifice
501 1303 559 1368 per
580 1284 716 1368 populos
738 1291 770 1347 et
791 1284 1019 1350 inhabitatores
1042 1286 1137 1351 villae
1163 1286 1202 1351 de
1226 1286 1354 1367 Zahath,
1385 1287 1484 1350 altera
1506 1306 1583 1351 vero
1606 1287 1749 1369 aequalis

351 1392 383 1451 et
405 1387 525 1451 directa
546 1387 698 1451 medietas
713 1388 783 1451 eius
797 1388 880 1470 prati
896 1408 979 1469 quae
994 1389 1100 1452 rivulo
1123 1389 1331 1472 distinguitur
1345 1389 1546 1474 possideatur
1569 1391 1677 1472 quieta
1691 1410 1749 1475 por

350 1491 436 1574 ipsos
458 1491 594 1575 populos
616 1497 649 1554 et
669 1491 896 1555 inhabitatores
918 1492 957 1555 de
981 1493 1064 1556 dicta
1083 1492 1266 1573 (1000001001,
1295 1493 1408 1557 harum
1429 1500 1612 1559 nostrarum
1634 1496 1748 1560 robore

352 1601 384 1659 et
412 1595 593 1659 testimonio
621 1594 785 1658 literarum
815 1595 982 1677 mediante,
1014 1616 1094 1677 quas
1123 1597 1257 1679 registro
1289 1615 1419 1678 quoque
1447 1598 1599 1663 ecclesiae
1620 1606 1748 1663 nostrae

350 1699 448 1762 inseri
477 1699 619 1762 lecimus.
656 1697 774 1762 Datum
806 1699 964 1763 dominica
992 1702 1139 1783 proxima
1167 1706 1240 1784 post
1267 1702 1383 1766 festum
1414 1703 1609 1766 ascensionis
1638 1703 1748 1767 beatae
1784 1707 1818 1762 10

351 1803 469 1868 Mariae
492 1803 624 1887 virgime
647 1803 811 1888 gloriosae,
834 1823 918 1868 anuo
942 1805 1064 1868 domini
1086 1805 1254 1870 millesimo
1278 1806 1500 1870 ueoentesimo
1523 1812 1624 1871 sexto.

1007 2132 1101 2217 300.

427 2301 537 2369 1307
563 2294 648 2370 Mai
671 2303 731 2370 17.
759 2297 838 2370 Dos
863 2297 1143 2390 Weisscaburpcr
1169 2299 1314 2391 Kopitcl
1340 2299 1531 2391 0091000001
1557 2299 1748 2371 0100οΕ10-

349 2420 518 2492 sobrciton
553 2421 612 2492 des
646 2419 839 2509 Mapistars
864 2419 1035 2492 Beaedikt
1070 2421 1126 2493 die
1161 2418 1325 2493 Urluudc
1360 2421 1419 2492 des
1450 2420 1751 2493 Grmaaardeiucr

351 2540 511 2632 Kapitela
536 2543 731 2612 0001304
758 2539 825 2612 Nr.
848 2542 930 2612 300
956 2541 1141 2631 betreffcad
1169 2540 1432 2632 Gccpesobdorfi
1784 2556 1819 2610 15

511 2703 587 2773 Orip.
599 2705 680 2773 Perp.
697 2704 801 2773 dapar.
811 2704 1019 2758 Laudcaarcbie
1028 2705 1179 2772 Budopcat.
1198 2703 1285 2774 Siapcl
1297 2705 1380 2771 rand,
1392 2704 1589 2759 Dardimoaacr
1600 2708 1617 2758 4
1628 2703 1749 2771 (lentim,

455 2806 514 2843 war
531 2790 563 2843 iu
580 2791 687 2845 weisses
711 2791 811 2844 Wucha
828 2792 885 2858 aas
897 2792 947 2845 dar
965 2791 1108 2845 Rrickscile
1126 2791 1315 2861 aufqedrrickl.

506 2965 573 3029 Nos
602 2966 777 3050 capitulum
806 2966 956 3030 ecclesiae
985 2966 1068 3031 beati
1093 2966 1266 3047 Mychaelis
1296 2965 1475 3047 archangeli
1504 2963 1749 3028 Γ1000001100000

351 3068 565 3152 significamus
600 3069 718 3151 quibus
751 3070 881 3154 expedit
913 3076 945 3134 et
976 3076 1159 3153 praesentes
1193 3069 1408 3132 ostenduntur
1441 3068 1657 3152 praesentium
1693 3086 1750 3151 per

352 3177 494 3237 tenorem
517 3173 686 3251 universis,
716 3174 803 3255 quod
833 3175 982 3255 magister
1004 3174 1197 3237 Benedictus
1220 3173 1324 3236 dictus
1346 3171 1457 3236 Solum
1487 3172 1631 3236 serviens
1653 3190 1750 3235 vene·
1785 3177 1820 3231 20

351 3275 460 3339 rabilis
489 3278 588 3360 patris
616 3277 736 3341 domini
766 3277 853 3341 Petri
883 3277 1020 3361 episcopi
1051 3276 1183 3359 praelati
1211 3276 1312 3339 nostri
1340 3275 1507 3338 reverendi
1537 3275 1578 3338 ad
1608 3281 1751 3339 nostram

351 3379 529 3443 accedendo
551 3380 761 3464 personaliter
782 3381 992 3464 praesentiam
1012 3378 1159 3443 exhibuit
1181 3378 1273 3442 nobis
1295 3379 1420 3442 literam
1435 3384 1596 3461 patentem
1620 3378 1750 3461 capituli

351 3482 502 3546 ecclesiae
523 3483 753 3564 Waradycnsis
775 3503 871 3566 super
892 3483 1060 3546 collatione
1084 3502 1141 3546 000
1171 3482 1342 3546 donatione
1358 3482 1562 3545 dimidietatis
1584 3481 1750 3545 cuiusdam

351 3586 560 3667 possessionis
583 3586 807 3670 Gerugurlaya
839 3593 1042 3670 nuncupatae
1072 3587 1249 3650 conlectam
1278 3592 1390 3669 petens
1421 3605 1480 3649 000
1510 3605 1583 3649 cum
1612 3585 1751 3649 humilli-

351 3707 476 3752 marum
498 3709 629 3774 precum
658 3692 818 3769 instantia
848 3697 885 3755 ut
908 3696 1050 3754 tenorem
1073 3690 1215 3753 eiusdem
1239 3689 1278 3753 de
1310 3688 1406 3751 verbo
1436 3688 1476 3751 ad
1499 3689 1643 3771 verbum,
1674 3689 1751 3771 quia
1785 3693 1819 3748 25

352 3792 486 3857 eandem
515 3800 644 3878 propter
673 3794 856 3858 discrimina
884 3796 1010 3858 riarum
1033 3799 1065 3857 et
1086 3792 1238 3875 temporis
1259 3792 1406 3875 impacati
1437 3792 1622 3874 qualitatem
1650 3793 1750 3857 acob

351 3895 552 3960 formidinem
575 3917 706 3962 suorum
730 3898 938 3963 adversorum
961 3900 987 3962 si
1010 3916 1140 3961 necesse
1161 3894 1252 3959 fieret
1267 3894 1370 3958 eidem
1385 3894 1463 3958 alias
1478 3896 1518 3958 ad
1533 3895 1750 3960 exhibendum

239 4055 244 4067 .
352 4005 385 4062 et
413 4001 679 4082 praesentandum
709 4002 792 4066 terre
822 4002 1013 4083 formidaret
1048 3999 1231 4063 transscribi
1259 3999 1444 4063 taceremus.
1489 4000 1589 4063 Cuius
1621 3999 1750 4082 quidem

351 4102 461 4167 literae
476 4105 614 4187 patentis
636 4111 685 4168 est
700 4109 791 4169 tenor
810 4105 889 4168 talis.
911 4103 1078 4189 (100000
1101 4101 1247 4168 Urlcuudc
1261 4102 1313 4165 dcc
1331 4101 1596 4167 Groaaoardciner
1611 4101 1752 4185 Kapitala

351 4205 585 4271 0001301Νν.
609 4208 700 4288 300.)
722 4208 789 4272 Nos
810 4209 909 4291 igitur
930 4208 1073 4272 eiusdem
1095 4208 1236 4291 magistri
1251 4207 1415 4272 Benedicti
1431 4206 1638 4290 petitionibus
1660 4207 1750 4271 iaro-
1785 4209 1821 4265 30

351 4310 503 4375 rabilibus
526 4312 619 4375 iustis
641 4316 674 4375 et
696 4311 789 4375 licitis
811 4318 990 4376 annuentes
1014 4316 1050 4375 ut
1072 4317 1219 4375 tenemur
1234 4317 1378 4374 tenorem
1393 4310 1537 4374 eiusdem
1558 4310 1669 4374 literae
1684 4329 1749 4373 non

352 4414 569 4497 cancellatum,
600 4435 665 4478 non
695 4415 844 4479 abrasum
872 4435 931 4479 nec
961 4417 994 4478 in
1025 4415 1132 4497 aliqua
1162 4416 1212 4478 sui
1243 4418 1332 4498 parte
1355 4414 1504 4481 vitiatum
1528 4413 1567 4477 de
1590 4412 1688 4477 verbo
1711 4413 1751 4476 ad

352 4518 486 4581 verbum
507 4518 665 4583 insertum
686 4520 805 4582 nostris
826 4518 1010 4603 patentibus
1031 4518 1132 4581 literis
1146 4518 1298 4581 iacientes
1319 4518 1516 4601 appositione
1540 4518 1641 4580 nostri
1656 4516 1751 4601 sigilli

351 4621 539 4686 roborando.
583 4621 701 4686 Datum
735 4622 815 4686 feria
844 4628 957 4703 quarta
985 4622 1133 4704 proxima
1161 4625 1235 4705 post
1264 4620 1479 4702 Pentecosten
1512 4639 1596 4684 anno
1631 4619 1751 4683 domini

352 4725 519 4790 millesimo
543 4704 644 4791 cdd.
667 4727 810 4811 septimo.
1786 4729 1821 4782 35

1010 5017 1101 5100 307.

428 5182 528 5255 Dauo
554 5186 664 5254 1307
688 5181 769 5254 Juli
794 5183 858 5253 22.
899 5178 1070 5253 Woa'wode
1095 5180 1286 5252 1002101000
1313 5179 1469 5251 bereum
1495 5176 1551 5249 du
1580 5175 1754 5267 Togsoltrt

352 5304 486 5395 betreffs
516 5303 786 5395 Garpescbdorfs
804 5302 875 5392 sair
897 5300 1014 5374 Oomas
1043 5299 1165 5392 Tyana
1191 5299 1265 5372 000
1290 5299 1465 5390 1110901ον
1491 5297 1662 5371 Beacdibt
1687 5297 1761 5386 auf

352 5425 420 5501 deu
444 5428 510 5500 25.
537 5423 618 5498 Juli
643 5446 700 5497 aa.
