4088 6292
913 526 1068 624 je-

287 716 327 781 do
350 715 494 799 quolibet
514 722 619 780 aratro
641 735 745 780 unum
766 716 923 781 fertonem
938 736 996 802 pro
1020 717 1150 783 decimis
1165 718 1277 799 solvat,
1299 717 1410 802 populi
1425 723 1532 782 antem
1547 718 1690 801 ipsomm

287 819 446 884 nobilium
467 825 499 884 et
514 819 680 884 Saxonum
703 820 743 884 de
759 820 894 904 singulis
909 821 1041 904 capetiis
1056 821 1183 886 solvant
1198 841 1300 885 unum
1315 821 1450 905 pondus,
1471 826 1504 885 et
1517 821 1691 884 decimator

287 943 354 987 non
375 942 432 1008 per
454 943 498 1005 se,
521 923 577 987 sed
599 943 673 987 cum
688 924 816 988 bomine
831 924 1019 1007 parochialis
1034 926 1159 990 comitis
1175 926 1280 989 dicare
1296 925 1416 989 debeat
1447 923 1558 1006 Usque
1573 923 1691 987 testum

289 1027 390 1091 sancti
411 1027 540 1090 Martini
563 1045 660 1110 super
686 1027 865 1092 iuramento
895 1028 1087 1112 populorum
1114 1028 1270 1093 nobilium
1295 1030 1382 1112 ipsae
1405 1028 1545 1091 decimae
1567 1027 1688 1110 persol-

236 1137 253 1191 o
288 1137 415 1213 vantur,
446 1136 519 1214 post
549 1131 655 1213 ipsum
685 1136 793 1195 autern
822 1132 939 1195 testum
962 1132 1111 1196 credatur
1133 1133 1362 1197 decimatorum
1384 1133 1572 1195 iuramento.
1609 1130 1691 1194 Item

290 1235 430 1299 doctmae
452 1235 519 1297 vini
541 1234 575 1297 iu
598 1239 771 1298 anctnmno
794 1235 827 1296 in
851 1235 957 1318 specie
978 1235 1173 1319 recipiantur
1188 1256 1262 1300 cum
1283 1242 1398 1299 musto.
1422 1234 1455 1298 Si
1470 1253 1547 1298 vero
1564 1239 1691 1317 tempus

289 1339 367 1403 novi
381 1339 448 1402 uini
463 1339 532 1402 sive
546 1339 645 1402 musti
659 1338 694 1401 in
708 1338 866 1422 exigendo
883 1338 1072 1421 distulerint,
1087 1340 1263 1403 aestimatio
1275 1338 1295 1418 ¹)
1313 1340 1380 1403 sivo
1394 1339 1533 1422 pretium
1548 1337 1692 1402 solvatur

290 1461 348 1526 pro
370 1440 514 1520 musto).
547 1442 629 1506 Item
658 1441 869 1525 privilegium,
900 1442 986 1525 quod
1016 1462 1091 1507 cum
1113 1442 1201 1507 bulla
1222 1463 1319 1507 aurea
1340 1443 1563 1525 consignatum
1585 1442 1692 1523 fuerit,

291 1546 518 1611 acanoellario
548 1546 659 1610 decem
679 1547 794 1609 marcis
821 1546 944 1629 argenti
967 1547 1079 1610 redimi
1102 1547 1215 1611 debeat
1236 1552 1294 1611 aut
1315 1566 1422 1610 marca
1443 1546 1521 1610 auri
1559 1544 1593 1610 Si
1615 1564 1692 1609 vero

224 1654 258 1709 10
291 1649 352 1714 sub
374 1649 526 1734 pendenti
548 1648 650 1733 sigillo
673 1668 765 1713 cereo
788 1650 893 1731 tuerit,
915 1671 935 1714 a
955 1651 1212 1715 vicecancellario
1227 1670 1335 1714 marca
1349 1650 1471 1733 argenti
1486 1657 1518 1714 et
1533 1670 1552 1712 a
1567 1650 1690 1713 notario

291 1753 415 1818 fertone
444 1753 627 1818 redimatur.
665 1752 747 1817 Item
770 1750 780 1834 [
901 1753 949 1838 ]es
957 1753 980 1834 ⁸)
1006 1752 1096 1836 aut[
1199 1754 1223 1839 t]
1232 1752 1255 1833 ⁴)
1287 1754 1350 1818 duo
1380 1750 1480 1838 pond[
1597 1752 1640 1837 1⁶)
1663 1758 1695 1817 et

292 1852 394 1939 deela[
498 1856 541 1941 ]⁶)
564 1876 666 1921 unum
690 1855 843 1940 pondus[
1257 1857 1300 1943 Γ)
1315 1853 1494 1938 videlicet)
1650 1855 1692 1940 ]⁸)

291 1959 502 2025 iudicabimus
521 1960 633 2025 ordine
653 1960 818 2025 iudiciario
841 1980 953 2025 causas
973 1961 1167 2044 litigantium
1189 1967 1425 2045 cognoscentes.
1456 1961 1537 2025 Item
1559 1961 1594 2023 in
1613 1979 1694 2042 quo-

292 2063 370 2128 libet
391 2083 476 2127 anno
507 2064 606 2129 semel
628 2084 739 2129 omnes
762 2065 897 2129 barones
919 2070 952 2128 et
973 2066 1097 2131 nobiles
1119 2067 1210 2149 regni
1232 2066 1334 2129 nostri
1356 2065 1472 2129 Albam
1498 2064 1538 2128 ad
1561 2084 1693 2148 congre·

225 2174 259 2227 15
294 2168 453 2252 gationem
477 2168 613 2232 debeant
634 2169 806 2233 convenire
829 2165 841 2250 [
945 2168 987 2253 1⁹)
1011 2170 1051 2233 de
1073 2175 1158 2233 statu
1179 2171 1270 2252 regni
1289 2176 1320 2233 et
1334 2169 1533 2251 inquirentes
1548 2169 1588 2232 de
1603 2168 1694 2231 tactis

293 2271 459 2353 baronum,
483 2272 620 2355 qualiter
642 2272 776 2355 quilibet
797 2273 940 2357 ipsorum
962 2275 994 2336 in
1018 2275 1085 2338 suls
1108 2273 1310 2338 comitatibus
1331 2273 1545 2357 processerint
1566 2278 1599 2336 et
1618 2291 1694 2335 con·

294 2376 494 2440 servaverint
522 2377 595 2440 iura
623 2377 721 2459 regni.
759 2376 802 2441 Ilt
830 2378 1007 2441 secundum
1034 2398 1093 2442 sua
1114 2378 1228 2442 merita
1249 2377 1391 2461 praemla
1412 2382 1445 2441 et
1467 2376 1621 2440 demerita
1642 2375 1695 2439 vel

294 2480 462 2543 commissa
490 2479 645 2563 supplicia
674 2481 744 2563 ipso
767 2480 818 2545 die
841 2480 1017 2545 secundum
1041 2480 1194 2543 iudicium
1217 2486 1364 2545 nostrum
1387 2485 1420 2544 et
1441 2480 1694 2543 consiliariorum

295 2590 479 2647 nostrorum
500 2584 667 2668 recepturi.
690 2583 772 2648 Item
791 2585 1007 2648 concessimus
1023 2585 1118 2667 quod,
1141 2585 1258 2667 siquis
1273 2583 1430 2648 nobilium
1445 2584 1513 2647 sire
1529 2583 1695 2648 Saxonum

226 2690 261 2746 20
295 2687 528 2770 praedictorum
551 2688 620 2751 siue
641 2688 757 2751 herede
780 2688 958 2771 decesserit
981 2690 1198 2772 possessiones
1220 2689 1265 2752 sic
1282 2687 1464 2752 decedentis
1480 2687 1695 2769 hereditariae,

295 2791 455 2874 emptitiae
485 2797 518 2856 et
546 2791 641 2855 etiam
670 2792 843 2873 acquisitae
871 2791 1056 2857 nullatenus
1079 2792 1215 2857 debeant
1236 2791 1410 2856 confiscari
1449 2790 1512 2855 Sed
1533 2792 1619 2856 idern
1642 2791 1696 2856 de·

296 2894 412 2958 cedens
432 2895 622 2979 propinquis
645 2895 712 2959 suis
734 2901 790 2958 aut
812 2894 907 2958 alicui
922 2896 1177 2979 propinquorum
1192 2916 1250 2960 seu
1265 2896 1361 2959 uxori
1377 2894 1428 2960 vel
1444 2896 1539 2959 etiam
1556 2894 1697 2960 eoelesIIs

295 3017 353 3082 pro
383 2998 522 3062 remedio
553 2999 676 3062 anImae
707 3018 784 3063 suae
814 2998 920 3082 legare
949 2998 982 3061 in
1006 3004 1107 3063 morte
1130 3004 1162 3063 et
1183 3000 1328 3064 conferre
1351 2999 1384 3063 in
1408 3001 1482 3075 vita,
1505 2999 1697 3081 cuicumque

297 3102 443 3185 voluerit,
464 3101 597 3166 liberam
618 3102 732 3166 habeat
746 3102 937 3166 facultatem.
975 3101 1056 3166 Item
1078 3103 1106 3166 si
1129 3103 1185 3185 qui
1207 3104 1330 3168 nobiles
1353 3109 1410 3167 aut
1431 3103 1484 3166 alii
1506 3108 1698 3167 nocumenta

227 3210 262 3265 25
296 3206 471 3289 intulerint
494 3208 522 3269 si
543 3226 586 3270 ex
608 3205 776 3270 clementia
797 3207 884 3289 regia
905 3207 1051 3290 personis
1073 3226 1185 3271 eorum
1207 3226 1337 3291 parcere
1360 3212 1511 3291 oporteat,
1536 3206 1587 3270 vel
1603 3206 1697 3270 debe·

297 3330 397 3392 amus,
428 3309 667 3393 querelantibus
697 3316 803 3374 tamen
833 3310 986 3391 iustitiam
1017 3311 1231 3374 omnimodam
1260 3311 1421 3374 faciemus.
1466 3310 1546 3374 Item
1575 3311 1697 3392 siquis

296 3414 536 3478 malefactorum
569 3432 677 3477 coram
707 3414 814 3496 aliquo
844 3414 949 3478 iudice
979 3416 1146 3479 convictus
1168 3415 1343 3498 aufugerit,
1377 3414 1562 3478 nullatenus
1590 3414 1697 3498 ipsum

297 3518 487 3601 recipiemus
517 3537 576 3582 nec
604 3518 699 3581 etiam
730 3518 941 3599 defensamus,
972 3524 1004 3583 et
1034 3519 1177 3583 similiter
1206 3537 1263 3602 per
1292 3519 1429 3582 barones
1460 3519 1610 3581 nolumus
1639 3536 1699 3581 nec

297 3622 455 3706 patiemur
481 3622 647 3686 defensari
685 3621 855 3686 Praeterea
882 3622 908 3685 si
939 3622 1038 3705 aliqui
1067 3642 1109 3687 ex
1139 3624 1216 3706 ipsIs
1245 3621 1415 3706 regnicolis
1446 3622 1565 3685 nostris
1590 3622 1624 3683 vi
1646 3621 1697 3684 vel

229 3728 265 3783 30
298 3732 387 3790 metu
407 3726 625 3809 possessiones
647 3746 722 3790 suas
745 3725 967 3807 vendidenmt,
989 3733 1133 3789 autnon
1156 3726 1332 3790 vendentes
1354 3726 1567 3790 instrumenta
1588 3724 1699 3788 vendi-

300 3830 395 3893 tionis
410 3835 522 3893 contra
536 3849 570 3894 se
585 3830 846 3914 praepotentibus
864 3828 978 3894 confici
992 3829 1092 3892 coacti
1107 3828 1293 3912 fuerunt10),
1309 3831 1336 3894 si
1350 3828 1533 3894 huiusmodi
1548 3828 1700 3892 violentia

299 3934 368 3998 sive
389 3941 494 3998 metus
515 3933 655 4018 legitime
677 3941 710 3998 et
731 3933 960 3998 rationabiliter
982 3932 1167 4013 eonstiterit,
1191 3933 1404 3998 instrumenta
1428 3932 1533 3997 taliter
1554 3932 1699 3996 confecta

299 4038 364 4101 sint
386 4037 508 4102 viribus
530 4043 665 4102 vacuata
686 4044 718 4101 et
738 4039 867 4121 penitus
888 4033 958 4118 red[
1062 4036 1122 4121 ].¹¹)
1160 4036 1242 4101 Item
1263 4038 1298 4100 in
1313 4037 1530 4120 possessiones
1545 4035 1700 4100 nobilium

300 4160 359 4206 seu
381 4140 547 4206 Saxonum
568 4141 802 4225 praedictorum
824 4161 890 4204 non
912 4142 1012 4226 possit
1033 4140 1165 4205 introire
1188 4146 1360 4205 extraneus
1383 4141 1506 4204 ratione
1529 4140 1620 4223 dotIs,
1643 4146 1700 4203 aut

231 4249 265 4302 35
299 4244 422 4309 ratione
437 4252 569 4328 quartae
583 4245 709 4309 filiabus
724 4244 857 4326 debitae,
881 4243 936 4308 sed
952 4244 1085 4310 heredes
1107 4245 1329 4309 decedentium
1351 4245 1403 4308 vel
1424 4245 1636 4328 proximiores
1659 4244 1698 4308 de

300 4350 504 4432 genomtione
526 4369 585 4414 sua
607 4349 764 4414 redimant
791 4368 844 4413 eas
867 4349 1044 4413 secundum
1059 4349 1309 4413 aestimationem
1319 4349 1340 4426 ¹)
1361 4348 1477 4412 iustam
1492 4348 1583 4431 regui
1598 4347 1698 4411 nostri

458 4522 479 4587 ¹)
501 4521 636 4590 Vorlape:
654 4537 688 4575 ex
706 4524 773 4573 statt
790 4534 842 4574 aes.

458 4610 481 4675 ¹)
503 4608 637 4679 Vorlapc:
654 4606 742 4661 musti.

457 4698 479 4764 ⁸)
496 4695 588 4750 Ldete
605 4698 649 4750 06
670 4692 838 4751 θιπίίηιων.

457 4782 480 4847 ⁴)
498 4784 542 4835 IS
561 4779 728 4837 melmae.

458 4869 480 4935 ⁶)
498 4870 542 4923 1·8
561 4866 728 4923 ememor.

458 4955 481 5021 ⁰)
497 4956 542 5008 05
562 4952 729 5009 &mimam

459 5042 481 5108 ¹)
497 5043 542 5095 86
562 5039 729 5096 Oratimlar.

459 5127 480 5193 ⁸)
497 5129 542 5181 29
562 5124 728 5180 Gentimtcr.

459 5214 481 5280 ⁰)
500 5216 543 5267 ra
562 5211 729 5269 animm

450 5301 483 5367 ¹⁰)
505 5299 660 5355 Verborum
676 5314 744 5354 oua:
760 5298 889 5353 iecerunt

451 5388 483 5458 ¹¹)
501 5386 593 5441 [racto
609 5390 628 5441 3
648 5385 815 5441 anuum.
