4086 6300
986 595 1141 691 gaa—

368 781 512 846 sentibus
535 788 567 846 et
590 782 709 846 tuturis
730 783 944 866 praesentium
976 784 1121 847 notitiam
1143 783 1298 847 habituris
1324 782 1459 847 salutern
1481 782 1516 844 in
1538 781 1683 845 omnium
1704 780 1765 845 sal·

366 892 484 950 vatore.
507 885 588 950 Cum
611 885 737 949 anobis
759 887 877 969 petitur
892 886 978 968 quod
1000 887 1120 951 iustum
1136 893 1185 950 est
1207 893 1239 950 et
1260 886 1438 969 honestum,
1461 886 1552 950 decet
1565 885 1763 950 maiestatem

366 990 485 1073 regiam
508 989 631 1054 facilem
654 988 805 1072 praebere
827 1007 1019 1053 consensum
1042 991 1076 1054 in
1098 991 1158 1054 hiis
1180 990 1375 1073 praesertim,
1399 1008 1481 1071 quae
1504 994 1632 1053 sanctae
1654 987 1764 1051 matris

367 1094 517 1158 ecclesiae
545 1093 719 1156 commodis
749 1092 899 1156 videntur
930 1093 1051 1156 utiliter
1077 1093 1256 1157 convenire.
1300 1093 1440 1157 Proinde
1469 1092 1509 1155 ad
1539 1092 1765 1156 universorum

366 1197 510 1260 notitiam
533 1197 646 1259 harum
675 1197 756 1260 serie
787 1196 937 1259 volumus
959 1198 1136 1280 pervenire,
1171 1197 1352 1279 quodcum
1379 1197 1535 1260 discretus
1557 1197 1608 1259 vir
1628 1195 1763 1258 Thomas
1798 1204 1815 1255 5

365 1300 565 1384 praepositus
588 1297 790 1379 (lybiniensis
816 1298 919 1363 fidelis
948 1306 1057 1364 noster
1080 1300 1240 1383 quandam
1262 1300 1471 1381 salifodinam,
1501 1319 1598 1382 quam
1618 1299 1653 1361 in
1675 1297 1764 1361 Win-

366 1404 449 1467 akna
479 1402 642 1467 ecclesiam
672 1402 774 1484 ipsius
803 1404 1041 1486 praepositurae
1071 1424 1148 1468 suae
1171 1411 1203 1469 et
1231 1423 1380 1488 peream
1405 1403 1664 1487 praedecessores
1688 1419 1765 1465 suos

366 1506 563 1590 praepositos
592 1506 740 1570 habuisse
770 1511 803 1569 et
835 1506 951 1570 habere
984 1508 1024 1571 ab
1058 1509 1189 1590 antiquo
1220 1507 1349 1591 pacifice
1382 1526 1559 1592 possessam
1593 1503 1763 1586 asserebat,

366 1617 476 1674 nostro
499 1610 630 1694 petisset
652 1609 753 1673 eidem
784 1609 935 1674 ecclesiae
965 1611 1129 1694 privilegio
1153 1611 1349 1695 confirmare,
1379 1630 1503 1692 nosque
1530 1610 1613 1673 sicut
1634 1607 1767 1672 maturi-

366 1719 463 1777 tatem
492 1713 611 1795 regiam
641 1718 766 1795 oportet
795 1713 940 1777 volentes
969 1715 1008 1778 de
1031 1716 1090 1778 hoc
1113 1716 1286 1779 certissime
1309 1715 1447 1798 experiri
1476 1712 1625 1776 fidelibus
1646 1711 1764 1774 nostris
1801 1720 1835 1774 10

366 1816 504 1900 capitulo
515 1815 666 1880 Albensis
689 1816 839 1880 ecclcsiae
850 1817 1104 1899 lhanssilnanae,
1126 1824 1163 1882 ut
1178 1819 1237 1881 sub
1252 1819 1395 1901 ipsorum
1411 1817 1592 1881 testimonio
1608 1814 1765 1897 Georgius

365 1921 417 1983 vel
440 1940 546 1983 comes
567 1918 759 2003 Henningus
782 1921 875 1984 homo
900 1927 1008 1986 noster
1030 1923 1125 1986 sciret
1147 1930 1179 1986 et
1197 1923 1374 2004 inquireret
1396 1940 1514 1984 meram
1538 1920 1578 1983 de
1600 1919 1660 1982 hoc
1682 1917 1765 1981 veri·

366 2031 472 2103 tatem,
502 2030 534 2088 et
556 2023 726 2106 posthaec
749 2023 840 2087 nobis
861 2023 999 2089 fideliter
1028 2025 1239 2089 rescriberent
1260 2044 1318 2108 per
1340 2028 1466 2087 nostras
1487 2023 1595 2087 literas
1617 2021 1764 2085 mandas·

366 2149 481 2192 semus.
524 2127 663 2191 Tandem
694 2127 777 2191 idem
800 2128 975 2211 capitulum
1004 2128 1114 2193 fideles
1137 2128 1238 2190 nostri
1261 2127 1353 2191 nobis
1375 2128 1608 2211 rescripserunt
1629 2126 1663 2189 in
1686 2125 1765 2188 haec

366 2232 471 2296 verba
511 2229 616 2313 (Folpt
644 2229 693 2292 dic
730 2227 877 2293 Urlraadc
905 2230 956 2293 dar
985 2230 1226 2314 Weissenburpcr
1248 2230 1389 2313 Kapitels
1418 2250 1474 2293 ooo
1503 2229 1592 2292 1328
1613 2226 1671 2292 Nr.
1704 2228 1766 2291 461
1802 2239 1835 2291 15

366 2340 421 2399 mit
443 2336 498 2399 der
528 2332 674 2399 Urlandc
695 2333 748 2395 des
762 2331 881 2416 Kdnips
897 2332 980 2398 Karl
1001 2355 1057 2397 con
1079 2336 1167 2397 1328
1181 2333 1239 2398 Nr.
1265 2334 1357 2415 459.)
1379 2335 1492 2416 Itaque
1515 2354 1575 2397 nes
1597 2353 1639 2397 ex
1655 2339 1766 2397 tenore

365 2440 630 2525 praescriptarum
660 2436 826 2500 literarum
854 2438 1007 2525 praedicti
1038 2439 1168 2522 capituli
1200 2438 1343 2502 fidelium
1373 2444 1557 2502 nostrorum
1587 2455 1690 2519 super
1717 2454 1764 2517 eo,

368 2543 454 2626 quod
477 2543 561 2606 dicta
576 2540 726 2605 ecclesiae
742 2560 819 2604 snae
841 2544 1061 2625 praepositura
1077 2543 1189 2606 dictam
1207 2542 1405 2605 salifodinam
1428 2542 1463 2604 in
1485 2540 1596 2604 eadem
1609 2539 1766 2603 Wizalrna

366 2646 512 2710 habuerit
542 2644 581 2707 ab
611 2644 743 2726 antiquo
774 2650 806 2708 et
836 2644 957 2728 habeat,
986 2647 1118 2730 ipseque
1148 2646 1347 2729 praepositus
1374 2651 1406 2708 et
1434 2645 1484 2708 sui
1506 2644 1765 2728 praedecessores

365 2770 435 2815 eam
456 2747 586 2833 pacifice
609 2748 771 2811 tenuerint
801 2754 833 2812 et
862 2750 1062 2832 possederint
1092 2751 1175 2813 sicut
1197 2750 1242 2813 eis
1264 2749 1436 2832 placuisset
1461 2748 1501 2811 de
1524 2747 1634 2811 eadem
1658 2746 1763 2829 dispo-
1798 2754 1834 2810 20

365 2858 487 2935 nentes,
510 2851 700 2916 certitudine
719 2857 847 2935 recepta
861 2853 1070 2933 attendentes,
1094 2853 1181 2935 quod
1196 2853 1282 2935 regio
1298 2852 1454 2916 incumbit
1469 2850 1572 2915 officio
1588 2851 1764 2933 unicuique

365 2959 534 3043 praecipue
557 2961 685 3020 sanctae
707 2956 800 3020 matri
823 2956 983 3038 ccclesiae,
1005 2957 1098 3020 cuius
1114 2975 1245 3040 precum
1268 2955 1425 3038 suffragiis
1448 2954 1579 3019 culmini
1601 2952 1764 3037 regiminis

364 3060 541 3144 Hungarici
563 3058 696 3122 feliciter
717 3059 944 3142 praesidemus,
975 3061 1085 3125 deesse
1107 3061 1141 3123 in
1164 3060 1231 3124 suis
1254 3059 1378 3123 iuribus
1399 3077 1465 3121 non
1488 3056 1650 3140 debemus,
1673 3074 1763 3140 prae·

366 3167 481 3230 dictam
504 3163 702 3228 sahlodinam
724 3163 785 3247 ipsi
807 3163 959 3228 ecclesiae
981 3165 1049 3228 sive
1072 3165 1309 3248 praepositurae
1332 3162 1519 3244 Cybiniensi
1540 3159 1670 3245 pacifice
1692 3179 1763 3244 per-

364 3276 461 3354 petuo
495 3267 657 3352 possidere
690 3272 723 3330 et
755 3268 839 3331 sicut
871 3268 1051 3352 praeposito
1086 3269 1187 3332 dictae
1221 3266 1372 3331 ecclesiae
1401 3266 1554 3329 moderno
1588 3270 1621 3330 et
1652 3265 1762 3330 tuturo
1798 3271 1832 3327 25

365 3374 533 3457 disponere
562 3370 717 3454 placuerit
746 3370 786 3434 de
815 3372 924 3436 eadem
955 3372 995 3436 de
1025 3373 1157 3436 consilio
1187 3371 1401 3456 praelatorum
1431 3375 1464 3434 et
1492 3369 1649 3433 baronum
1672 3370 1763 3453 regni

365 3477 466 3540 nostri
494 3474 629 3538 inferius
658 3474 894 3539 nominatorum
923 3477 1099 3559 praesentis
1128 3475 1285 3559 privilegii
1315 3474 1417 3538 nostri
1446 3474 1621 3557 patrocinio
1649 3471 1763 3536 confir-

364 3599 496 3643 mamus.
540 3578 580 3641 In
602 3577 694 3640 cuius
716 3577 964 3643 confirmationis
987 3580 1172 3643 memoriam
1197 3585 1448 3663 perpetuamque
1470 3576 1651 3640 firmitatem
1672 3595 1763 3661 prae-

365 3688 471 3746 sentes
493 3680 708 3745 concessimus
730 3679 838 3744 literas
860 3686 986 3745 nostras
1007 3683 1220 3767 privilegiales
1236 3681 1371 3765 duplicis
1393 3681 1488 3764 sigilli
1510 3680 1612 3743 nostri
1634 3680 1710 3743 novi
1731 3684 1765 3743 et

365 3785 538 3848 authentici
568 3783 743 3847 munimine
773 3783 944 3848 roboratas.
988 3784 1107 3850 Datum
1137 3806 1194 3870 per
1223 3804 1338 3849 manus
1371 3784 1500 3848 discreti
1529 3784 1591 3847 riri
1620 3783 1761 3868 magistri
1796 3788 1832 3843 30

364 3886 510 3951 Endreae
524 3885 674 3949 Albensis
696 3886 847 3951 ecclesiae
869 3889 1049 3972 praepositi,
1072 3889 1163 3953 aulae
1186 3894 1314 3953 nostrae
1337 3887 1588 3951 vicecancellarii
1610 3887 1717 3952 dilecti
1731 3891 1763 3951 et

365 3989 466 4054 fidelis
482 3991 591 4072 nostri,
607 4008 691 4052 anno
704 3989 824 4053 domini
839 3968 880 4054 ll.
896 3991 1089 4075 tricesim0,¹)
1105 3991 1227 4055 decimo
1238 3990 1399 4055 Kalendas
1410 3991 1539 4074 Aprilis,
1554 3992 1643 4074 regni
1655 3995 1762 4054 autem

366 4094 467 4159 nostri
490 4113 574 4157 anno
597 4092 740 4157 similiter
763 4094 929 4158 tricesimo.
952 4094 1197 4159 venerabilibus
1219 4096 1253 4158 in
1269 4094 1394 4159 Christo
1410 4093 1553 4178 patribus
1569 4099 1603 4157 et
1617 4093 1761 4175 dominis,

365 4197 573 4282 Strigoniensi
602 4196 677 4260 sede
705 4203 847 4280 vacante,
881 4199 978 4263 tratre
1008 4198 1155 4262 Ladizlao
1187 4199 1422 4282 archiepiscopo
1452 4197 1639 4279 Colociensi,
1671 4196 1763 4260 aulae

365 4306 492 4365 nostrae
507 4299 704 4382 cancellario,
726 4300 899 4365 Benedicta
923 4301 1142 4384 Chanadiensi,
1164 4302 1307 4384 Nycolao
1329 4301 1499 4383 lauriensi,
1522 4300 1658 4383 Georgio
1673 4298 1762 4381 Syri-
1797 4308 1831 4361 35

365 4405 486 4487 miensi,
515 4405 613 4468 fratre
639 4404 734 4469 Petro
764 4405 935 4485 Bozensi,¹)
963 4404 1110 4469 Ladizlao
1137 4403 1478 4486 Quinqueecclesiensi,
1499 4402 1630 4467 Andrea
1649 4402 1763 4466 Trans·

364 4508 498 4590 siluano,
514 4508 643 4572 Obanad
657 4509 815 4592 Agriensi,
830 4508 963 4573 Herrice
975 4509 1214 4593 Vesprimiensi,
1229 4506 1375 4571 ladislao
1388 4506 1598 4590 Zagrabiensi,
1613 4506 1762 4571 Mescone

364 4611 526 4693 Nitriensi,
547 4612 678 4676 Andrea
688 4612 889 4676 Waradiensi
911 4618 943 4676 et
964 4613 1062 4677 tratre
1084 4611 1248 4696 Radalpho
1260 4611 1421 4675 Waciensi
1436 4611 1592 4695 episcopis
1614 4610 1762 4674 ecclesias

364 4715 415 4779 dei
438 4715 571 4780 feliciter
592 4715 853 4799 gubernantibus.
876 4715 1052 4799 Magnificis
1074 4715 1247 4779 baronibus
1261 4714 1408 4778 Johanne
1429 4714 1577 4798 palatino,
1599 4713 1761 4778 Demetrio

363 4818 513 4901 magistro
529 4819 763 4883 tavernicorum
780 4824 972 4900 nostrorum,
995 4819 1110 4883 comite
1124 4818 1342 4899 Trinciniensi,
1364 4817 1483 4880 Thema
1497 4817 1634 4880 vaivoda
1646 4817 1761 4881 Trans-
1795 4824 1832 4880 40

364 4922 488 4986 siluano
512 4928 544 4986 et
565 4923 680 4987 comite
702 4922 741 4987 de
763 4922 886 5005 Zonulr,
908 4922 1027 5004 Mylrch
1048 4922 1131 4986 bano
1163 4924 1260 4987 totius
1283 4920 1479 5003 Sclauoniae,
1500 4905 1648 4984 Johanne
1678 4919 1761 4983 bano

364 5026 404 5089 de
432 5026 544 5089 Mache
575 5031 607 5089 et
635 5026 751 5090 comite
781 5025 977 5110 Syrimiensi,
1006 5028 1045 5091 de
1072 5027 1229 5109 Wallrow,
1259 5026 1298 5090 de
1328 5024 1455 5109 Bodrag
1483 5030 1516 5089 et
1547 5025 1587 5089 de
1615 5024 1762 5106 Barania,

363 5129 464 5194 Paulo
494 5130 598 5195 iudice
627 5130 734 5194 curiae
763 5135 899 5212 nostrae,
921 5129 1076 5212 Dyonisio
1105 5129 1320 5213 dapiferorum
1342 5134 1375 5193 et
1397 5127 1555 5212 Stephano
1586 5147 1762 5212 agasonum

363 5239 548 5298 nostrorum
563 5232 731 5317 magistris,
754 5232 896 5314 Nycolao
920 5233 1034 5296 comite
1049 5232 1239 5297 Posoniensi
1261 5238 1293 5297 et
1313 5232 1384 5295 aliis
1400 5252 1495 5314 quam
1510 5231 1657 5316 pluribus
1671 5232 1763 5316 regni

364 5336 467 5399 nostri
488 5336 657 5399 comitatus
680 5336 863 5401 tenentibus
885 5343 917 5401 et
939 5337 1084 5401 honores.
1795 5341 1831 5397 to

520 5472 541 5539 ι)
558 5469 596 5525 so
618 5469 744 5541 roasa
762 5469 888 5543 naua.-
905 5450 941 5527 rt
960 5470 1032 5527 mc.
1050 5469 1190 5525 masma.

519 5558 541 5629 ¹)
563 5554 695 5629 Vorlopc:
711 5557 809 5614 Boaen
