4064 6288
972 557 1127 655 ,ιε-ψ

354 745 472 829 penius,
494 745 529 808 in
547 744 640 808 cuius
656 745 820 809 cacumine
835 745 930 809 babet
949 751 1074 809 metam.
1096 745 1220 810 Deinde
1235 744 1401 829 egrediens
1424 765 1521 829 super
1534 745 1650 810 beerch
1664 746 1753 809 radit

354 848 395 912 ad
409 849 523 912 silvam
538 849 721 930 eorundem,
744 849 827 911 inter
842 849 961 913 abietes
976 850 1111 912 tendens
1126 849 1166 911 ad
1181 856 1298 913 terram
1312 850 1464 932 praedicti
1476 849 1605 914 Ohanad
1620 850 1752 930 comitis,

352 951 408 1016 ubi
422 953 513 1035 prius
524 972 598 1016 cum
613 951 725 1015 eodem
738 957 856 1016 metam
871 953 1008 1033 tenebat
1020 959 1052 1016 et
1063 953 1107 1015 ibi
1122 952 1343 1030 terminarunt
1367 953 1413 1018 Ut
1426 954 1525 1036 igitur
1539 953 1647 1016 haece
1661 953 1753 1016 nobis

353 1072 505 1118 concessa
533 1054 664 1119 libertas
694 1056 736 1119 sit
764 1062 919 1139 perpetuo
949 1056 1087 1120 valitura
1115 1076 1174 1120 nec
1203 1059 1304 1141 possit
1329 1055 1368 1120 ab
1396 1057 1503 1138 aliquo
1529 1057 1751 1140 inposterum

352 1159 525 1239 retractari,
558 1164 741 1242 praesentes
771 1160 986 1223 concessimus
1020 1159 1127 1224 literas
1157 1160 1291 1244 duplicis
1324 1160 1419 1243 sigilli
1448 1160 1549 1223 nostri
1576 1160 1752 1223 munimine
1787 1167 1803 1219 5

352 1260 524 1325 roboratas.
549 1260 669 1325 Datum
690 1263 724 1325 in
746 1262 823 1324 villa
837 1261 1004 1327 Saxonum
1026 1264 1065 1326 de
1087 1263 1206 1345 Erkud,
1228 1283 1313 1327 anno
1329 1263 1505 1327 dominicae
1526 1262 1753 1326 incarnationis

352 1340 394 1428 il.
414 1342 649 1429 ccxxxviii
674 1365 815 1430 secundo
837 1365 931 1430 Ydus
953 1366 1126 1448 Februarii,
1156 1367 1247 1449 regni
1275 1372 1383 1431 autem
1412 1367 1514 1430 nostri
1543 1385 1628 1429 anno
1651 1367 1752 1430 tertio.

1024 1621 1087 1708 ib.

439 1786 529 1877 Ofen
545 1790 651 1858 1240
675 1787 785 1860 Mna
801 1790 858 1859 21.
886 1788 1004 1880 Ktnip
1029 1787 1120 1860 Belo
1137 1788 1165 1859 Ι
1168 1785 1206 1859 V.
1239 1788 1380 1860 anteiit
1397 1787 1473 1859 dem
1496 1787 1753 1861 Oiamrncmcr-

354 1907 460 1979 orden
488 1909 551 1980 dos
577 1908 748 1982 Patronot
773 1909 848 1981 nnd
877 1909 944 1981 alc
968 1909 1096 1981 Recita
1121 1909 1195 1980 und
1219 1908 1415 1997 tinitnflc
1445 1909 1507 1981 der
1532 1910 1686 1981 Kirctcn
1711 1932 1754 1980 cn
1790 1925 1824 1980 10

355 2026 599 2120 Morientnrp,
627 2028 838 2121 Petersberq,
865 2029 1065 2122 Henipterp
1091 2030 1165 2102 and
1192 2029 1347 2101 Tortlzn.

511 2191 623 2247 Druck:
642 2191 729 2261 chtr
749 2192 838 2249 (lodan
856 2193 911 2259 IV,
928 2197 955 2260 3,
973 2197 1026 2249 550
1043 2194 1114 2248 nudi
1131 2193 1191 2248 Min
1213 2209 1250 2247 an
1267 2193 1350 2249 Ziros
1367 2191 1545 2260 bcfindlicben
1565 2191 1702 2263 Μοαὶ.
1720 2220 1754 2234 -

463 2276 575 2333 Tentacb
591 2295 619 2332 n.
638 2278 800 2334 Findtnber
817 2278 889 2334 sno.
912 2280 994 2336 Urio.
1012 2280 1038 2347 1,
1057 2284 1098 2337 63.
1117 2280 1300 2335 Densnaiann
1317 2279 1484 2335 Docrnncnte
1502 2281 1561 2334 184.

511 2398 624 2468 acen:
645 2399 844 2455 namnam
857 2404 933 2467 ron,
951 2404 994 2457 sn
1016 2386 1107 2471 moy
1124 2400 1437 2456 omnitenentem
1458 2384 1550 2468 onon
1565 2399 1624 2469 pcc
1635 2399 1755 2455 omna

457 2499 510 2538 ons
527 2484 576 2539 der
593 2485 945 2556 diedecima-Samnium
967 2487 1016 2542 der
1039 2504 1139 2558 nnan.
1157 2487 1306 2542 Alodnna'a
1329 2486 1382 2540 dos
1400 2486 1497 2555 licceat
1517 2485 1589 2540 naci
1605 2486 1680 2541 einer·
1697 2486 1754 2541 Ab·
1790 2489 1823 2541 15

457 2568 556 2636 subniti
578 2570 628 2625 der
650 2571 786 2639 Urlonndc,
811 2572 905 2628 medelae
923 2574 958 2627 A.
978 2574 1080 2629 (ἶνίεειι
1103 2577 1172 2629 1858
1194 2574 1254 2627 mm
1280 2571 1370 2628 Oodcoe
1393 2574 1442 2627 dar
1466 2573 1582 2627 Pariter
1605 2572 1754 2627 Notionul·

459 2655 618 2712 bibliotbet:
648 2656 794 2715 Golcnim
811 2659 955 2714 Dncbcsne
977 2660 1056 2714 Tosne
1074 2663 1108 2716 63
1130 2661 1180 2727 fol.
1205 2664 1256 2715 139
1280 2662 1449 2715 micernium
1465 2659 1522 2713 bat.
1558 2658 1668 2725 Feje‘r'c
1690 2659 1755 2713 Text

457 2742 580 2797 mdnnt
596 2744 724 2799 indesmn
741 2745 794 2799 dan
817 2745 927 2815 Vocant
943 2761 992 2800 cor
1009 2746 1069 2800 dnn
1086 2746 1136 2800 der
1152 2751 1308 2815 cesenaten
1320 2746 1437 2801 Pariter
1449 2745 1644 2812 Hondscbtift.
1662 2743 1755 2812 secan

458 2828 486 2883 A
498 2828 582 2897 mea
599 2830 719 2900 noem
734 2835 796 2886 311.

510 2948 592 3004 Nan
608 2948 753 3021 pefdllipcr
770 2951 948 3021 Mitttcilnnp
972 2954 1020 3008 dcc
1038 2952 1179 3008 Sokrcwrs
1200 2953 1249 3006 dcc
1266 2952 1347 3006 Atat
1365 2952 1455 3018 Ζίνα,
1473 2952 1586 3007 Amnnd
1603 2951 1754 3018 Macaron,
1790 2951 1825 3006 20

459 3035 574 3101 &findet
597 3036 655 3090 siclt
677 3040 862 3108 pepcnscdnip
883 3040 922 3093 in
939 3041 1043 3095 Archiv
1065 3040 1155 3095 dican
1172 3039 1254 3095 Atat
1277 3039 1365 3093 nedcr
1388 3039 1441 3093 dno
1460 3037 1591 3107 Onipinnl
1611 3038 1680 3092 noct
1696 3038 1756 3092 eine

460 3121 548 3177 andra
565 3121 774 3194 plnnbwdrdipe
798 3124 1019 3195 Ucbcrlicscrnnp
1036 3126 1126 3180 dieser
1148 3125 1287 3180 Urknndc.

514 3280 592 3345 Bela
621 3281 672 3346 dei
703 3282 804 3366 gratia
831 3282 1026 3366 Hungariae‚
1058 3279 1243 3365 Dalmatiae,
1276 3281 1429 3364 Orcadas,
1458 3281 1585 3363 Romae,
1616 3280 1755 3362 Sennea,

358 3381 516 3464 Galliciae,
531 3383 737 3449 Lodomeriae
749 3384 987 3468 Cumaniocque
1001 3406 1061 3451 rex
1083 3386 1244 3451 universis
1257 3385 1372 3449 Christi
1394 3385 1542 3449 fidelibus
1556 3389 1756 3469 praesentem

357 3487 505 3570 paginam
534 3488 726 3572 inspecturis
756 3488 891 3553 salutem
919 3490 954 3553 in
975 3510 1052 3554 vero
1080 3490 1219 3554 salutari.
1264 3488 1346 3566 Quia
1368 3489 1471 3552 bonae
1493 3488 1539 3552 rei
1562 3506 1755 3551 consensum
1790 3493 1824 3547 25

358 3591 510 3675 praebere
532 3596 565 3656 et
587 3592 764 3675 praesentis
786 3592 870 3657 vitae
893 3592 1070 3657 subsidium
1094 3599 1126 3658 et
1147 3593 1275 3658 loturae
1305 3592 1571 3656 remunerationis
1593 3597 1757 3674 exspectat

357 3695 541 3776 praemium,
564 3702 601 3758 ut
629 3694 730 3758 divini
760 3697 865 3779 operis
895 3696 1036 3760 fructum
1067 3697 1151 3761 circa
1180 3697 1306 3780 pietatis
1328 3716 1425 3780 opera
1452 3695 1643 3780 propensius
1665 3713 1757 3758 exse-

359 3802 502 3880 quentes,
525 3792 710 3882 temporalia
740 3800 824 3863 ielici
853 3800 1041 3864 commercio
1072 3800 1273 3884 sempiternis
1295 3806 1528 3864 commutemus
1550 3805 1582 3863 et
1605 3805 1641 3862 ut
1663 3816 1757 3881 regn-

356 3900 472 3965 lau‘um
494 3901 647 3985 virorum,
671 3902 727 3985 qui
748 3903 841 3967 iuxta
856 3903 1073 3987 evangelicam
1096 3905 1262 3968 veritatem
1284 3909 1316 3967 et
1331 3903 1473 3987 regulam
1495 3902 1578 3967 beati
1592 3901 1758 3967 Benedicti

358 4004 476 4069 relictis
510 4006 658 4069 omnibus
692 4005 816 4071 Christo
856 4008 971 4091 spretis
1004 4006 1186 4072 divitiarum
1218 4007 1376 4071 iactantiis
1408 4006 1525 4090 iugiter
1556 4005 1757 4070 inhaerentes
1791 4010 1827 4065 30

359 4117 465 4173 mente
495 4110 611 4173 devota
640 4110 845 4193 famulantur,
877 4111 1068 4175 utilitatibus
1096 4111 1301 4194 providentes
1332 4110 1507 4174 eorumdem
1528 4108 1677 4193 precibus
1699 4127 1758 4171 nos

359 4232 396 4276 ac
417 4214 519 4277 nostri
541 4231 750 4297 successores,
772 4234 838 4278 una
859 4234 932 4278 cum
954 4215 1061 4296 regnis
1077 4219 1204 4277 nostrae
1226 4213 1436 4278 iurisdictioni
1451 4213 1610 4295 subiectis,
1631 4213 1666 4275 in
1680 4229 1758 4296 pace

360 4322 514 4399 perpetua
535 4323 749 4401 perseverent
773 4322 883 4381 sancto
906 4335 943 4379 ao
961 4315 1134 4380 venerabili
1157 4316 1331 4379 conventui
1352 4315 1536 4379 monasterii
1559 4314 1701 4380 Cistercii
1723 4314 1757 4376 in

360 4419 539 4484 subsidium
562 4439 784 4503 expensarum
809 4439 889 4502 quas
912 4420 1005 4483 annis
1020 4418 1154 4501 suguilis
1168 4419 1208 4481 ad
1230 4438 1327 4482 usum
1342 4417 1498 4502 generalis
1513 4417 1644 4502 capituli
1658 4417 1758 4481 totius

360 4523 480 4587 ordinis
502 4528 579 4587 sunt
607 4522 732 4604 facturi,
762 4523 916 4604 quasdam
938 4522 1086 4586 ecclesias
1115 4523 1150 4584 in
1171 4521 1289 4585 Burcia
1317 4523 1352 4584 in
1374 4521 1517 4605 partibus
1539 4520 1756 4585 Transiluanis
1790 4526 1824 4581 35

359 4626 507 4690 videlicet
537 4630 677 4689 castrum
707 4631 835 4689 sanctae
856 4624 984 4701 Mariae,
1014 4630 1155 4688 montem
1185 4624 1285 4688 sancti
1308 4624 1404 4707 Petri,
1433 4630 1575 4689 montem
1597 4624 1700 4688 Mollis
1726 4630 1759 4688 et

358 4728 522 4811 Tartilleri,
549 4729 584 4791 in
614 4727 730 4809 quibus
761 4728 949 4792 diocesanos
979 4728 1147 4812 episcopus
1176 4727 1255 4790 nihil
1282 4728 1509 4793 iurisdictionis
1541 4727 1671 4807 obtinet
1702 4726 1759 4790 sed

361 4832 402 4896 ad
424 4851 483 4896 nos
500 4831 678 4915 specialiter
692 4837 725 4895 et
739 4831 919 4895 immediate
933 4833 1079 4915 pertinet
1094 4851 1169 4895 cum
1183 4830 1401 4914 proventibus,
1419 4831 1544 4894 iuribus
1558 4849 1595 4893 ac
1610 4829 1758 4893 omnibus

360 4935 427 5001 suis
448 4934 648 5019 pertinentiis
670 4936 823 4999 duximus
845 4935 1070 5017 conferendas,
1100 4939 1276 4998 statuentes
1298 4934 1416 4999 iuturis
1438 4931 1634 5017 temporibus
1654 4932 1758 4995 invio·

359 5038 497 5103 labiliter
519 5038 690 5122 observari,
712 5044 750 5103 ut
771 5037 856 5101 inira
883 5039 1050 5121 porochias
1072 5057 1129 5103 seu
1159 5037 1352 5101 territorium
1376 5037 1531 5101 dictarum
1553 5035 1757 5100 ecclesiarum
1791 5039 1828 5096 40

361 5141 451 5205 nulla
473 5143 622 5227 deinceps
644 5141 765 5224 absque
787 5141 930 5225 ipsorum
952 5160 1110 5205 consensu
1141 5140 1275 5204 ecclesia
1296 5140 1347 5203 vel
1370 5139 1490 5224 capella
1513 5140 1552 5203 de
1574 5158 1660 5202 novo
1682 5158 1758 5202 con-

362 5250 506 5310 struatur
526 5265 586 5311 nec
608 5244 719 5309 altaria
733 5245 898 5327 erigantur
919 5263 979 5308 nec
1001 5244 1190 5308 coemeteria
1202 5248 1437 5308 consecrentur.
1470 5242 1503 5307 Si
1524 5262 1602 5307 vero
1617 5242 1759 5326 ipsorum

517 5381 538 5447 ¹)
555 5379 681 5434 Maelio
694 5376 979 5447 Grcnatcaclrreibnnp
991 5376 1043 5432 soll
1053 5377 1086 5431 in
1100 5376 1175 5432 einer
1191 5377 1320 5433 Urknndc
1332 5378 1380 5433 des
1397 5377 1619 5449 Weissentnrper
1629 5375 1759 5447 Kaputa

361 5478 415 5520 non
433 5467 501 5519 1289
518 5465 655 5520 manns
672 5465 739 5520 sein
767 5464 855 5532 chir
875 5464 966 5520 00οα
987 5462 1057 5530 VII,
1074 5467 1100 5531 2,
1119 5466 1178 5518 121.
1752 5460 1755 5466 ‘
