4086 6300
1001 505 1064 568 360

329 693 441 756 ventui
464 691 645 756 hominibus
675 696 708 755 et
734 692 989 775 possessionibus
1019 694 1193 758 eorundem
1223 694 1440 778 multipliciter
1469 694 1629 758 illatarum
1662 700 1725 759 tam

329 796 454 860 validus
476 797 685 879 compellente
708 796 836 859 eosdem
865 799 1051 862 necessitate
1081 798 1218 881 regalem
1242 799 1384 861 animum
1406 803 1552 861 nostrum
1574 805 1728 882 provocet

328 903 368 965 ad
391 902 573 982 vindictam,
603 920 696 983 saepe
727 901 831 964 dictus
861 920 967 964 comes
989 901 1171 984 provinciae
1195 901 1397 983 Cybiniensis
1422 902 1462 965 ad
1485 902 1726 983 requisitionem

328 1007 429 1090 ipsius
451 1004 573 1068 abbatis
602 1009 635 1068 et
657 1010 835 1067 conventus
859 1006 1041 1068 monasterii
1064 1005 1229 1069 memorati
1251 1006 1374 1088 copiam
1401 1006 1496 1068 huius
1518 1006 1672 1069 libertatis
1695 1013 1727 1069 et

329 1109 448 1192 gratiae
471 1108 597 1190 quoties
619 1128 749 1172 necesse
771 1109 868 1173 luerit
890 1109 988 1172 semel
1011 1116 1117 1172 tamen
1139 1110 1178 1172 ad
1200 1110 1308 1173 minus
1330 1110 1364 1171 in
1386 1129 1470 1172 anno
1493 1110 1526 1172 in
1549 1110 1728 1192 praesentia
1761 1118 1779 1169 5

329 1212 565 1277 communitatis
593 1213 735 1276 eiusdem
765 1212 949 1296 provinciae
979 1213 1146 1295 diligenter
1167 1214 1294 1277 recitari
1317 1219 1349 1277 ct
1370 1215 1488 1297 exponi
1511 1215 1613 1296 iaciat,
1642 1214 1728 1296 quod

330 1317 424 1381 etiam
455 1316 584 1379 omnino
614 1315 674 1378 sub
705 1315 839 1379 obtentu
868 1317 986 1398 gratiae
1017 1323 1143 1381 nostrae
1172 1318 1287 1400 regalis
1309 1318 1413 1381 iacere
1435 1323 1590 1400 teneatur,
1624 1337 1664 1382 ne
1693 1319 1728 1380 in

330 1426 493 1506 posterum
516 1420 632 1502 aliquis
654 1440 712 1503 per
725 1421 937 1503 ignorantiam
952 1440 986 1484 se
1008 1421 1113 1485 valeat
1135 1440 1297 1486 excusare.
1321 1423 1357 1485 In
1374 1423 1467 1486 cuius
1483 1422 1527 1486 rei
1545 1423 1729 1486 memoriam

330 1530 581 1611 perpetuamque
603 1524 785 1588 firmitatem
808 1530 931 1587 nostras
954 1533 1137 1608 praesentes
1153 1527 1368 1590 concessimus
1391 1526 1498 1590 literas
1516 1526 1729 1609 privilegia-les

331 1630 425 1714 sigilli
448 1630 547 1693 nostri
570 1629 747 1692 munimine
769 1629 940 1692 roboratas.
985 1628 1103 1692 Datum
1133 1650 1191 1714 per
1214 1650 1327 1693 manus
1353 1630 1478 1693 discreti
1503 1630 1565 1691 viri
1587 1629 1729 1712 magistu
1767 1634 1800 1689 10

331 1734 487 1799 Johannis
508 1732 679 1816 praepositi
702 1732 853 1796 ecclesias
867 1732 1026 1815 albensis,
1049 1733 1140 1797 aulae
1162 1740 1288 1797 nostrae
1310 1733 1560 1797 vicecancellarii
1574 1739 1607 1797 et
1628 1734 1729 1797 archi·

332 1838 457 1901 diaconi
480 1837 519 1900 de
533 1835 699 1900 Kukulleu
721 1834 827 1898 dilecti
849 1841 881 1899 et
903 1835 1006 1900 fidelis
1028 1838 1138 1919 nonni,
1161 1857 1245 1900 anno
1261 1838 1381 1900 domini
1403 1814 1445 1900 il.
1469 1814 1553 1900 OOC.
1576 1837 1730 1919 vigesimo

332 1941 484 2021 secundo,
507 1946 620 2023 quarto
636 1938 796 2002 Kalendas
811 1939 984 2023 Februarii,
1006 1941 1097 2025 regni
1119 1946 1226 2004 autem
1246 1942 1348 2004 nostri
1371 1961 1454 2004 anno
1478 1940 1623 2006 similiter
1645 1941 1731 2024 vige-

333 2047 413 2110 simo
435 2044 585 2109 secundo.

989 2286 1082 2368 389.
1768 2312 1801 2364 rs

410 2450 569 2543 Anipaon
604 2453 709 2521 1322
741 2448 845 2540 April
870 2452 906 2521 2.
952 2450 1061 2542 Popst
1094 2450 1236 2522 Jolrann
1265 2451 1396 2521 XXII.
1434 2450 1632 2540 danastroqt
1667 2450 1733 2521 dan

335 2575 487 2663 Biscbof
505 2597 570 2646 oon
593 2571 737 2659 Olmdta,
765 2573 832 2642 den
857 2572 1021 2643 amelien
1047 2572 1110 2642 der
1137 2571 1239 2642 Stodt
1257 2571 1533 2643 Hcrmoanstodt
1559 2571 1633 2642 aad
1657 2571 1733 2642 uem

333 2698 485 2786 Homer
519 2695 667 2766 dasclbst
702 2694 877 2765 eiaerscits
912 2694 986 2764 aad
1020 2694 1097 2765 dem
1123 2694 1250 2785 Propst
1284 2693 1496 2764 ondrerseits
1530 2714 1644 2782 wcpen
1675 2691 1734 2762 des

333 2818 651 2891 Patrondtsrecbtes
675 2815 760 2886 iiber
786 2816 841 2885 dic
860 2813 1077 2885 Stndtlcirclie
1094 2814 1330 2885 scbwedcnden
1349 2813 1456 2886 siren
1477 2837 1521 2885 an
1538 2813 1731 2884 schlichten.

494 2981 571 3050 Θήρ.
590 2980 670 3049 Perp.
689 2979 869 3033 Hermonnst.
887 2978 998 3031 Archia
1025 2978 1160 3032 Bleiballc
1183 2995 1222 3031 aa
1239 2977 1348 3032 weiaaer
1367 2977 1553 3045 Honfacbnur
1570 2976 1733 3045 onpmdnqt.
1769 2978 1804 3031 20

438 3064 661 3135 Apostelstcnpel
679 3064 864 3117 bescbriebcn:
892 3064 1105 3132 Mittbeilnnpeo
1128 3065 1155 3118 d.
1174 3065 1305 3117 Instituta
1328 3066 1464 3131 fidstcrr.
1485 3064 1579 3118 Gcacb.
1600 3064 1620 3116 I
1625 3063 1655 3129 V,
1674 3066 1733 3117 531.

439 3152 658 3219 Namcnslcmpel
669 3146 795 3204 edendas.
809 3150 863 3216 IV,
876 3155 936 3204 535.
955 3150 1130 3219 Abpcbildct:
1149 3151 1307 3205 Hcrntlioler
1321 3150 1458 3203 &cencres
1470 3150 1515 3216 ΙΙ,
1531 3150 1617 3221 ΤαΙΊΙ
1631 3150 1683 3202 Nr.
1692 3153 1734 3203 10.

439 3239 516 3307 Lupi
533 3237 669 3291 Manuale
692 3237 753 3303 Tof.
768 3239 800 3289 14
819 3236 872 3289 Nr.
884 3242 909 3290 3.
939 3237 1059 3291 Facsim.
1079 3238 1127 3290 der
1145 3227 1229 3291 Erote
1248 3238 1294 3290 des
1312 3237 1418 3290 claues
1440 3237 1502 3304 Tus.
1515 3239 1549 3290 41
1567 3236 1621 3290 Nr.
1633 3240 1693 3290 249.

492 3359 604 3415 Druck:
623 3357 709 3425 Fejtr
730 3357 820 3412 Codes
842 3356 930 3424 VIII,
948 3362 974 3425 2,
992 3362 1052 3414 367.

492 3518 655 3581 Johannes
678 3517 973 3599 episcopusservus
996 3537 1162 3581 servornm
1185 3519 1235 3581 dei
1259 3516 1432 3580 vonerabili
1454 3517 1542 3579 fratri
1567 3563 1576 3580 .
1600 3517 1635 3594 .¹)
1653 3516 1734 3599 epis·
1770 3522 1804 3574 ‘25

338 3645 416 3708 copo
433 3621 637 3685 Olomucensi
652 3621 786 3683 salutem
802 3626 834 3683 et
849 3620 1051 3703 apostolicam
1068 3621 1329 3684 benedictionem.
1350 3620 1415 3683 Sua
1427 3621 1519 3684 nobis
1541 3665 1550 3682 .
1574 3624 1609 3694 st)
1628 3621 1735 3704 pleba-

338 3748 400 3792 nus
422 3724 610 3811 parochialis
625 3724 775 3787 ecclesiae
791 3724 884 3787 villae
900 3724 1090 3788 Gibinieusis
1106 3725 1331 3806 strigoniensis
1347 3724 1482 3787 diocesis
1497 3730 1530 3788 et
1544 3725 1736 3788 universitas

338 3831 503 3894 hominum
534 3829 677 3893 eiusdem
707 3828 801 3890 villae
833 3829 958 3911 patroni
988 3828 1130 3891 eiusdem
1162 3828 1312 3890 ecclesiae
1334 3828 1487 3910 petitione
1510 3832 1737 3907 monstrarunt,

340 3935 425 4015 quod
459 3933 533 3996 licet
563 3932 672 3994 eadem
703 3932 895 3995 universitas
926 3933 958 3993 in
990 3932 1099 3995 eadem
1130 3933 1263 3996 ecclesia
1292 3931 1343 3993 ius
1373 3931 1514 3993 obtineat
1541 3936 1737 4014 patronatus,

340 4045 444 4101 tamen
469 4083 477 4100 .
502 4083 510 4100 .
534 4037 733 4120 praepositus
763 4037 878 4099 ruralis
908 4036 1098 4099 cibiniensis
1130 4036 1231 4098 dictae
1262 4035 1396 4097 diocesis
1426 4034 1504 4097 falso
1535 4053 1680 4097 assereus
1702 4054 1736 4098 se
1771 4038 1807 4093 30

340 4143 441 4205 dictae
464 4142 614 4205 ecclesiae
637 4140 704 4203 lore
720 4148 890 4222 patronum
906 4146 938 4203 et
961 4140 1000 4202 ad
1024 4160 1096 4202 eum
1113 4139 1272 4221 pertinere
1289 4139 1339 4201 ius
1355 4138 1537 4201 huiusmodi
1551 4144 1738 4221 patronatus

339 4250 509 4329 praetextu
539 4244 618 4306 iuris
641 4244 822 4306 huiusmodi
846 4244 983 4306 decimas
1006 4244 1045 4305 ad
1069 4243 1184 4305 dictam
1207 4241 1371 4305 ecclesiam
1395 4243 1589 4325 pertinentes
1613 4260 1736 4305 necnon

340 4349 524 4424 oblationes
548 4366 629 4429 qnae
651 4347 800 4410 aChristi
822 4346 969 4410 fidelibus
991 4348 1023 4409 in
1047 4346 1156 4409 eadem
1178 4345 1311 4407 ecclesia
1326 4345 1512 4427 offeruntur,
1536 4352 1568 4408 ct
1582 4345 1738 4408 nonnulla

341 4454 403 4517 alia
423 4453 495 4515 iura
510 4451 652 4514 eiusdem
668 4451 818 4514 ecclesiae
834 4456 945 4513 contra
960 4450 1113 4514 iustitiam
1128 4450 1297 4531 occupavit
1313 4454 1346 4512 et
1361 4449 1415 4511 diu
1432 4450 1570 4513 detinuit
1586 4456 1739 4533 occupata

340 4557 509 4620 inanimae
525 4574 602 4618 suae
617 4554 795 4638 periculum
807 4560 839 4618 et
854 4555 953 4637 ipsius
968 4553 1095 4637 plebani
1111 4559 1142 4616 et
1154 4553 1255 4616 dictae
1272 4553 1489 4616 universitatis
1500 4573 1564 4616 non
1579 4554 1738 4617 modicum
1773 4556 1807 4610 35

341 4660 568 4746 praeiudicium
592 4665 624 4722 ct
646 4677 827 4739 gravamen,
850 4664 980 4741 propter
1003 4658 1089 4739 quod
1112 4677 1169 4739 pro
1193 4664 1282 4741 parte
1305 4658 1447 4740 ipsorum
1470 4658 1595 4740 plebani
1620 4663 1652 4721 et
1668 4658 1739 4720 uni·

341 4764 500 4830 versitatis
511 4763 551 4826 ad
563 4764 669 4825 sedern
685 4762 808 4825 exstitit
823 4762 1024 4845 apostolicam
1038 4761 1239 4843 appellatum.
1256 4761 1335 4824 Cum
1352 4766 1458 4823 autem
1475 4761 1739 4845 dictillplebanus

342 4874 374 4932 et
402 4868 595 4931 universitas
624 4867 707 4929 sicut
736 4871 884 4928 asserunt
915 4865 988 4928 dicti
1019 4865 1189 4947 praepositi
1221 4865 1394 4948 potentiam
1422 4865 1534 4928 merito
1557 4866 1739 4948 perhorres·

341 4978 449 5037 centes
471 4991 546 5035 eum
567 4970 650 5033 infra
671 4970 832 5032 civitatem
854 4989 912 5032 seu
935 4969 1085 5032 diocesim
1107 4968 1355 5050 Strigoniensem
1383 4973 1546 5048 nequeant
1568 4969 1739 5032 convenire

342 5095 463 5155 secure,
492 5074 680 5138 fraternitati
703 5078 777 5137 tuae
797 5092 855 5156 per
877 5073 1048 5156 apostoliea
1069 5072 1187 5155 scripta
1209 5072 1405 5152 mandamus,
1436 5076 1595 5151 quatenus
1619 5071 1739 5133 vocatis
1773 5075 1809 5129 40

499 5215 519 5279 ¹)
540 5209 694 5266 Oonrodna.
713 5239 747 5248 -
765 5225 827 5262 omu
845 5210 902 5275 anf
916 5208 1020 5262 Rosor.

498 5302 519 5365 ¹)
538 5296 730 5352 Haaenricoa
1048 5316 1052 5321 ·

499 5389 520 5453 ⁸)
538 5384 602 5439 Das
618 5384 709 5438 aweitc
725 5383 737 5436 a·
755 5382 812 5450 aas
825 5382 929 5437 Raaar.
