4088 6292
905 648 1061 743 jag

285 839 380 903 tertia
393 842 482 921 parte
497 837 639 902 eiusdem
654 837 838 921 molendini,
858 857 954 919 quam
969 839 1094 902 tertiam
1109 842 1232 921 partem
1255 836 1331 900 dicti
1348 836 1522 901 molendini
1537 837 1685 920 primitus

284 941 506 1025 Bartholphus,
537 940 697 1006 Marsilius
727 946 760 1005 et
784 940 939 1007 Hernicus
968 943 1081 1006 tratres
1111 942 1162 1005 sui
1183 941 1347 1023 praelibati
1378 941 1412 1003 in
1444 940 1587 1005 absentia
1616 961 1684 1022 sua,

285 1047 368 1109 sicut
400 1044 490 1121 dixit,
521 1044 624 1108 eidem
651 1046 802 1128 magistro
832 1044 933 1126 Elyac
955 1064 1012 1127 pro
1042 1063 1159 1107 novem
1190 1045 1303 1107 marcis
1332 1043 1389 1106 fini
1419 1044 1542 1126 argenti
1572 1044 1684 1107 vendi·

285 1149 410 1229 derunt,
434 1149 517 1211 dicto
533 1148 705 1231 Bertolpho
722 1154 754 1212 et
769 1148 908 1212 Marsilio
932 1146 1083 1211 fratribus
1106 1149 1173 1211 suis
1191 1148 1441 1231 praesentialiter
1463 1166 1570 1211 coram
1591 1147 1685 1211 nobis

233 1261 249 1313 5
285 1251 463 1316 astantibus
492 1256 525 1315 et
546 1250 819 1315 consentientibus
841 1251 986 1315 vendidit
1014 1256 1046 1314 et
1074 1251 1191 1315 locavit
1220 1252 1281 1335 ipsi
1313 1252 1463 1334 magistro
1493 1250 1594 1332 Elyae
1626 1271 1684 1335 pro

285 1355 411 1420 duabus
432 1355 556 1436 marcis,
586 1354 679 1438 plene
701 1354 816 1418 habitis
839 1356 923 1418 sicut
944 1354 1027 1419 dixit
1049 1360 1080 1418 et
1101 1356 1259 1439 perceptis
1281 1374 1338 1439 per
1360 1355 1498 1418 eundem
1520 1356 1590 1418 iure
1613 1374 1684 1438 per-

286 1464 382 1543 petuo
408 1464 441 1523 et
454 1459 703 1522 irrevocabiliter
718 1459 950 1543 possidendam,
973 1460 1143 1523 tenendam
1157 1458 1286 1542 pacifice
1308 1465 1341 1523 et
1355 1458 1541 1522 habendam
1570 1458 1612 1523 Et
1633 1459 1683 1521 in·

287 1582 384 1646 super
397 1563 482 1627 idem
498 1562 643 1627 declinus
665 1563 830 1626 confessus
853 1568 910 1643 est,
932 1582 990 1646 per
1004 1564 1124 1627 dictum
1147 1564 1333 1646 magistrum
1347 1562 1462 1644 Elyam
1480 1562 1515 1624 in
1537 1562 1685 1626 omnibus

286 1665 346 1729 sibi
374 1684 444 1729 esse
466 1665 663 1729 satisfactum
686 1666 726 1730 de
748 1667 930 1730 molendino
953 1674 1135 1730 memorato.
1168 1667 1207 1729 In
1230 1667 1322 1731 cuius
1347 1667 1393 1730 rei
1415 1667 1632 1730 testimonium
1653 1671 1685 1729 et

220 1777 253 1832 10
287 1769 386 1833 robur
400 1774 600 1853 perpetuum,
622 1789 664 1832 ne
679 1788 717 1833 ea
732 1788 814 1851 quae
829 1776 906 1833 sunt
921 1770 1065 1834 ordinata
1086 1771 1170 1833 inter
1187 1776 1293 1853 partes
1315 1771 1492 1854 praedictas
1515 1770 1580 1833 ullo
1604 1776 1683 1833 tem·

287 1891 365 1955 pore
378 1873 503 1957 possint
517 1892 575 1956 per
597 1873 778 1957 quempiam
801 1874 964 1938 retraetari
989 1880 1020 1937 ot
1041 1874 1168 1957 irritari,
1191 1874 1230 1936 ad
1252 1874 1436 1937 instantiam
1452 1880 1484 1937 et
1498 1874 1684 1957 petitionem

288 1976 458 2056 utriusque
479 1976 578 2059 partis
593 1975 699 2039 literas
714 1984 841 2041 nostras
855 1979 1070 2041 concessimus
1085 1983 1268 2060 praesentes
1283 1976 1377 2060 sigilli
1391 1978 1493 2041 nostri
1508 1978 1685 2041 munimine

287 2079 459 2143 roboratas
481 2078 601 2143 Datum
623 2081 657 2143 in
676 2080 727 2144 die
743 2081 885 2144 omnium
901 2086 1093 2161 sanctorum,
1115 2100 1199 2144 anno
1219 2081 1339 2144 domini
1353 2058 1395 2144 it.
1419 2059 1519 2145 libb.
1543 2081 1685 2163 septimo.

288 2183 440 2267 Gregorio
472 2183 651 2267 praeposito
681 2183 832 2248 ecclesiae
862 2189 998 2264 nostrae,
1024 2183 1143 2247 Thoma
1171 2191 1309 2267 cantore,
1340 2185 1514 2248 Vincencio
1544 2183 1686 2264 custode,

219 2298 251 2349 15
289 2287 441 2371 Gregorio
465 2287 584 2351 decano
608 2286 829 2351 existentibus.

944 2631 1031 2716 311.

364 2814 512 2887 Poitiers
538 2816 647 2884 1308
662 2813 807 2885 Jonaor
823 2817 883 2885 13.
911 2814 1020 2905 Popst
1044 2813 1197 2885 Clemens
1223 2813 1261 2885 V.
1282 2813 1480 2905 danastrupt
1506 2815 1573 2886 dea
1595 2813 1686 2885 Her-

285 2936 524 3007 moaraatddter
542 2935 668 3025 Propst
693 2935 756 3006 mit
783 2935 845 3021 der
862 2935 1122 3026 Eumenidum
1150 2934 1212 3007 der
1236 2936 1401 3007 zroiscm
1428 2936 1494 3006 dea
1512 2935 1688 3022 Pforrera

287 3057 345 3127 des
359 3056 580 3128 Mediuscber
597 3054 794 3127 Dclcanctcs
811 3057 885 3127 aad
901 3057 977 3127 dem
999 3054 1279 3147 Wenseaoarqer
1302 3055 1538 3128 Archida'olton
1563 3057 1686 3127 schwe-

219 3193 255 3247 20
289 3177 417 3248 deam
444 3176 661 3248 Strcitsacbe.

446 3340 522 3410 0249.
535 3340 615 3409 Perp.
628 3339 837 3407 Kupitelarcbio
849 3340 1001 3394 Mediuacb.
1020 3339 1154 3394 Bleibulle
1169 3340 1219 3393 wie
1232 3340 1274 3393 bei
1286 3339 1339 3394 Nr.
1349 3344 1408 3407 309,
1418 3340 1518 3406 jecora
1530 3358 1568 3394 aa
1580 3342 1689 3396 weiaaer

393 3426 578 3493 Hansscbnar
597 3426 760 3496 anpelrdapt.

443 3547 556 3601 Druck:
578 3547 654 3600 lircil
671 3566 698 3601 a.
723 3547 838 3601 Werner
861 3547 943 3601 Uricb.
962 3552 986 3602 5.

443 3722 589 3787 Clemens
618 3724 922 3807 episcopusservus
947 3742 1114 3786 servornm
1138 3722 1186 3785 dei
1219 3722 1332 3786 dilecto
1355 3722 1420 3785 filio
1444 3768 1452 3785 .
1476 3768 1485 3784 .
1508 3724 1687 3807 praeposito

218 3834 254 3888 25
289 3827 440 3890 ecclesiae
470 3827 661 3891 Cibiniensis
684 3827 910 3910 Strigoniensis
933 3827 1067 3890 diocesis
1097 3826 1232 3888 salutem
1255 3832 1287 3889 st
1308 3826 1512 3910 apostolicam
1541 3814 1689 3889 benedic·

290 3932 417 3994 tionem.
452 3930 627 4013 Conquesti
650 3936 726 3995 sunt
747 3929 840 3993 nobis
863 3976 871 3992 .
895 3974 903 3992 .
927 3930 1067 3993 decanus
1097 3936 1128 3993 et
1150 3930 1294 3992 universi
1315 3936 1455 3994 rectores
1486 3929 1691 3993 ecclesiarum

288 4042 390 4099 torrae
406 4035 445 4098 de
460 4034 580 4099 Medias
595 4035 821 4099 Transiluanae
840 4035 981 4115 diocesis,
1005 4034 1092 4115 quod
1110 4033 1351 4097 archidiaconus
1374 4033 1524 4097 ecclesiae
1539 4032 1689 4097 Albensis

289 4140 391 4203 dictae
414 4139 557 4223 diocesis,
587 4140 627 4202 ad
651 4158 746 4221 quem
769 4139 808 4202 de
831 4139 963 4220 antiqua
990 4143 1022 4200 et
1044 4137 1216 4221 approbata
1246 4142 1278 4200 et
1299 4137 1453 4201 hactenus
1475 4136 1604 4220 pacifice
1633 4135 1689 4200 ob-

288 4249 414 4306 servata
428 4244 661 4307 consuetudine
681 4242 819 4306 visitatio
843 4242 1048 4306 ecclesiarum
1066 4241 1101 4303 in
1124 4240 1381 4305 archidiaconatu
1404 4260 1462 4304 suo
1480 4241 1623 4305 eiusdem
1638 4260 1690 4305 oc·

220 4352 256 4407 30
290 4345 404 4410 clesiae
425 4345 575 4410 Albensis
598 4346 841 4410 consistentium
863 4346 1009 4429 pertinet,
1031 4345 1309 4428 procurationibus
1332 4346 1502 4425 consuetis,
1525 4363 1608 4427 quae
1629 4343 1690 4408 sibi

289 4450 412 4513 ratione
442 4450 635 4514 visitationis
658 4449 824 4531 debentur,
854 4469 920 4512 non
949 4454 1129 4529 contentus,
1159 4469 1178 4511 a
1201 4449 1292 4512 dictis
1315 4449 1435 4512 decano
1458 4455 1491 4511 et
1512 4446 1690 4511 rectoribus

289 4554 508 4635 communiter,
531 4572 739 4616 cumeorum
761 4553 918 4634 ecclesiae,
944 4572 1024 4633 quas
1045 4553 1080 4615 in
1103 4552 1215 4616 eodem
1237 4552 1494 4616 archidiaconatu
1517 4552 1690 4614 consistere

290 4658 410 4738 asserit,
432 4658 549 4740 visitat,
573 4657 658 4720 ultra
679 4657 918 4741 procurationes
941 4655 1001 4718 sibi
1016 4656 1139 4719 ratione
1154 4656 1335 4720 huiusmodi
1359 4655 1548 4720 visitationis
1568 4654 1691 4718 debitos

290 4760 443 4841 quasdam
465 4761 674 4844 pecuniarum
697 4780 837 4825 summas
867 4760 982 4822 nititur
1004 4765 1198 4842 extorquere
1220 4760 1297 4823 alias
1328 4779 1383 4823 eos
1405 4765 1517 4823 contra
1537 4758 1691 4821 iustitiam

220 4872 255 4926 35
288 4864 439 4928 indebitis
468 4865 690 4929 exactionibus
711 4863 921 4948 aggravando.
957 4861 1037 4927 Cum
1068 4869 1175 4928 autem
1198 4864 1274 4927 dicti
1296 4868 1529 4945 conquerentes
1557 4861 1690 4946 praefati

289 4968 471 5033 imunantis
493 4969 577 5032 sicut
602 4974 750 5032 asserunt
771 4968 946 5052 potentiam
969 4968 1081 5032 morito
1104 4968 1389 5051 perhorrescentes,
1413 4986 1487 5030 cum
1509 4965 1592 5028 inira
1613 4964 1691 5028 civi-

289 5077 386 5137 tatem
404 5071 456 5136 vel
479 5072 630 5136 diocesim
644 5071 884 5136 Transiluanam
906 5075 1047 5152 nequeat
1068 5072 1241 5136 convenire
1264 5090 1384 5152 secure,
1411 5068 1593 5134 discretioni
1616 5074 1691 5131 tuae

290 5195 348 5259 per
362 5175 536 5261 apostolica
550 5176 666 5259 scripta
681 5176 878 5257 mandamus,
902 5182 1061 5258 quatenus
1079 5176 1224 5260 partibus
1239 5175 1421 5239 convocatis
1436 5174 1548 5237 audias
1562 5192 1691 5236 oausam

290 5285 323 5344 ct
344 5280 554 5365 appellatione
577 5285 698 5344 remota
720 5280 825 5343 debito
847 5279 912 5343 fine
928 5279 1064 5359 decidas,
1086 5279 1205 5342 faciens
1229 5278 1315 5360 qnod
1338 5277 1516 5341 decreveris
1538 5296 1596 5361 per
1617 5294 1691 5340 cen·

223 5388 259 5444 40
292 5403 400 5448 suram
422 5384 665 5449 ecclesiasticam
687 5383 821 5448 firmiter
843 5383 1013 5448 observari.
1043 5383 1152 5447 Testes
1174 5386 1281 5445 autem
1305 5381 1361 5463 qui
1386 5380 1507 5445 tuerint
1527 5379 1691 5463 nominati,

291 5488 319 5552 si
341 5506 375 5552 se
397 5488 507 5572 gratia,
537 5487 610 5551 odio
636 5487 688 5551 vel
718 5488 832 5551 timore
854 5486 1073 5551 subtraxerint
1102 5505 1239 5550 censura
1259 5485 1363 5570 simili,
1392 5485 1602 5570 appellatione
1624 5502 1692 5548 cos·
