4106 6294
901 639 1056 734 ,2⁵3-

281 828 408 893 mittere
442 847 507 891 non
541 827 711 892 tardarent.
747 826 867 893 Datum
900 849 983 893 anno
1019 829 1139 893 domini
1171 806 1213 892 lli.
1237 805 1321 892 Cili).
1343 805 1432 891 vin.
1466 827 1540 892 1111.
1573 828 1683 893 Nonas

282 931 502 1007 Decembris.¹)

437 1035 497 1099 Die
528 1034 636 1099 Sabati
658 1015 764 1100 Xin.
787 1037 863 1100 dicti
892 1038 1011 1101 mensis
1034 1037 1118 1119 Maii,
1149 1037 1291 1101 eiusdem
1322 1036 1504 1100 indictionis
1535 1037 1683 1100 dominus
1709 1045 1860 1116 Prorogatio

287 1140 453 1224 Philippus
476 1141 603 1204 auditor
616 1141 799 1223 praedictus
815 1141 854 1205 de
868 1142 1103 1224 praedictorum
1119 1142 1288 1222 utriusque
1310 1141 1408 1225 partis
1424 1140 1588 1203 voluntate
1610 1160 1683 1224 pro·
1756 1125 1837 1215 (11111,

233 1259 250 1311 5
285 1249 469 1308 curatorum
492 1245 708 1328 praesentium
731 1246 764 1308 in
791 1245 909 1309 iudicio
939 1265 1045 1308 coram
1075 1265 1113 1308 eo
1143 1265 1241 1328 supra
1270 1245 1390 1308 dictum
1414 1246 1584 1308 terminum
1607 1245 1683 1328 ipsis
1732 1206 1846 1258 mmm

283 1349 544 1431 procuratoribus
567 1349 677 1412 datum
699 1350 739 1412 ad
762 1349 864 1431 hodie,
887 1350 926 1413 ad
949 1349 1033 1413 diem
1054 1349 1165 1413 Martis
1187 1349 1332 1432 proxime
1354 1348 1500 1411 futurum
1523 1368 1565 1413 911
1587 1368 1685 1413 causa

283 1451 317 1514 in
340 1452 459 1515 eisdem
481 1450 601 1516 finibus
624 1455 816 1536 prorogavit

439 1554 499 1619 Die
521 1555 633 1620 Martis
656 1535 731 1621 XX
755 1558 830 1621 dicti
853 1560 971 1622 mensis
994 1559 1098 1622 adhuc
1114 1558 1218 1621 dictus
1234 1558 1382 1621 dominus
1397 1557 1524 1620 auditor
1539 1557 1578 1621 de
1593 1576 1683 1640 prae·
1719 1567 1780 1622 Alia
1796 1586 1856 1639 pro

287 1659 445 1723 dictorum
467 1668 710 1743 procuratorum
734 1663 904 1744 utriusque
926 1663 1025 1746 partis
1040 1662 1205 1726 voluntate
1227 1661 1379 1740 unanimi,
1403 1661 1479 1743 quia
1494 1661 1685 1725 videbantru
1717 1648 1860 1737 rogafioad

220 1777 253 1831 10
289 1762 329 1825 ad
353 1763 734 1847 concordiamderenire,
757 1766 996 1850 supradictum
1019 1768 1190 1830 terminum
1214 1766 1252 1828 911
1275 1766 1457 1848 proximum
1481 1764 1578 1828 alium
1602 1765 1685 1829 diem
1751 1727 1829 1781 idem.

285 1867 398 1932 Martis
421 1869 567 1932 futurum
589 1869 622 1932 in
646 1871 788 1953 vesperis
809 1872 843 1933 in
866 1871 985 1935 eisdem
1007 1869 1125 1933 finibus
1147 1870 1336 1953 prorogavit.

440 1970 500 2037 Die
519 1972 630 2037 Martis
653 1952 793 2038 xxvii.
816 1975 891 2038 dieti
913 1975 1032 2038 mensis
1053 1973 1129 2037 Maii
1151 1976 1228 2038 11919
1251 1973 1354 2037 dictus
1386 1974 1534 2037 dominus
1557 1973 1684 2037 auditor
1718 1985 1778 2040 1119
1795 2004 1855 2057 pro-

286 2077 326 2139 ed
347 2077 582 2160 praedictorum
605 2084 848 2162 procuratorum
876 2080 1044 2160 utriusque
1066 2079 1166 2163 partis
1195 2078 1379 2141 instantiam
1401 2078 1599 2161 praedictum
1621 2083 1684 2141 ter-
1715 2066 1859 2155 10111011

283 2181 406 2244 1919919
437 2182 477 2245 ad
506 2181 589 2245 diem
622 2182 756 2246 Veneris
784 2185 930 2266 proxime
957 2182 1102 2246 19191919
1133 2183 1166 2244 19
1197 2182 1338 2265 vesperis
1367 2181 1402 2244 in
1424 2182 1543 2245 eisdem
1564 2180 1684 2245 finibus
1750 2145 1829 2199 ΜΘΝ·

218 2299 250 2352 15
285 2286 477 2368 prorogavit.

440 2388 500 2453 Die
522 2408 599 2453 vero
623 2390 758 2454 Veneris
780 2391 956 2475 penultimo
980 2391 1054 2454 dieti
1078 2390 1196 2453 mensis
1218 2388 1475 2472 comparentibus
1497 2389 1589 2453 dictis
1611 2410 1685 2473 pro·
1716 2403 1861 2459 interlocu-

285 2492 487 2557 curatoribus
509 2496 679 2576 utriusque
702 2494 800 2578 partis
822 2495 854 2557 in
879 2494 996 2557 iudicio
1019 2514 1125 2557 coram
1149 2493 1234 2556 dicto
1257 2493 1386 2556 domino
1409 2493 1554 2557 auditore
1576 2500 1609 2557 et
1629 2514 1684 2577 pe·
1723 2483 1849 2573 ‘mim

285 2597 427 2662 tentibus
449 2617 547 2681 super
568 2599 749 2682 receptione
780 2604 906 2662 tantum
936 2599 1168 2682 praedictarum
1198 2597 1362 2661 literarum
1392 2616 1450 2661 seu
1480 2598 1685 2661 instrumenti
1734 2560 1843 2615 ⁰¹⁰¹¹⁰¹⁸'

285 2700 431 2765 facienda
453 2702 504 2765 vel
527 2721 593 2765 non
617 2703 657 2766 de
679 2703 749 2766 iure
764 2703 1037 2767 interlocutoriam
1059 2703 1144 2784 ferri,
1167 2702 1251 2765 idem
1267 2702 1416 2765 dominus
1438 2701 1565 2765 auditor
1579 2701 1686 2765 habita

216 2819 252 2874 20
286 2805 513 2869 deliberatione
535 2806 671 2870 sollenni
693 2808 918 2891 pronunciavit
940 2805 1194 2887 interloquend0‚
1225 2805 1325 2869 dictas
1347 2805 1455 2869 literas
1484 2825 1542 2870 seu
1566 2807 1686 2869 instru-

286 2916 430 2973 mentum
461 2911 529 2973 fore
558 2910 790 2974 admittendum
820 2916 852 2974 et
882 2910 1098 2994 recipiendum
1128 2910 1160 2971 in
1192 2929 1289 2973 causa
1316 2910 1478 2993 praedicta
1506 2910 1686 2994 ipsumque,

286 3020 384 3097 pmut
404 3014 444 3078 de
465 3014 537 3078 iure
559 3021 635 3095 erat,
658 3015 785 3079 admisit
807 3021 839 3080 91
853 3016 980 3099 recepit,
1003 3020 1036 3078 et
1054 3015 1159 3078 statim
1175 3014 1279 3076 adhuc
1300 3014 1418 3097 inipso
1440 3014 1558 3077 iudicio
1581 3013 1686 3077 dictus

286 3119 437 3201 magister
466 3118 632 3204 Philippus
665 3119 868 3201 substitutus,
902 3118 1030 3182 nomine
1069 3138 1133 3200 quo
1164 3139 1262 3203 supra
1293 3118 1439 3182 exhibuit
1468 3125 1500 3182 et
1531 3119 1619 3182 dedit
1651 3119 1685 3181 in

287 3222 413 3305 scriptis
447 3228 561 3286 contra
593 3224 697 3307 ipsum
727 3225 976 3287 instrumentum
1006 3229 1038 3287 91
1066 3223 1174 3287 literas
1204 3223 1409 3306 exceptiones
1432 3222 1515 3285 intra
1544 3223 1685 3307 scriptas.

218 3342 252 3397 25
288 3323 430 3402 Quarum
453 3332 546 3390 tenor
567 3327 639 3391 talis
660 3332 716 3392 est

443 3429 556 3494 Coram
579 3429 671 3494 vobis
694 3430 867 3495 venerabili
889 3432 959 3496 viro
983 3432 1111 3496 domino
1136 3431 1282 3515 Phinpo
1305 3431 1345 3494 de
1367 3430 1520 3495 Sardinea
1541 3432 1686 3497 auditore
1731 3444 1836 3513 Excep-

287 3533 407 3596 domini
429 3533 524 3616 legali
540 3533 706 3618 Philippus
722 3535 761 3599 de
777 3534 912 3618 Cingulo
928 3541 1114 3618 procurator
1128 3535 1321 3599 substitutus
1344 3535 1473 3620 capituli
1489 3541 1521 3599 et
1536 3535 1686 3600 ecclesiae
1711 3522 1856 3611 10198110

255 3620 258 3628 Δ
286 3635 529 3701 ’1199991199999
552 3638 629 3703 dicit
657 3644 689 3702 91
710 3643 905 3724 protestatur
926 3640 960 3701 19
982 3639 1109 3714 iudicio
1136 3646 1296 3721 quatenus
1317 3638 1463 3702 cedulam
1485 3639 1632 3723 scriptam
1655 3646 1688 3704 et
1724 3598 1845 3669 ⁰⁸⁹¹tu¹⁰’

288 3760 308 3803 a
329 3746 418 3823 tergo
442 3742 581 3823 quodam
604 3744 706 3826 sigillo
729 3744 868 3807 rotundo
892 3744 931 3807 de
953 3763 1026 3807 cera
1048 3744 1210 3806 communi
1229 3742 1406 3825 sigillatam,
1428 3743 1615 3826 productam
1638 3743 1686 3806 ul·

220 3865 255 3918 30
290 3844 367 3907 limo
388 3864 445 3928 per
467 3852 706 3929 procuratorem
728 3848 827 3930 partis
849 3847 1010 3927 adversae,
1034 3847 1120 3929 quod
1143 3846 1227 3910 diota
1248 3845 1361 3909 cedula
1390 3847 1488 3930 recipi
1510 3854 1542 3909 et
1563 3846 1687 3910 admitti

288 3968 354 4012 non
377 3948 480 4032 debet
503 3970 576 4014 cum
600 3958 722 4035 partem
745 3952 911 4015 adversam
933 3952 966 4015 in
993 3952 1100 4033 aliquo
1124 3971 1189 4013 nou
1212 3949 1334 4013 relevet
1355 3969 1403 4031 eo,
1433 3950 1521 4032 quod
1550 3969 1616 4013 non
1639 3956 1689 4013 est

288 4053 472 4117 99111991199
486 4074 546 4118 999
568 4075 626 4139 per
640 4057 838 4120 authenticas
860 4074 1013 4140 personas
1028 4073 1187 4135 concessa,
1210 4074 1284 4116 nam
1304 4054 1335 4116 in
1352 4054 1421 4137 ipsa
1435 4052 1548 4117 cedula
1563 4054 1688 4135 dicitur,

290 4156 376 4237 quod
400 4157 577 4222 Gobolinus
599 4165 631 4222 et
653 4159 805 4224 Nicolaus
827 4179 863 4222 99
887 4160 1079 4224 universitas
1101 4157 1292 4223 Oibiniensis
1314 4157 1421 4220 1119199
1443 4158 1687 4241 provincialium

289 4260 329 4323 ad
345 4261 511 4325 dominum
526 4263 695 4326 vaivodam
710 4263 867 4326 miserunt
881 4268 1039 4345 rogantes,
1062 4267 1100 4325 ut
1113 4261 1309 4344 presbyteris
1325 4266 1357 4324 et
1371 4260 1515 4344 plebanis
1529 4267 1562 4324 et
1576 4280 1687 4325 eorum

221 4385 255 4439 35
291 4366 551 4447 procuratoribus
580 4367 701 4431 aditum
728 4367 818 4431 daret
847 4366 887 4430 ad
918 4365 1082 4428 dominum
1112 4364 1261 4447 legatum,
1292 4370 1324 4429 et
1354 4365 1474 4446 dicunt
1505 4365 1590 4446 quod
1621 4365 1688 4448 ipse

292 4469 427 4533 vaivoda
443 4471 613 4553 denegavit
627 4469 707 4534 illud
722 4470 834 4535 tacere.
869 4470 936 4534 Nec
959 4474 1084 4531 constat
1106 4468 1145 4532 de
1167 4467 1268 4532 literis
1295 4468 1422 4531 illorum
1444 4468 1689 4552 provincialium

291 4592 350 4637 nec
365 4574 482 4638 dicitur
496 4575 549 4655 ibi,
566 4594 703 4657 quorum
715 4574 959 4658 provincialium
973 4579 1005 4636 91
1017 4572 1145 4655 quando
1157 4591 1194 4635 ac
1206 4591 1264 4655 per
1277 4591 1372 4654 quem
1384 4571 1565 4635 huiusmodi
1578 4572 1688 4636 literae

292 4677 395 4741 eidem
418 4679 573 4741 vaivodae
596 4684 629 4743 et
650 4677 707 4741 ubi
729 4682 949 4761 praesentatae
971 4677 1111 4740 fuerunt.
1146 4675 1305 4739 Videntur
1328 4677 1414 4739 enirn
1443 4676 1504 4759 ipsi
1528 4675 1690 4759 praedicta

291 4799 333 4845 ex
353 4782 497 4865 ipsorum
519 4782 648 4867 proprio
671 4787 762 4845 motu
785 4781 898 4864 dicere,
923 4780 1086 4863 quianon
1109 4779 1210 4863 rogati
1230 4798 1287 4843 seu
1302 4778 1448 4861 requisiti
1469 4799 1528 4862 per
1548 4779 1688 4860 aliquem

220 4906 257 4961 40
292 4884 367 4948 dicti
390 4885 567 4950 Gobolinus
589 4890 621 4950 91
642 4885 795 4949 Ν19919119
816 4904 874 4949 999
896 4886 1089 4949 universitas
1111 4884 1151 4946 ad
1173 4884 1335 4968 praedicta
1356 4889 1587 4966 processerunt,
1609 4888 1689 4947 tam·

292 5008 388 5071 quam
410 4989 558 5054 malevoli
580 4996 613 5054 et
635 4990 754 5053 inimici
777 4989 908 5074 capituli
931 5008 1029 5072 supra
1051 4988 1135 5068 dicu,
1158 4994 1191 5052 91
1212 4989 1306 5051 911919
1330 4987 1512 5050 huiusmodi
1534 4987 1688 5051 laicorum

291 5092 383 5158 litera
397 5097 455 5157 seu
471 5094 629 5179 scriptura
643 5099 736 5157 extra
749 5095 924 5178 potentiam
940 5100 973 5158 et
987 5093 1167 5156 districtum
1182 5110 1293 5155 eorum
1313 5090 1434 5154 nullam
1448 5090 1544 5155 fidem
1559 5092 1689 5174 faciunt

293 5198 369 5280 quia
390 5217 502 5264 eorum
524 5198 664 5282 sigillum
687 5218 752 5262 non
775 5199 878 5263 99119
902 5199 1016 5262 9911119
1029 5197 1164 5261 91191991
1180 5196 1354 5278 hominum,
1375 5215 1435 5260 nec
1456 5195 1552 5260 fidem
1568 5195 1691 5259 1991991

292 5301 326 5364 in
348 5301 417 5366 loro
440 5302 653 5367 ecclesiastico
675 5308 708 5367 et
730 5302 1064 5367 1919199919919911999
1085 5321 1239 5385 personas
1261 5301 1301 5365 de
1322 5300 1402 5364 iure.

222 5456 258 5511 411
450 5458 471 5525 ¹)
487 5456 637 5511 December
658 5460 685 5511 2.
709 5486 743 5497 -
766 5455 878 5511 Druck:
908 5453 996 5522 ieje
1021 5454 1111 5510 091199
1133 5453 1222 5522 VIII,
1245 5458 1271 5522 5,
1296 5457 1340 5509 47.
1381 5452 1589 5509 Veraimorcbio
1612 5452 1691 5509 Neue

292 5541 380 5614 Foloe
402 5541 491 5613 VIII,
508 5546 569 5600 307.
