4088 6292
981 641 1135 735 Q

355 833 454 910 sante,
487 828 658 911 compellas
691 828 817 893 veritati
849 828 1067 892 testimonium
1101 829 1273 914 perhibere.
1315 828 1435 894 Datum
1462 830 1612 915 Pictsuis,
1644 831 1756 896 Idibus

354 931 508 1013 Januarii,
530 931 734 1015 pontificatus
756 933 859 996 nostri
880 953 965 995 anno
989 933 1116 997 terlio..

508 1070 584 1152 Auf
599 1069 654 1132 dar
675 1069 850 1133 Ritclcaeite:
883 1069 1040 1153 Rogcrius
1063 1071 1102 1135 de
1124 1070 1237 1135 Rocca.

509 1190 583 1274 Aaf
610 1190 665 1253 der
694 1189 851 1254 Rriclcseite
883 1191 949 1272 auf
975 1190 1043 1254 dam
1075 1199 1201 1256 unteren
1233 1191 1446 1276 uotqeboqcncn
1476 1191 1757 1278 Perpamentrand:

355 1316 378 1359 n
400 1294 560 1377 Raynulfi.
1789 1306 1806 1358 5

1012 1556 1101 1639 312.
1157 1492 1158 1495 ¹

429 1720 578 1792 Poiticrs
613 1721 722 1791 1308
757 1719 917 1791 Femar
953 1724 987 1791 4.
1041 1721 1151 1812 Papst
1187 1719 1341 1793 Clemens
1380 1719 1418 1791 V.
1456 1720 1654 1811 bcooflropt
1689 1720 1757 1792 deo

352 1841 667 1913 Hermanoatddtcr
692 1840 830 1931 Propsl,
867 1841 933 1913 deo
958 1841 1124 1913 awiaclmc
1150 1841 1215 1913 dco
1241 1841 1417 1929 Psorrcro
1449 1841 1508 1913 dea
1534 1840 1756 1914 Medioscloer

353 1961 553 2034 Dclcaaotes
580 1962 654 2033 aad
679 1961 757 2031 dem
791 1959 1073 2052 Weisscadurpcr
1097 1961 1242 2052 Kapitel
1273 1961 1407 2051 betrcffe
1432 1961 1492 2032 dcs
1517 1959 1671 2033 chntca
1696 1959 1755 2032 ab·

352 2082 605 2174 peactloescoco
641 2080 818 2173 Vcrplcicla
843 2082 1004 2171 aufractt
1027 2104 1072 2152 zu
1098 2082 1261 2153 crtaltea.
1790 2098 1826 2155 10

513 2245 589 2317 0119.
608 2247 688 2317 Pera.
707 2244 917 2314 Kapltclarclrio
934 2244 1087 2300 Mcdiosclt.
1105 2244 1241 2299 Blcs'bullc
1257 2245 1308 2300 wic
1327 2244 1369 2300 bei
1386 2244 1440 2300 Nr.
1458 2248 1519 2300 309.

510 2367 623 2422 Druck:
645 2366 721 2421 11111
737 2384 765 2420 u.
791 2366 906 2421 Wcrocr
928 2366 1011 2421 Ureu.
1030 2370 1056 2420 6.

511 2543 658 2609 Clemens
689 2545 859 2628 episeopus
881 2563 995 2609 servus
1017 2563 1185 2608 servorum
1207 2544 1258 2608 dei
1280 2543 1394 2607 dilecto
1415 2542 1482 2607 filio
1510 2587 1519 2605 .
1543 2589 1551 2606 .
1575 2543 1755 2627 praeposito

355 2647 506 2712 ecclesiae
536 2646 726 2712 Oibiniensis
748 2646 974 2731 Strigoniensis
1004 2646 1138 2710 diocesis
1160 2647 1296 2710 salutem
1317 2652 1350 2711 et
1371 2646 1576 2730 apostolicam
1606 2646 1755 2710 benedic·

355 2751 483 2815 tionem.
507 2750 574 2814 Sua
595 2752 688 2814 nobis
710 2751 817 2815 dilecti
838 2751 896 2814 filii
918 2797 926 2814 .
951 2797 959 2814 .
983 2752 1123 2814 decanus
1143 2751 1315 2815 decanatus
1338 2750 1377 2815 de
1399 2757 1485 2814 terra
1499 2751 1620 2815 Medies
1643 2757 1676 2815 et
1688 2770 1757 2815 rec·
1792 2758 1826 2812 15

357 2860 442 2919 tores
476 2854 682 2919 ecclesiarum
715 2855 749 2917 in
783 2854 867 2919 dicto
902 2855 1058 2919 decanatu
1092 2854 1334 2918 consistentium
1362 2853 1589 2919 Transiluanae
1623 2855 1757 2919 diocesis

355 2959 508 3043 petitione
537 2964 766 3040 monstrarunt,
802 2958 888 3040 quod
918 2977 991 3022 curn
1021 2958 1105 3021 inter
1133 2959 1220 3041 ipsos
1247 2978 1289 3022 ex
1319 2964 1409 3042 parte
1431 2978 1497 3022 una
1527 2963 1560 3022 et
1581 2958 1757 3042 capitulum

355 3063 506 3128 Albensis
528 3063 679 3127 ecclesiae
709 3063 811 3125 dictae
842 3061 976 3126 diocesis
1006 3081 1048 3126 ex
1071 3062 1170 3125 altera
1185 3081 1282 3145 super
1302 3062 1492 3143 quibusdam
1515 3062 1654 3144 decimis,
1677 3081 1757 3143 quas

356 3167 432 3231 dicti
455 3168 594 3231 decanus
624 3172 656 3229 et
685 3171 825 3230 rectores
854 3165 895 3228 ad
917 3183 973 3229 eos
1002 3166 1213 3230 communiter
1243 3166 1429 3247 dictumque
1457 3165 1633 3250 capitulum
1660 3165 1701 3229 ad
1722 3183 1758 3230 se

356 3279 499 3356 spectare
522 3271 677 3353 dicebant,
701 3275 771 3334 orta
785 3270 899 3333 inisset
913 3271 1045 3334 materia
1065 3270 1269 3353 quaestionis,
1292 3269 1421 3334 tandem
1436 3269 1649 3334 mediantibus
1663 3270 1756 3334 bonis
1791 3273 1827 3329 20

356 3375 434 3439 viris
458 3375 615 3457 quaedam
637 3374 721 3437 inter
743 3378 849 3457 partes
871 3391 968 3456 super
989 3372 1038 3435 his
1061 3373 1233 3436 amicabilis
1255 3373 1442 3457 compositio
1456 3373 1639 3457 intervenit,
1661 3391 1758 3438 vane-

355 3479 464 3542 rabifis
494 3479 601 3541 fratris
630 3478 731 3541 nostri
755 3478 841 3541 Petri
864 3476 1002 3560 episcopi
1025 3475 1226 3539 Transiluani
1255 3476 1295 3539 ad
1325 3475 1358 3538 id
1388 3477 1558 3541 accedente
1589 3496 1757 3559 consensu,

357 3588 453 3666 prout
482 3583 516 3644 in
546 3581 728 3665 patentibus
761 3581 861 3644 literis
891 3580 965 3644 inde
999 3580 1151 3643 confectis
1183 3579 1284 3662 ipsius
1317 3579 1457 3663 episcopi
1489 3580 1591 3663 sigillo
1625 3579 1757 3643 munitis

355 3688 482 3771 plenius
512 3687 628 3749 dicitur
661 3685 825 3748 contineri.
871 3682 1026 3760 Quocirca
1054 3683 1238 3747 discretioni
1267 3688 1343 3747 tuae
1368 3701 1426 3766 per
1447 3683 1620 3766 apostoliea
1641 3683 1757 3766 scripta

356 3790 553 3873 mandemus,
577 3795 736 3872 quatenus
752 3786 1013 3870 compositionem
1034 3785 1145 3869 ipsam,
1168 3786 1252 3849 sicut
1273 3786 1333 3849 rite
1355 3786 1425 3849 sine
1446 3787 1603 3869 pravitate
1625 3806 1661 3850 ac
1682 3804 1757 3870 pro·
1791 3790 1826 3845 25

357 3893 431 3957 vide
459 3894 542 3957 lacta
572 3899 621 3957 est
650 3898 683 3956 et
712 3892 751 3955 ab
782 3897 919 3972 utraque
948 3895 1037 3973 parte
1066 3895 1179 3974 sponte
1209 3894 1337 3972 recepta
1366 3893 1399 3952 et
1431 3889 1551 3954 diutius
1582 3889 1757 3972 observata,

357 3998 455 4062 facias
484 4017 541 4081 per
572 4015 741 4061 censuram
770 3993 1014 4059 ecclesiasticam
1044 3993 1255 4077 appellatione
1284 3997 1406 4055 remota
1431 3990 1565 4056 firmiter
1587 3991 1757 4056 observari.

356 4100 477 4165 Datum
498 4101 648 4182 Pictauis,
670 4099 703 4163 Π
724 4098 835 4163 Nonas
856 4097 1030 4179 Februarii,
1052 4095 1256 4179 pontificatus
1279 4095 1381 4159 nostri
1402 4115 1486 4159 anno
1509 4095 1613 4160 tertio.

512 4239 587 4321 Aus
603 4239 658 4302 der
679 4237 855 4301 Ralcltacite:
876 4235 1034 4319 Rogerius
1056 4235 1096 4300 de
1118 4235 1231 4299 Rooca

510 4361 587 4442 Ans
609 4360 664 4423 dar
692 4356 849 4422 1111111111
881 4357 945 4437 auf
972 4355 1039 4419 dem
1071 4363 1197 4420 untcrea
1229 4354 1443 4439 anpcbopenen
1474 4350 1755 4437 Paryamcntraad:
1791 4358 1826 4413 00

357 4487 380 4530 n
401 4463 560 4547 Raynnlfi.

1012 4701 1103 4786 313.

435 4873 545 4944 1308
570 4868 756 4942 December
782 4871 819 4939 2.
852 4867 928 4940 Der
953 4867 1112 4939 Kococat
1138 4866 1201 4938 der
1217 4864 1431 4957 Aupuetiner
1447 4886 1491 4936 zu
1516 4860 1759 4951 Weiaacadary

358 4993 549 5087 beplacdiyl
577 4992 633 5063 dic
659 4989 823 5062 Urlomdc
855 4990 913 5061 dee
939 4987 1102 5076 Bisclrofa
1127 4986 1254 5058 Petrus
1279 5009 1345 5059 ooo
1370 4986 1477 5056 1303
1505 4981 1756 5054 1009811-

357 5115 503 5205 treffead
537 5114 592 5186 dia
626 5110 894 5199 Uebcroinlcaofl
928 5109 1093 5181 awiscden
1128 5107 1194 5180 dea
1227 5107 1405 5196 Pfarrcrn
1440 5105 1499 5177 aas
1529 5101 1759 5175 Mallalbaedcr
1792 5117 1827 5173 35

356 5235 554 5308 Dclcaaotce
580 5235 654 5306 wad
680 5234 755 5305 dem
790 5229 1070 5323 Wciescodwrycr
1096 5228 1249 5321 Kopitcl.

516 5397 592 5467 0119.
610 5397 691 5467 Perq.
708 5394 917 5465 Kopitclarrlu'v
934 5393 1102 5462 Karlaburq.
1127 5390 1215 5461 Sicpel
1231 5407 1292 5445 soor
1307 5389 1394 5444 lma
1412 5386 1601 5458 aufpcdrlldat.

515 5517 627 5589 Repeti:
644 5516 731 5585 chtr
751 5516 841 5573 coda
863 5514 952 5582 VIII,
970 5519 995 5584 1,
1013 5517 1073 5569 312.
1099 5511 1261 5568 rorantem
1277 5511 1324 5565 atr
1342 5513 1418 5577 1889,
1435 5512 1497 5564 679.
