4064 6288
888 607 1043 701 π195--

263 793 472 877 Stiigoniensi
502 794 637 857 salntem
666 796 699 857 in
723 794 860 858 domino.
890 795 996 859 Habet
1018 795 1177 859 horrenda
1198 796 1316 858 nostris
1347 794 1478 857 auribus
1507 794 1667 857 inculcata

262 899 382 980 relatio,
406 897 493 978 quod
515 896 682 962 ladizlaus
704 898 889 981 Hungariae
912 919 971 963 rex
993 900 1127 963 illustris
1152 899 1354 982 inpropriae
1376 898 1488 961 saluts
1510 905 1542 962 et
1564 898 1666 961 famae

263 1001 464 1086 dispendium
480 1021 500 1063 a
513 1002 675 1065 carissima
690 1002 841 1067 ecclesiae
855 1003 921 1066 filia
932 1002 1093 1065 Elisabeth
1109 1001 1225 1065 illustri
1241 1003 1351 1085 regina
1364 1002 1549 1084 Hungariae
1564 1001 1665 1084 ipsius

263 1111 410 1170 consorte
440 1105 603 1169 divertens
625 1125 659 1169 so
681 1106 870 1170 mulieribus
892 1106 1086 1171 infidelitatis
1109 1110 1185 1168 nota
1207 1107 1361 1189 respersis
1383 1106 1586 1189 impudenter
1612 1126 1665 1168 co-

210 1218 228 1268 5
263 1208 374 1292 pulare
388 1210 601 1292 praesumpsit
616 1216 648 1273 et
670 1216 707 1272 ut
728 1209 860 1274 liberius
882 1211 978 1273 immo
1000 1207 1212 1293 periculosius
1231 1210 1413 1273 huiusmodi
1436 1229 1495 1273 sua
1509 1210 1665 1274 desideria
1739 1203 1743 1209 ’

262 1312 354 1395 sequi
372 1312 481 1395 possit,
503 1312 695 1396 praedictam
718 1315 860 1397 reginam
875 1314 935 1379 sub
959 1320 1027 1377 arta
1049 1312 1132 1393 iacit,
1154 1317 1190 1375 ut
1213 1312 1338 1391 dicitm,
1361 1314 1506 1377 custodia
1521 1314 1664 1398 detineri,

263 1435 345 1498 qnae
368 1417 460 1498 quasi
483 1417 660 1480 necessario
683 1422 715 1481 et
732 1418 856 1481 decenti
879 1419 1031 1483 destituta
1053 1415 1204 1497 subsidio,
1227 1416 1388 1480 cruciatur
1405 1417 1497 1499 tamo,
1520 1418 1664 1482 nuditate

262 1525 414 1604 gravatur
436 1523 469 1583 et
490 1520 626 1583 aliorum
648 1523 899 1586 necessariorum
918 1541 1070 1605 magnum
1093 1527 1124 1583 et
1146 1521 1348 1584 indecentem
1369 1521 1494 1604 cogitur
1516 1521 1664 1586 tollerare

262 1624 431 1705 delectum
460 1630 591 1707 proptor
614 1624 700 1706 quod
723 1624 791 1708 ipsa
812 1624 896 1688 inter
918 1630 981 1688 tam
1009 1624 1106 1688 duras
1129 1624 1292 1707 angustias
1315 1625 1497 1707 constituta,
1526 1626 1665 1690 lacrimis

194 1734 228 1788 10
263 1728 413 1811 irrigatur
443 1728 587 1809 assiduis,
620 1727 782 1791 laboribus
811 1748 877 1791 non
907 1728 1097 1792 intermissis
1131 1726 1283 1810 affligitur
1313 1733 1346 1791 et
1375 1730 1490 1792 amaris
1520 1731 1665 1813 suspiriis

263 1831 420 1914 fatigatur.
448 1830 516 1894 Nos
537 1831 646 1913 itaque
669 1834 753 1895 circa
775 1832 947 1915 praelatam
969 1833 1112 1914 reginam
1135 1851 1232 1915 super
1255 1837 1319 1895 tam
1340 1831 1459 1895 infelici
1482 1838 1514 1896 et
1535 1832 1664 1916 lugubri

263 1939 348 1998 statu
363 1935 434 1998 eius
449 1940 537 1999 tanto
552 1937 681 2000 maioris
704 1937 932 2020 compassionis
954 1941 1101 2018 gerentes
1116 1935 1272 2017 affectum,
1296 1941 1416 2017 quanto
1432 1935 1513 1999 solet
1528 1936 1664 2019 amplius

263 2037 489 2122 temporalibus
517 2039 680 2103 abundare
710 2039 829 2103 divitiis
858 2044 891 2102 et
912 2038 1032 2102 altioris
1062 2040 1227 2123 prosapiae
1253 2040 1395 2103 claritate
1405 2038 1426 2118 ¹)
1457 2044 1604 2103 coruscat
1633 2045 1666 2103 et

261 2149 426 2226 praeterea
447 2144 612 2226 cupientes
635 2143 695 2207 sibi
720 2144 937 2227 respirationis
960 2144 1087 2208 votivae
1109 2145 1249 2208 remedia
1278 2151 1310 2208 et
1332 2148 1529 2227 opportunae
1551 2163 1664 2207 conso·

193 2252 226 2306 15
262 2247 390 2310 lationis
419 2247 586 2310 commoda
612 2267 794 2331 procurare,
824 2266 865 2311 ne
888 2248 975 2329 quod
998 2248 1088 2329 absit,
1116 2249 1185 2311 eius
1206 2246 1390 2310 innocentia
1419 2251 1483 2309 tam
1512 2247 1664 2330 gravibus

260 2370 371 2434 pressa
403 2350 556 2414 molestiis
586 2351 747 2433 tantisque
781 2350 1007 2415 afflictionibus
1034 2352 1165 2434 fatigata
1197 2350 1393 2431 succumbat,
1426 2350 1664 2415 considerantes

261 2455 365 2535 etiarn,
395 2453 482 2535 quod
503 2454 537 2517 in
559 2454 734 2537 praesentis
756 2455 884 2518 cumulo
909 2456 1070 2539 temporis,
1101 2474 1165 2536 quo
1187 2453 1331 2517 Romana
1358 2454 1490 2517 ecelesia
1520 2454 1664 2518 noscitur

262 2557 414 2621 destituta
442 2564 578 2642 pastore,
609 2557 701 2621 nobis
730 2557 887 2621 incumbit
915 2558 948 2621 in
972 2559 1088 2621 talibus
1110 2558 1287 2642 providere,
1317 2556 1547 2621 fraternitatem
1575 2562 1663 2621 tuam

260 2681 410 2744 rogamus
444 2667 476 2726 et
504 2663 669 2726 hortamur
698 2667 831 2744 attente,
866 2661 1072 2725 nihilominus
1101 2660 1158 2724 tibi
1188 2660 1404 2745 praesentium
1433 2666 1543 2725 tenore
1574 2681 1663 2724 man-

192 2771 228 2827 20
262 2766 383 2848 dantes,
406 2772 566 2848 quatenus
587 2785 645 2849 pro
669 2766 778 2829 divina
791 2771 824 2831 et
845 2765 1139 2850 apostolicaesedis
1161 2785 1197 2829 ac
1212 2771 1321 2828 nostra
1342 2764 1523 2829 reverentia
1544 2765 1663 2830 sedulis

260 2873 293 2933 et
308 2869 449 2952 operosis
464 2868 581 2952 vigiliis
595 2870 789 2953 praedictam
803 2871 945 2954 reginam
962 2870 1002 2933 de
1024 2869 1206 2932 huiusmodi
1228 2868 1362 2932 liberare
1377 2868 1522 2932 custodia
1535 2868 1663 2952 plenae·

262 2991 325 3054 que
356 2971 524 3036 restituere
554 2973 684 3037 studeas
713 2973 852 3038 libertati
881 2974 1007 3055 sibique
1030 2980 1094 3037 mm
1125 2971 1266 3036 dotalitia
1288 2991 1385 3054 quam
1415 2972 1477 3034 alia
1504 2959 1576 3036 iura
1605 2992 1665 3036 sua

261 3076 383 3159 integre
399 3075 495 3139 facias
511 3076 673 3159 assignari,
696 3078 944 3141 contradictores
959 3082 992 3141 et
1009 3076 1143 3140 rebelles
1164 3094 1404 3159 percensuram
1420 3076 1663 3140 ecclesiasticam

261 3178 473 3262 appellatione
501 3180 677 3264 postposita
698 3180 937 3265 compescendo.
971 3179 1017 3244 Ut
1046 3185 1152 3243 autem
1175 3199 1271 3263 super
1292 3179 1475 3263 praemissis
1504 3178 1663 3243 efficacius

192 3289 227 3344 25
261 3281 433 3367 procedere
455 3283 571 3363 valeas,
601 3282 815 3347 venerabilem
837 3284 967 3347 nauem
989 3288 1136 3347 nostrum
1157 3283 1290 3348 Petrum
1315 3282 1499 3367 episcopum
1521 3283 1663 3366 Wespri-

260 3386 415 3449 miensem
430 3392 462 3449 et
484 3386 681 3449 consumam
706 3387 856 3450 ecclesiae
878 3386 979 3450 filium
1002 3407 1110 3470 regem
1131 3387 1281 3451 Boemiae
1302 3387 1459 3451 illustrem
1472 3408 1509 3450 ac
1532 3387 1663 3451 dilectos

260 3487 343 3552 filios
380 3487 504 3552 nobiles
540 3490 628 3552 viros
664 3490 778 3554 ducem
807 3491 956 3555 Austriae
994 3511 1120 3555 necnon
1151 3497 1183 3555 et
1211 3490 1400 3573 iohannem,
1434 3490 1601 3554 Nicolaum
1631 3498 1664 3554 et

259 3591 431 3656 Hernicum
453 3590 535 3655 filios
558 3593 720 3674 quondam
734 3594 860 3657 Herrici
883 3595 957 3658 dicti
981 3595 1065 3677 bani,
1088 3594 1205 3678 quibus
1227 3614 1324 3678 super
1345 3594 1525 3658 exhibendo
1548 3596 1582 3657 in
1604 3596 1663 3658 hac

260 3700 350 3780 parte
380 3694 437 3758 tibi
468 3695 507 3758 ab
530 3695 577 3759 eis
599 3696 719 3759 auxilio
748 3697 857 3761 literas
878 3705 1004 3762 nostras
1031 3699 1205 3781 dirigimus,
1235 3700 1399 3780 requirere
1421 3702 1517 3782 prout
1503 3698 1662 3761 tdecens

190 3806 227 3860 30
262 3803 294 3863 et
293 3803 533 3912 opportunum
556 3800 674 3863 videris
689 3819 754 3863 non
770 3799 926 3865 obmittas.
951 3800 1070 3865 Datum
1092 3801 1212 3865 Romae
1227 3801 1312 3884 apud
1335 3806 1476 3864 sanctam
1491 3800 1661 3883 Sabynam,

259 3878 315 3971 Iifl
335 3901 446 3966 Nonas
473 3904 623 3987 Augusti,
652 3922 736 3968 anno
765 3904 885 3968 domini
907 3882 1172 3971 1109111111
1193 3906 1336 3988 septimo

916 4195 1008 4280 aab.

337 4362 449 4432 1287
473 4360 563 4433 19911
588 4359 725 4452 1199191
756 4366 789 4432 6.
827 4360 1033 4448 Theodorus,
1061 4360 1188 4452 Propat
1213 4383 1278 4433 oon
1294 4360 1580 4448 Hemannnstodt,
1608 4360 1662 4431 cis

269 4479 490 4553 Vaeaamor
524 4481 563 4552 111
589 4481 652 4552 der
685 4480 849 4552 1111191111
884 4482 943 4553 dcc
970 4481 1105 4572 Kdaips
1130 4480 1321 4552 Lodislaua
1346 4479 1416 4551 IV.
1442 4481 1513 4568 sicr
1543 4480 1661 4553 Comes

190 4620 226 4673 aa
261 4602 404 4688 Kcmen,
432 4602 492 4674 das
519 4601 663 4673 Palatio
687 4601 903 4674 Laurentius
930 4601 1033 4674 Sota.

339 4720 470 4795 Datum
495 4744 557 4818 por
582 4744 711 4794 manus
738 4722 878 4795 discreti
906 4721 975 4794 viri
1002 4720 1166 4816 magistri
1183 4720 1345 4794 Theodori
1372 4721 1558 4818 praepositi
1585 4721 1659 4794 Sci-

261 4842 442 4935 biniensis,
468 4841 634 4915 Albensis
653 4840 817 4915 aeclesiae
843 4842 950 4937 electi,
977 4843 1079 4916 aulae
1096 4848 1235 4915 nostrae
1254 4841 1528 4916 vicecancellarii
1546 4841 1660 4915 dilecti

261 4970 294 5036 et
328 4962 442 5036 fidelis
477 4962 598 5055 nostri,
638 4985 729 5034 anno
764 4962 895 5035 domini
930 4937 978 5036 M.
1005 4936 1067 5037 00.
1103 4962 1333 5059 octuagesimo
1369 4961 1522 5056 septimo,
1561 4962 1661 5133 regni

263 5091 378 5158 antam
404 5084 515 5157 nosti
543 5105 635 5156 anno
663 5083 837 5156 sedecimo.

189 5249 226 5303 40
420 5247 496 5319 0119
515 5248 595 5317 Ρ119.
619 5246 723 5316 011991.
741 5246 949 5303 19111191ώί9
966 5248 1118 5316 Budopcct.

416 5368 529 5423 Druck:
547 5366 645 5421 Horat
662 5367 806 5422 9111111111
825 5372 883 5423 105.

417 5509 438 5575 ¹)
456 5505 493 5560 So
511 5504 687 5575 Kopr'olbacb
704 5504 737 5559 11
753 5505 921 5578 Koreoura.
944 5506 1079 5576 79119911
1097 5507 1212 5561 cantate.
