4086 6300
949 633 1104 730 “c-21-

327 822 427 885 literis
456 822 554 885 inseri
584 822 761 885 laceremus
791 822 831 886 ad
861 823 1017 887 cautelam
1045 827 1078 887 et
1099 821 1201 906 sigillo
1225 826 1334 885 nostro
1357 822 1545 905 consignari
1580 821 1724 899 Quarum

328 925 456 1007 quidem
487 925 650 988 literarum
674 931 766 987 tener
789 924 860 987 talis
882 931 939 988 est
972 924 1148 1009 (199999
1178 922 1326 989 Urbande
1347 924 1399 987 dae
1420 922 1724 1008 1199919999

328 1028 414 1090 1328
437 1026 493 1090 Nr.
512 1028 603 1108 462.)
625 1028 692 1091 Nos
714 1029 813 1111 igitur
835 1029 1042 1111 petitionibus
1058 1024 1201 1093 eiusdem
1217 1029 1336 1091 domini
1352 1028 1492 1111 episcopi
1506 1026 1723 1091 Transsiluani

327 1137 359 1195 et
381 1131 515 1195 fratrum
539 1151 671 1194 suorum
695 1131 734 1193 de
756 1131 895 1214 capitulo
915 1132 1008 1196 iustis
1023 1137 1055 1196 et
1070 1133 1218 1216 legitimis
1233 1132 1376 1195 inclinati
1392 1137 1535 1195 tenorem
1550 1131 1722 1196 earundem

274 1244 290 1295 5
326 1234 490 1298 literarum
520 1235 639 1298 nostris
661 1234 761 1298 literis
783 1235 881 1298 inseri
903 1235 1037 1300 fecimus
1060 1242 1092 1300 et
1114 1236 1216 1318 sigillo
1240 1242 1349 1299 nostro
1373 1235 1571 1299 communiri.
1604 1234 1723 1299 Datum

325 1337 436 1420 Albae,
459 1339 617 1402 dominica
638 1339 785 1421 proxima
806 1345 880 1402 ante
904 1345 1032 1404 octavos
1047 1341 1264 1423 apostolorum
1283 1339 1371 1404 Petri
1393 1344 1426 1401 et
1439 1337 1533 1404 Pauli
1547 1337 1723 1421 beatorum,

326 1460 410 1505 anno
434 1419 609 1505 dominilll
640 1419 734 1506 000
757 1419 825 1506 XX
847 1448 967 1506 octavo.

977 1737 1074 1820 464.

405 1898 502 1972 Deua
520 1903 628 1971 1328
643 1900 723 1972 Jali·
741 1904 806 1971 20.
844 1899 1014 1972 Woa‘wode
1034 1899 1182 1972 17999993
1203 1900 1326 1970 aimari
1344 1898 1400 1971 dic
1417 1897 1572 1990 Hdripcn
1588 1897 1725 1971 Heracli

258 2037 292 2091 10
327 2022 399 2109 auf
418 2021 537 2093 deseca
553 2021 785 2112 Besitaunpea
813 2020 1072 2113 Neppaadorpb
1097 2021 1171 2092 aad
1187 2020 1304 2111 Borpo
1329 2021 1367 2092 ia
1393 2021 1510 2092 99999
1536 2017 1671 2091 Sobata.

484 2184 561 2253 Orip.
579 2185 660 2253 Pero.
684 2184 787 2253 09999,
806 2184 1066 2239 Nationalmuscam
1083 2184 1235 2252 Budapcst.
1263 2182 1359 2253 Sicpcl,
1376 2183 1460 2250 rand,
1483 2181 1591 2237 moisem
1614 2181 1723 2250 Wucbc,

429 2286 489 2323 war
506 2271 564 2337 aus
575 2270 625 2324 der
643 2270 786 2325 Rachiae
804 2271 993 2339 auspedrttclt.

482 2391 594 2445 Druck:
612 2391 699 2458 I'cjtr
719 2390 809 2446 Codex
831 2390 920 2459 VIII,
937 2396 963 2459 3,
981 2396 1041 2446 331.
1064 2391 1263 2447 Ilansilvanio
1281 2394 1358 2458 1871,
1377 2394 1435 2445 153.

480 2566 615 2629 Thomas
645 2565 783 2629 vaivode
810 2565 1055 2630 Transsiluanus
1085 2571 1118 2630 et
1147 2585 1253 2630 comes
1283 2567 1322 2630 de
1345 2566 1458 2630 Zenuk
1479 2564 1628 2631 fidelibus
1657 2551 1724 2631 suis

259 2678 291 2730 15
327 2669 528 2733 universitati
554 2668 758 2751 iobagionum
779 2670 935 2734 Iohannis
958 2670 1033 2733 dicti
1055 2669 1173 2751 Henul,
1195 2668 1252 2733 filii
1274 2670 1431 2734 Jobannis
1451 2668 1509 2732 filii
1531 2668 1667 2751 (leubul,
1688 2670 1724 2732 in

327 2772 582 2854 possessionibus
604 2774 671 2836 suis
690 2773 931 2856 Neppundorph
953 2779 986 2837 et
1000 2773 1108 2855 Purgo
1132 2774 1253 2837 vocatis
1275 2771 1488 2836 existentibus
1510 2771 1725 2836 omnimodam

327 2875 537 2939 dilectionem.
567 2875 670 2939 Datur
691 2876 785 2940 nobis
806 2876 950 2958 intelligi,
981 2876 1068 2958 quod
1090 2896 1149 2940 vos
1171 2875 1279 2939 audito
1303 2875 1410 2957 aliquo
1433 2893 1563 2939 rumore
1586 2873 1725 2958 dispergi

328 2979 367 3042 de
389 2979 466 3062 ipsis
488 2978 742 3062 possessionibus
765 2978 982 3061 intenderetis,
1012 2979 1099 3044 uude
1121 2999 1194 3043 cum
1218 2980 1278 3043 boc
1299 2998 1413 3043 verum
1436 2998 1502 3042 non
1524 2979 1574 3060 sit,
1597 2996 1724 3042 assecu-

325 3102 433 3146 ramus
455 3088 488 3146 et
509 3081 676 3147 allidamus
691 3102 750 3146 vos
765 3082 898 3147 firmiter
911 3082 974 3145 fide
993 3089 1103 3145 nostra
1117 3102 1175 3166 per
1189 3087 1379 3165 praesentes,
1403 3087 1563 3163 quatenus
1578 3080 1725 3146 obmissis

256 3192 291 3246 20
327 3186 475 3251 omnibus
496 3186 679 3250 rumoribus
702 3187 823 3268 absque
839 3186 926 3249 omni
941 3186 1053 3250 timore
1069 3185 1198 3269 pacifice
1214 3192 1246 3249 et
1268 3186 1376 3267 quiete
1398 3186 1431 3248 in
1454 3186 1570 3249 restris
1592 3185 1724 3250 aedibus

326 3310 454 3354 manere
476 3289 616 3354 debeatis
646 3289 706 3352 sub
730 3296 840 3352 nestra
861 3290 1057 3371 protectione
1079 3289 1217 3373 speciali,
1250 3294 1283 3353 et
1309 3290 1366 3370 qui
1388 3308 1484 3353 causa
1507 3288 1725 3352 commorandi

325 3393 365 3457 ad
387 3393 514 3458 easdem
536 3394 646 3457 venire
680 3391 849 3474 voluerint
879 3393 977 3457 libere
1006 3393 1139 3456 veniant
1167 3398 1200 3457 et
1230 3412 1341 3457 secure
1363 3397 1608 3457 commorentun
1656 3392 1725 3457 Nos

326 3499 408 3561 enim
433 3504 498 3561 tam
520 3497 685 3561 venientes
708 3515 805 3577 quam
827 3497 859 3559 in
876 3497 995 3560 eisdem
1010 3496 1185 3559 existentes
1207 3496 1246 3559 ab
1266 3496 1415 3560 omnibus
1429 3495 1598 3561 molestare
1613 3495 1724 3560 volen-

326 3601 411 3664 tibus
434 3606 644 3683 pretegemus
659 3600 744 3683 ipsas
759 3605 866 3664 autem
889 3600 1105 3683 possessiones
1120 3599 1223 3664 eidem
1245 3599 1355 3664 Henul
1376 3599 1535 3664 mediante
1557 3599 1723 3684 privilegio

256 3711 290 3763 25
326 3705 445 3767 domini
463 3704 563 3766 nostn'
576 3704 659 3785 regis
677 3709 831 3786 perpetuo
847 3709 879 3767 et
893 3703 1142 3767 irrevocabiliter
1153 3703 1302 3767 omnibus
1313 3703 1547 3786 impetitoribus
1562 3703 1725 3768 silentium

324 3807 516 3890 imponendo
532 3806 684 3871 iaciemus
695 3807 890 3871 confirmare.
905 3805 1024 3871 Datum
1036 3807 1070 3869 in
1082 3806 1189 3890 Dewe,
1201 3807 1235 3869 in
1246 3806 1327 3870 festo
1339 3805 1423 3870 beati
1430 3805 1531 3888 Elyae
1541 3808 1723 3892 prophetae,

325 3930 409 3974 anno
432 3911 552 3974 domini
581 3889 623 3975 Il.
646 3888 731 3975 odo.
753 3889 829 3977 XX.
853 3916 974 3974 octavo.

979 4203 1075 4286 405.

403 4368 511 4438 1328
541 4367 592 4437 bis
617 4369 724 4437 1330
758 4389 820 4438 eor
845 4367 928 4437 Mai
957 4370 1019 4438 30.
1061 4365 1237 4453 Erttwurf
1265 4366 1356 4437 eines
1390 4362 1726 4437 Uebauaaoamaa

256 4504 291 4559 30
325 4488 488 4559 99199299
506 4487 580 4558 clem
598 4486 913 4577 slebcobttrpa‘ecbca
930 4487 1085 4574 Biscbof
1093 4487 1168 4557 990
1185 4486 1262 4557 dem
1284 4482 1563 4576 Wcaeseadarper
1580 4484 1726 4577 Kopitcl

324 4609 500 4680 ciocreeits
534 4609 608 4679 990
637 4608 704 4680 den
730 4608 905 4696 Pfarrcrn
941 4607 1000 4678 dcc
1026 4606 1255 4679 Mtbltacbcr
1280 4604 1478 4679 Deboaotae
1513 4605 1726 4679 9909999909

324 4728 458 4817 betreffs
484 4728 543 4800 das
574 4727 711 4800 Census.

483 4890 738 4960 Originolcntwarf,
763 4893 834 4959 Pap.
854 4890 1063 4959 Kapitclarcbia
1087 4890 1255 4960 Korlebarp.
1286 4891 1346 4945 Der
1364 4889 1503 4957 Evetwars
1520 4889 1558 4944 ist
1576 4888 1633 4956 auf
1645 4888 1726 4943 99999

429 4976 620 5046 Papicrbopen
635 4977 816 5046 9990919099,
834 4978 913 5031 Blott
932 4982 948 5031 1
967 4978 1009 5031 bis
1028 4976 1106 5030 Blatt
1124 4981 1149 5044 2,
1167 4976 1279 5031 welches·
1296 4976 1355 5031 eine
1373 4976 1522 5031 Armbruet
1539 4975 1583 5030 olo
1600 4974 1725 5029 Wacscr·

427 5062 600 5117 9909991991
623 5063 683 5117 aad
705 5080 754 5117 vor
777 5064 826 5117 der
844 5063 1038 5133 Bcfbrderunp
1062 5063 1094 5116 in
1113 5062 1201 5134 Quart
1217 5063 1367 5133 99099099
1390 5063 1450 5118 aad
1472 5066 1555 5118 duaa
1575 5060 1725 5129 999199

427 5150 632 5220 sommenpcleqt
649 5150 761 5205 worden
777 5149 823 5204 ist.
853 5150 917 5204 Dae
935 5149 1019 5204 Stdclr
1043 5166 1103 5204 war
1122 5166 1176 5204 999
1194 5164 1296 5203 aucun
1314 5148 1438 5220 09919990
1455 5149 1488 5203 ia
1505 5149 1555 5204 der
1572 5148 1635 5217 Art,
1658 5148 1726 5204 dote

428 5236 480 5291 doe
497 5237 530 5290 in
546 5236 637 5291 rotbce
655 5236 756 5292 Wucbe
771 5237 915 5306 pedruclttc
928 5235 1017 5307 Siegel
1034 5237 1079 5291 dic
1095 5237 1153 5291 oter
1165 5236 1280 5290 Karsten
1295 5236 1345 5290 der
1358 5235 1547 5305 Quortbldttcr
1557 5251 1725 5291 9999999999·

427 5323 551 5393 9099099
567 5323 624 5376 liat.
656 5323 718 5378 Wic
736 5339 789 5377 aua
807 5323 866 5377 dem
885 5323 1038 5377 Formular
1054 5323 1186 5392 pefolpert
1203 5322 1311 5376 werden
1328 5338 1412 5389 muas,
1429 5322 1467 5376 iot
1484 5320 1536 5375 doe
1550 5320 1634 5377 Saue
1651 5321 1726 5378 aiot

428 5416 508 5464 anter
528 5410 581 5465 dan
599 5411 697 5479 Augen
720 5411 767 5464 dee
792 5409 1047 5479 ciebcnbalrpiscbca
1064 5409 1203 5476 Biccbofc,
1228 5408 1299 5463 99919
1322 5408 1396 5463 nicht
1420 5409 1452 5462 in
1468 5408 1517 5463 der
1535 5406 1657 5463 Kannlci
1677 5408 1726 5464 dcc

255 5496 291 5549 40
433 5495 656 5565 Weissenburpcr
673 5495 802 5564 Kapitcle
826 5495 998 5563 9999999099,
1020 5496 1140 5549 condere
1163 5495 1201 5549 iet
1223 5510 1278 5549 999
1294 5494 1344 5549 der
1359 5493 1535 5563 9099010999
1553 5493 1644 5549 Kuric
1661 5510 1725 5549 999·
