4084 6302
964 633 1118 730 *lll-

341 822 480 889 lutendit
494 825 619 890 tradere
633 825 668 888 in
685 824 906 889 concambium
922 830 954 889 et
968 827 1233 909 permutationem
1251 828 1408 911 magistris
1422 827 1568 907 Thomas,
1585 824 1745 911 Stephano

342 934 376 994 et
390 927 514 1011 Desste,
536 928 611 993 filiis
625 927 770 1011 Dionisii,
794 949 850 1013 pro
866 931 1067 1012 possessione
1087 930 1262 995 eorundem
1283 929 1421 993 filiorum
1437 929 1572 993 Dionisii
1593 929 1746 994 Lusunoh

341 1036 463 1096 vocata
486 1030 592 1108 Quare
603 1033 699 1096 iidem
711 1033 854 1116 magistri
865 1033 1030 1098 iohannes
1052 1033 1210 1113 Albensis,
1226 1034 1389 1097 iohannes
1401 1034 1440 1097 de
1453 1033 1520 1097 Ozd
1532 1054 1569 1098 ac
1580 1035 1746 1099 Ladislaus

342 1134 441 1199 lector
456 1136 607 1200 ecclesiae
630 1142 757 1200 nostrae
772 1137 913 1220 Wgaoha
934 1138 1145 1202 archidiaconi
1169 1139 1298 1200 nomine
1321 1137 1462 1200 eiusdem
1486 1139 1614 1222 capituli
1630 1140 1744 1202 Trans-

341 1239 458 1304 siluani
480 1246 512 1305 et
533 1260 593 1304 suo
616 1240 850 1325 prohibuerunt
872 1241 1077 1324 protestando
1099 1243 1204 1325 ipsum
1219 1240 1368 1303 Thomanr
1393 1242 1562 1305 vaivodam
1585 1239 1595 1322 [
1702 1242 1743 1325 Γ)
1779 1252 1797 1301 o

340 1343 428 1428 ipsos
451 1362 527 1409 vero
555 1343 638 1409 filios
660 1343 795 1426 Dyonisi
828 1366 847 1409 a
876 1346 1057 1430 receptione
1088 1353 1119 1411 et
1149 1347 1357 1429 occupatione
1386 1346 1625 1429 possessionum
1647 1364 1745 1427 supra

341 1447 498 1512 dicmrmn
520 1448 702 1539 testianio
733 1450 948 1533 praesentium
971 1469 1077 1513 coram
1100 1449 1200 1512 uobis.
1235 1448 1352 1512 Datum
1376 1455 1469 1513 serta
1498 1449 1575 1513 teria
1598 1449 1745 1532 proxima

340 1555 416 1615 ante
437 1551 555 1616 testum
578 1551 745 1617 cathedrae
767 1554 868 1617 sancti
893 1553 990 1645 Petri,
1014 1573 1098 1616 anno
1123 1553 1243 1616 domini
1266 1531 1308 1616 il.
1331 1532 1409 1617 0οῧ
1431 1530 1533 1616 XXX
1555 1572 1649 1616 nono.

495 1690 571 1774 Aras
586 1690 641 1754 der
662 1688 838 1754 Raichseitc:
868 1691 931 1756 Pro
955 1691 1131 1755 honorabili
1162 1692 1300 1775 capitulo
1329 1692 1479 1755 ecelesiae
1501 1691 1743 1754 Transsiluauae

339 1798 452 1857 eontra
473 1793 638 1857 dominum
666 1794 817 1857 'thomam
848 1796 1016 1859 vaivodam
1039 1796 1298 1860 Transsiluanum
1323 1803 1355 1858 et
1384 1796 1530 1858 comitem
1554 1795 1593 1856 ‹le
1617 1793 1741 1857 Zolnulr
1779 1803 1814 1854 10

340 1915 438 1980 super
460 1897 717 1980 possessionibus
741 1898 842 1981 Bany,
866 1899 1003 1962 Komlod
1024 1906 1057 1962 et
1078 1900 1212 1981 Alranay
1239 1900 1468 1983 protestatoria.

995 2245 1090 2328 550.

416 2411 523 2481 1339
548 2408 744 2501 September
769 2411 829 2481 15.
871 2408 949 2480 Das
980 2409 1281 2481 Grosmoardeiaer
1306 2409 1451 2501 Kapitel
1483 2409 1628 2500 bermapt,
1662 2410 1743 2480 dass

337 2528 539 2620 Ladmlrrres,
572 2529 690 2603 Comes
716 2531 779 2603 der
805 2529 953 2618 Sachler,
991 2553 1056 2602 oon
1087 2529 1236 2618 Osaaod,
1273 2530 1424 2601 Bistrita
1449 2530 1523 2602 aad
1548 2529 1740 2617 Mediosch,

335 2651 412 2724 arrd
428 2650 592 2744 Stephon,
625 2651 975 2741 Oderststolhaerhten
995 2652 1051 2724 die
1068 2652 1257 2743 Besitauep
1274 2652 1448 2740 Kutfclva
1471 2652 1547 2723 dem
1570 2649 1738 2723 Weisser·
1778 2669 1812 2720 ro

338 2771 465 2864 damper
491 2773 637 2866 Kapitel
658 2774 840 2865 pescheaht
865 2773 984 2846 habea.

494 2935 570 3006 θήρ.
589 2937 670 3006 Pery.
683 2937 894 3007 Kapiteiarcbio
905 2937 1073 3006 Kariahurq.
1092 2936 1181 3007 Siepel
1192 2937 1242 2991 mit
1260 2936 1346 2991 einem
1359 2934 1443 2990 Seeck
1460 2936 1509 2988 der
1526 2935 1656 2990 Urhuade
1674 2952 1738 2989 aaa·

438 3024 613 3093 yeadrnittea.
626 3024 730 3077 -Ea'n
746 3023 860 3090 sweitea,
878 3023 952 3077 nicht
969 3023 1197 3092 phichlautendea
1212 3022 1341 3092 Oripinal
1359 3023 1496 3076 &caethea
1509 3022 1641 3089 Irsholtes,
1662 3024 1738 3076 ehen-

438 3110 568 3178 daaetbst,
585 3110 666 3180 Pera.
686 3108 774 3179 Siepcl
785 3111 835 3164 mit
847 3110 933 3163 daem
946 3108 1031 3162 Saoce
1042 3109 1091 3163 der
1108 3110 1238 3164 Urhunde
1252 3109 1477 3178 auayeschnitten.
1496 3108 1560 3162 Set
1578 3109 1739 3162 Tertemimi

438 3197 485 3252 tor
503 3201 580 3264 1889,
598 3200 659 3252 587.
1775 3196 1811 3250 20

495 3317 724 3388 dmonstratae:
751 3317 881 3372 &eredat
898 3317 1010 3373 Notita'a
1027 3321 1070 3372 37.
1095 3317 1182 3383 Feja
1203 3316 1292 3371 Codex
1315 3316 1403 3384 VIII,
1421 3320 1447 3383 4,
1464 3320 1525 3371 399.
1556 3315 1646 3370 &aod
1663 3315 1739 3370 Stet.

441 3404 594 3460 Okleoemr
611 3404 638 3473 I,
656 3408 699 3459 48.

492 3525 607 3596 Regem
629 3524 793 3581 Tdrttaelmi
810 3524 856 3580 τάν
874 3529 951 3593 1889,
972 3529 1030 3580 753.

491 3698 729 3786 [C]apitulum²)
753 3700 904 3767 eeclesiae
926 3700 1156 3782 Waradyensis
1179 3701 1339 3765 universis
1362 3701 1478 3766 Christi
1499 3700 1648 3765 fidelibus
1669 3720 1737 3764 mo·

334 3806 441 3870 deruis
464 3806 582 3889 pariter
611 3810 644 3869 et
665 3806 783 3869 tuturis
812 3806 1027 3889 praesentium
1058 3806 1204 3868 notitiam
1228 3806 1382 3869 habituris
1412 3806 1544 3869 salutem
1568 3806 1601 3867 in
1625 3805 1737 3869 salutis
1772 3812 1806 3863 ‘25

333 3910 490 3993 largitore.
521 3909 601 3973 Cum
624 3908 746 3992 aliquid
769 3910 802 3971 in
826 3910 877 3972 ius
900 3916 932 3972 et
954 3910 1178 3992 proprietatem
1203 3916 1421 3974 sacrosanctae
1445 3909 1554 3972 matris
1576 3908 1737 3985 ecclesiae,

334 4033 416 4097 quae
448 4034 507 4079 nos
528 4014 562 4077 in
594 4013 719 4077 Christo
749 4014 924 4097 generavit,
953 4014 1006 4096 pia
1035 4014 1289 4077 consideratione
1320 4013 1458 4077 donatur
1485 4012 1535 4076 rel
1565 4013 1737 4089 confertur,

333 4117 471 4182 solidum
493 4123 526 4182 et
546 4116 676 4182 firmum
691 4117 876 4200 perenniter
891 4117 1005 4181 debeat
1019 4136 1215 4201 permanere,
1238 4136 1312 4180 nam
1329 4117 1486 4200 quidquid
1508 4117 1543 4179 in
1565 4117 1635 4200 pios
1657 4135 1737 4180 usus

330 4222 537 4306 impenditur,
565 4222 598 4285 id
621 4241 687 4285 non
710 4221 874 4304 amittitur,
898 4221 953 4285 sed
984 4222 1092 4305 potius
1121 4225 1339 4303 conservatur,
1368 4240 1441 4283 eum
1465 4219 1569 4283 taliter
1592 4219 1736 4283 faciendo

333 4326 367 4389 iu
390 4325 485 4390 caelis
499 4325 706 4391 thesaurizari
722 4325 854 4407 dicatur,
876 4325 932 4389 ubi
953 4344 1012 4389 nec
1028 4327 1114 4389 tinea
1128 4324 1299 4388 demolitur
1321 4329 1378 4387 aut
1399 4324 1487 4387 iures
1509 4323 1664 4387 effodiunt
1685 4323 1736 4387 vel
1771 4331 1807 4384 30

330 4428 487 4492 furantur.
510 4427 650 4493 Proinde
665 4429 891 4492 universorum
907 4429 1038 4493 notitiae
1054 4429 1167 4492 harum
1182 4429 1263 4492 serie
1279 4427 1485 4510 declaramus,
1509 4427 1596 4508 quod
1614 4426 1736 4490 nobiles

331 4532 393 4595 viri
416 4532 559 4616 magistri
581 4531 745 4596 ladislaus
774 4531 860 4597 lilius
882 4531 1032 4615 Dyonisii
1054 4534 1093 4597 de
1120 4552 1237 4616 genere
1260 4532 1401 4595 Henuan
1432 4550 1539 4594 comes
1562 4530 1660 4594 trium
1681 4549 1735 4614 ge-

331 4654 447 4700 nerum
468 4635 664 4719 Siculorum,
694 4635 988 4719 Ohanadyensium,
1019 4636 1284 4718 Bistricyensium
1314 4640 1346 4698 et
1376 4635 1416 4698 de
1437 4633 1579 4717 Megyes,
1609 4653 1735 4699 necnon

331 4737 512 4824 Stephanus
534 4741 686 4824 magister
707 4760 882 4824 agasonum
913 4741 1033 4804 domini
1057 4740 1157 4805 nostri
1181 4739 1264 4821 regis
1291 4758 1328 4802 ae
1351 4739 1506 4820 Andreae,
1529 4737 1681 4801 Nicotaus
1704 4744 1736 4801 et

329 4843 452 4909 Paulus
481 4844 539 4909 filii
572 4844 714 4909 eiusdem
750 4845 892 4928 magistri
924 4844 1076 4925 Ladislai,
1110 4864 1168 4928 pro
1202 4862 1236 4907 se
1269 4841 1479 4926 personaliter
1512 4860 1548 4905 ac
1581 4840 1734 4905 Michaele
1770 4848 1805 4902 35

329 4947 390 5012 alio
420 4947 486 5012 filio
516 4968 576 5013 suo
607 4948 648 5012 ad
675 4954 817 5013 nostram
839 4948 1026 5012 accedentes
1056 4947 1267 5031 praesentiam
1297 4946 1374 5009 vira
1403 4965 1491 5028 voce,
1522 4965 1600 5009 sana
1629 4952 1735 5009 mente

330 5052 542 5134 ultroneaque
566 5051 732 5116 voluntate
755 5052 950 5115 unanimiter
971 5052 1109 5116 confessi
1132 5057 1208 5115 sunt
1230 5058 1262 5116 et
1284 5050 1446 5131 dixerunt,
1474 5050 1561 5132 quod
1583 5049 1735 5113 habentes

328 5155 532 5222 devotionem
554 5156 594 5219 ad
616 5155 802 5220 honorabile
825 5155 1000 5239 capitulum
1023 5155 1185 5218 ministros
1208 5155 1259 5218 dei
1282 5154 1415 5218 devotos
1437 5160 1470 5217 et
1492 5152 1668 5236 condignos
1683 5171 1735 5216 ec·

328 5259 443 5325 etesiae
465 5260 718 5341 Transsiluanao,
748 5278 806 5342 pro
830 5258 933 5323 salute
955 5257 1084 5341 propria
1113 5277 1150 5321 ac
1180 5258 1358 5321 animarum
1379 5256 1504 5319 Iaachlr
1534 5261 1566 5320 et
1587 5255 1733 5337 Emertci,

483 5434 504 5498 ¹)
521 5427 839 5496 uehementiorem
857 5426 934 5484 oreta
1768 5426 1804 5479 40

481 5517 504 5590 ¹)
521 5515 615 5571 ΒΜ
630 5516 682 5584 far
701 5513 793 5570 Oleer
809 5514 943 5585 missam.
