4084 6302
985 629 1139 724 ffi—

519 816 587 881 Nos
617 817 792 900 capitulum
824 817 975 881 ecclesiae
1001 818 1219 882 waradiensis
1250 820 1362 884 damus
1391 841 1449 904 pro
1481 822 1640 901 memoria,
1676 822 1763 903 quod

363 920 558 984 honorabilia
588 922 638 983 vir
670 925 702 985 et
724 921 880 984 discretus
902 920 1068 985 Ladislaus
1091 923 1290 1006 praepositus
1313 924 1553 987 archidiaconus
1576 925 1615 987 de
1638 924 1763 989 Zolnuh

364 1025 598 1088 concanonicus
613 1030 721 1088 noster
738 1025 807 1088 vice
823 1031 855 1088 et
871 1026 998 1089 nomine
1014 1025 1208 1089 honorabilis
1223 1027 1352 1110 capituli
1369 1028 1521 1091 ecclesiae
1535 1027 1762 1092 lbansiluanae

364 1133 396 1191 et
418 1146 477 1191 suo
500 1146 606 1190 coram
631 1127 722 1192 nobis
741 1130 935 1194 constitutus
951 1127 1042 1191 nobis
1057 1130 1261 1212 protestando
1278 1129 1457 1211 declaravit,
1482 1131 1568 1213 quod
1584 1130 1763 1214 Stephanus

363 1228 450 1295 filius
464 1229 623 1293 Dominici
646 1231 762 1295 nobilis
784 1232 823 1295 de
839 1232 1015 1312 Wruziaya
1030 1233 1124 1295 tacita
1139 1233 1272 1296 veritato
1287 1241 1319 1295 et
1334 1234 1413 1297 falsa
1427 1237 1631 1318 suggestione
1646 1235 1763 1298 ductus
1798 1246 1815 1293 5

363 1354 382 1398 a
411 1335 499 1417 regia
527 1335 690 1397 maiestate
721 1335 875 1416 quasdam
904 1337 1121 1418 possessiones
1151 1335 1301 1399 ccclesiae
1323 1336 1550 1401 'lhansiluanae
1573 1346 1763 1402 memoratae

363 1458 421 1522 per
442 1438 590 1502 comitem
612 1436 792 1501 Renoldum
817 1438 979 1519 quondam
1001 1439 1041 1502 de
1064 1458 1180 1522 genere
1195 1439 1464 1503 Kulrenusrenold
1487 1442 1589 1504 eidem
1613 1441 1763 1507 ecclesiae

362 1543 589 1607 Transiluanae
611 1541 731 1624 legatas
753 1561 790 1603 ao
813 1541 954 1623 donatas,
982 1542 1083 1606 Nulos
1106 1549 1138 1605 et
1155 1542 1307 1606 Gomolod
1330 1549 1467 1623 vocatas,
1490 1545 1550 1607 sibi
1573 1546 1709 1610 conferri
1732 1553 1764 1609 et

364 1646 476 1711 donari
486 1645 680 1730 postulasset
691 1645 724 1707 in
736 1645 964 1727 praeiudicium
977 1647 1119 1710 eiusdem
1129 1647 1280 1710 ecclesiae
1292 1667 1357 1710 non
1371 1648 1530 1712 modicum
1542 1655 1574 1712 et
1582 1669 1763 1732 gravamen,

364 1750 450 1815 unde
474 1750 618 1815 iaciendo
641 1749 868 1833 protestatione
890 1749 1053 1833 prohibuit
1074 1750 1377 1814 excellentissimum
1399 1752 1574 1834 principem
1598 1753 1760 1816 dominum
1800 1759 1834 1812 10

363 1853 516 1918 Karolum
539 1872 647 1937 regem
661 1852 846 1936 Hungariae
867 1873 886 1915 a
901 1853 1069 1917 collatione
1085 1855 1226 1937 ipsarum
1241 1855 1487 1937 possessionum,
1511 1854 1671 1936 quoslibet
1686 1875 1762 1919 vero

363 1957 442 2022 alios
471 1957 648 2041 specialiter
676 1957 782 2040 ipsum
805 1955 1001 2040 Stephanum
1027 1978 1046 2021 a
1067 1959 1221 2042 petitione
1244 1959 1418 2022 earundem
1440 1965 1473 2022 et
1495 1978 1529 2022 se
1552 1960 1763 2024 intromittere

364 2062 509 2126 volentes
524 2062 563 2125 de
578 2061 696 2125 eisdem
714 2060 947 2143 quovismodo,
971 2062 1151 2126 testimonio
1167 2063 1382 2145 praesentium
1398 2082 1505 2126 coram
1520 2062 1621 2126 nobis.
1644 2061 1762 2127 Datum

363 2167 397 2229 in
420 2166 579 2230 dominica
600 2164 693 2228 Oculi
714 2164 800 2248 mibi,
822 2184 907 2228 anno
930 2166 1050 2229 domini
1070 2144 1111 2229 bl.
1135 2144 1220 2230 (icil.
1246 2144 1355 2230 XXX.
1379 2168 1500 2248 quinto.

518 2304 594 2387 Auf
602 2302 657 2367 der
670 2302 845 2366 Ranae:
865 2304 927 2367 Pro
943 2304 1120 2367 honorabili
1136 2305 1273 2388 capitulo
1284 2304 1492 2369 Transiluano
1509 2311 1620 2368 contra
1631 2304 1762 2388 Stepba-
1799 2315 1832 2366 15

364 2429 443 2474 num
472 2407 575 2472 filium
596 2406 756 2470 Dominici
786 2426 883 2489 super
904 2408 987 2470 iacto
1011 2408 1146 2470 duarum
1170 2410 1408 2490 possessionum
1432 2408 1533 2471 Nulos
1556 2415 1588 2470 et
1610 2407 1762 2472 Comolod

364 2519 548 2578 vocatarum
570 2510 803 2595 prohibitoriae.

1016 2840 1108 2923 514.

440 3021 719 3095 Hermonnstoolt
728 3023 835 3094 1335
848 3021 931 3093 Mai
940 3023 1003 3092 24.
1022 3021 1092 3093 Dic
1101 3021 1416 3094 Hermannstddter
1431 3021 1764 3113 Gouomsommlanp

364 3145 510 3236 iaaac,
529 3143 611 3214 dass
625 3141 795 3215 NJkolans
811 3166 877 3215 oon
889 3143 1065 3215 Telmessii
1081 3145 1174 3216 scine
1188 3144 1419 3235 Besitaaapen
1437 3143 1563 3217 Gesttss
1580 3143 1654 3215 aad
1665 3141 1761 3212 Her·
1799 3161 1835 3215 ao

362 3264 516 3353 wesdorf
533 3263 651 3336 Oonwa
670 3262 928 3337 clamationem
951 3263 1118 3337 wacena
1133 3266 1314 3356 pescbenbt
1331 3265 1401 3337 bot.

519 3427 678 3494 Abaebrift:
699 3428 774 3481 Korl
792 3427 920 3483 &baara
939 3431 970 3494 (†
988 3429 1031 3483 ola
1048 3430 1169 3496 Psarrer
1185 3446 1222 3483 aa
1240 3429 1426 3498 Holsmenpea
1444 3433 1486 3482 11.
1499 3427 1614 3483 Januar
1633 3431 1714 3496 1874)
1732 3429 1765 3482 ira

467 3515 516 3568 der
528 3513 689 3583 maniano
706 3530 760 3567 von
776 3514 1117 3583 Urkundewdbsclrristen
1128 3517 1176 3569 des
1193 3516 1307 3569 Vereins
1318 3517 1369 3581 latr
1381 3515 1552 3584 ahbenbirp.
1561 3514 1765 3569 Londeslrunde

467 3600 538 3655 abab
555 3601 604 3654 der
621 3600 975 3670 Beplaubs'qanpaartunde
994 3602 1042 3655 dea
1066 3602 1291 3670 Weissenburper
1309 3601 1437 3669 Kapitela
1454 3617 1508 3654 oon
1526 3605 1603 3667 1407,
1621 3600 1765 3667 Abscbrift

467 3687 499 3740 in
518 3687 567 3740 der
587 3687 713 3741 Collectio
736 3686 937 3754 Weideafeldcr
961 3687 992 3741 V.
1016 3689 1055 3740 im
1073 3687 1282 3755 Kapitclarcbio
1301 3687 1530 3740 Hermonnstodt.
1564 3686 1764 3752 Weidenfelder
1799 3687 1833 3740 25

466 3774 515 3826 bat
533 3790 586 3828 aaa
602 3775 678 3828 einer
698 3773 842 3827 ›Collectio
859 3775 892 3828 de
910 3774 1092 3843 streniam«
1112 3772 1260 3842 pesclrtpft.
1290 3773 1443 3843 Verpleicbe
1460 3772 1669 3827 Vereinaarcbic
1687 3772 1765 3826 Neue

469 3859 556 3928 Folpe
573 3859 662 3927 XIX,
682 3863 740 3913 114.

523 4034 679 4111 Quoniam
711 4036 854 4100 omnium
885 4036 1000 4100 habere
1030 4035 1212 4100 memoriam
1244 4042 1277 4098 et
1306 4035 1427 4099 nullius
1453 4034 1597 4098 oblivisci
1620 4035 1764 4098 divinum

367 4139 474 4221 potius
497 4145 546 4203 est
576 4158 672 4221 quarn
702 4141 887 4222 humanum,
916 4141 1057 4203 humana
1086 4141 1165 4203 ratio
1188 4139 1362 4219 adinvenit,
1391 4146 1428 4202 ut
1450 4159 1495 4219 ea,
1526 4157 1608 4220 quae
1637 4139 1676 4203 ab
1708 4137 1765 4201 ho·

367 4241 507 4305 minibus
529 4243 727 4326 sanciuntur,
748 4244 913 4307 literarum
936 4244 1117 4308 testimonio
1140 4242 1263 4307 soleant
1284 4244 1461 4326 perennari.
1484 4243 1551 4305 Nos
1573 4244 1671 4326 igitur
1691 4261 1764 4325 pro·
1799 4249 1835 4302 30

368 4344 551 4408 vinoialium
583 4348 776 4411 universitas
799 4346 1030 4410 Oibiniensiurn
1060 4352 1093 4409 et
1114 4345 1155 4408 ad
1177 4346 1305 4409 eosdem
1331 4347 1527 4429 pertinentes
1549 4345 1765 4428 significamus

365 4455 430 4512 tam
452 4448 674 4533 praesentibus
705 4470 801 4533 quam
832 4451 950 4514 tuturis
980 4451 1060 4513 hanc
1083 4449 1230 4533 paginam
1252 4449 1451 4532 inspecturis,
1486 4449 1572 4530 quod
1595 4449 1645 4511 vir
1666 4449 1765 4512 bono·

367 4553 474 4618 rabilis
505 4572 611 4618 comes
641 4554 792 4618 Nicolaus
826 4555 866 4617 de
894 4553 1055 4634 Tholmas,
1093 4572 1158 4616 non
1192 4551 1312 4616 babens
1345 4551 1471 4634 aliquos
1503 4552 1586 4616 filios
1619 4558 1765 4636 potentes

367 4658 503 4722 eundem
527 4658 698 4723 succedere
727 4657 760 4720 in
792 4656 933 4737 heredes,
965 4656 1142 4721 dilectionis
1172 4663 1205 4721 et
1227 4657 1343 4720 amoris
1366 4657 1472 4721 debito
1496 4676 1532 4719 ac
1554 4656 1766 4738 proximitatis

365 4761 495 4826 vinculo
526 4763 651 4827 comitis
674 4761 846 4825 Christiani
876 4760 915 4824 de
946 4760 1052 4824 insula
1074 4760 1227 4824 Gerhardi
1257 4760 1314 4823 tilii
1337 4762 1455 4825 sororis
1485 4779 1562 4824 suae
1585 4761 1635 4843 pie
1658 4765 1764 4824 motus
1799 4768 1834 4821 35

365 4865 445 4929 duas
467 4866 685 4948 possessiones
708 4885 766 4930 seu
789 4864 880 4928 villas
903 4884 978 4927 suas
1001 4863 1149 4927 videlicet
1171 4864 1271 4927 Gesez
1294 4870 1326 4927 et
1341 4863 1555 4945 Harbasdorli',
1580 4882 1659 4945 quas
1681 4863 1765 4927 idem

366 4988 473 5033 comes
487 4968 640 5033 Nicolaus
662 4970 722 5033 sub
745 4968 945 5033 libertatibus
969 4969 1086 5030 nostris
1102 4967 1338 5031 Cibiniensibus
1361 4972 1393 5031 et
1415 4966 1539 5030 iuribus
1561 4988 1580 5030 a
1602 4968 1670 5031 suis
1692 4986 1765 5050 pro-

365 5072 564 5156 genitoribus
587 5073 692 5137 tenuit
706 5072 895 5136 hereditarie
911 5091 948 5134 ao
970 5071 1119 5154 possedit,
1142 5090 1214 5133 oum
1232 5072 1299 5134 suis
1314 5071 1523 5154 pertinentiis,
1546 5071 1765 5154 proventibus,

365 5176 488 5259 usibus,
503 5175 628 5241 iuribus
644 5182 677 5240 et
692 5174 882 5240 utilitatibus
898 5175 1059 5238 universis
1074 5174 1174 5238 eidem
1192 5175 1298 5237 comiti
1313 5174 1492 5238 Christiano
1508 5179 1540 5238 et
1554 5174 1764 5257 pereundam

366 5280 434 5344 suis
456 5280 592 5363 posteris
614 5279 648 5342 in
670 5277 753 5341 filios
775 5277 913 5341 filiorum
936 5278 1154 5360 heredumque
1177 5277 1309 5341 heredes
1336 5279 1543 5342 etheredum
1565 5297 1765 5343 successores
1799 5284 1835 5339 40

366 5383 521 5448 tenendas
543 5383 672 5467 pacifice
695 5388 727 5447 et
756 5382 918 5446 habendas
947 5382 1082 5464 iureque
1113 5382 1302 5446 hereditario
1326 5380 1534 5464 possidendas
1556 5388 1710 5467 perpetuo
1733 5388 1766 5446 et

366 5487 435 5551 sine
456 5487 682 5570 impedimento
700 5485 915 5567 quorumlibet
930 5486 1038 5566 quiete
1061 5484 1270 5569 perfruendas
1286 5485 1397 5548 tribuit
1411 5489 1586 5568 spontanea
1600 5484 1765 5549 voluntate
