4064 6288
972 593 1127 687 —e-a-

509 773 621 828 Dmclr:
639 771 729 828 06606
748 771 823 828 Stet.
842 773 1067 843 6666666111,
1086 782 1110 832 1.
1129 804 1163 816 —
1181 776 1237 831 Die
1255 775 1401 845 Dctirunq
1417 776 1467 830 der
1486 775 1616 831 0666666
1635 777 1753 845 madet

457 860 515 915 666
532 861 647 928 darauf,
665 860 732 915 alass
749 860 845 929 Koniy
857 860 1012 916 Ladislaus
1024 863 1079 917 IV.
1099 867 1166 917 1289
1181 863 1226 917 die
1243 863 1408 931 Vertacum
1426 863 1473 917 dea
1484 863 1753 932 Arcamo-Getides

457 964 496 1002 66
513 946 558 1001 dic
576 946 684 1001 666166
700 947 787 1001 durch
805 947 900 1018 Koniq
918 947 1048 1017 Stephon,
1072 949 1167 1002 66666
1189 948 1281 1015 Vatcr,
1306 950 1428 1003 malet
1444 950 1503 1004 666
1519 949 1686 1020 6166066666
1703 951 1752 1005 der

458 1032 573 1087 Dienste
595 1033 717 1103 9666616,
740 1034 835 1087 melotae
859 1034 932 1088 dicre
950 1035 1073 1104 Stephon
1097 1037 1165 1090 doct
1189 1037 1259 1089 wohl
1284 1042 1339 1090 eret
1363 1036 1406 1090 bei
1429 1037 1525 1091 66666
1549 1037 1675 1105 166966
1692 1037 1751 1090 An·

456 1119 597 1174 wesenteit
613 1120 646 1172 in
659 1118 869 1188 6606066966,
887 1136 940 1173 oon
957 1124 1027 1175 1262
1044 1137 1090 1187 aa,
1107 1122 1225 1190 96666
1241 1121 1338 1175 laben.
1360 1122 1416 1176 Dic
1428 1122 1573 1191 Delirunq
1590 1122 1654 1188 futu
1671 1122 1751 1176 comit
1786 1121 1803 1172 5

456 1206 488 1261 in
505 1207 559 1261 dea
576 1207 720 1261 Zeitroum
739 1210 807 1262 1262
825 1206 867 1260 bis
884 1223 920 1260 66
938 1206 1075 1274 Euphane
1096 1206 1238 1277 Tcdeetoq,
1263 1212 1287 1261 1.
1305 1209 1415 1277 116966
1433 1212 1510 1263 1272.

508 1327 695 1382 Bmclsetatcl:
718 1326 841 1382 Nerueti
864 1326 1024 1381 6666616666
1049 1330 1125 1394 1832,
1149 1327 1176 1394 Ι,
1199 1331 1259 1383 399.
1290 1328 1379 1383 Scato
1397 1327 1473 1384 6666.
1491 1329 1635 1384 61666666
1660 1330 1686 1398 Ι,
1712 1334 1753 1385 18.

462 1414 646 1470 Dersaaiaou
663 1413 831 1470 Decimum
846 1417 907 1469 280,

510 1657 638 1671 .....
662 1607 749 1690 quod
771 1607 888 1671 nobilis
909 1607 960 1670 vir
979 1626 1085 1672 comes
1099 1607 1250 1672 Ehelleus
1271 1607 1357 1672 filius
1371 1607 1529 1672 Ehellews
1551 1608 1591 1673 de
1612 1607 1754 1673 Torozlro

355 1716 497 1775 nostram
508 1710 718 1796 personaliter
729 1711 883 1775 accedens
893 1711 1104 1794 praesentiam
1116 1717 1255 1775 castrum
1267 1730 1363 1775 suum
1374 1706 1623 1792 hereditarinm[
1711 1709 1753 1796 Γ)
1790 1715 1824 1770 10

353 1815 504 1898 Torozlro,
519 1809 668 1894 servata[
824 1813 867 1897 Ρ)
882 1819 915 1877 et
925 1818 1050 1877 retenta
1060 1813 1120 1877 sibi
1131 1815 1323 1898 proprietate
1335 1820 1367 1878 et
1381 1815 1452 1877 inre
1465 1813 1596 1877 dominii
1610 1814 1753 1878 eiusdem

353 1919 457 2002 castri,
480 1919 519 1983 de
541 1918 641 1982 libera
663 1936 723 1981 sua
743 1917 909 1981 voluntate
931 1917 1026 1999 dedit
1050 1917 1181 1981 donavit
1203 1924 1235 1981 et
1256 1917 1393 1981 contulit
1415 1917 1529 1981 vicinis
1551 1918 1618 1981 suis
1640 1915 1754 1981 Siculis

353 2022 393 2086 de
415 2021 504 2086 Kead
526 2027 559 2086 et
579 2041 637 2106 per
658 2039 714 2085 eos
736 2021 911 2085 eorundem
928 2021 1174 2102 successoribus
1197 2021 1236 2086 de
1259 2022 1352 2085 iuxta
1366 2021 1511 2103 Aranias,
1535 2021 1636 2085 donec
1657 2020 1753 2084 iidem

354 2122 453 2187 Siculi
467 2124 519 2188 vel
535 2142 646 2187 eorum
662 2143 863 2188 successores
877 2124 970 2188 iuxta
988 2125 1094 2207 ipsum
1108 2122 1244 2188 fluvium
1259 2124 1396 2187 Arenias
1411 2123 1615 2188 residentiam
1629 2122 1754 2205 facient,

353 2232 508 2310 perpetuo
530 2228 767 2309 possidendum,
788 2227 834 2291 ita
851 2232 889 2291 ut
911 2228 938 2290 si
961 2224 972 2307 [
1128 2226 1170 2311 Ρ)
1184 2226 1387 2291 Tartarorum
1410 2227 1462 2291 vel
1485 2225 1546 2289 alia
1568 2225 1676 2307 aliqua
1696 2246 1754 2309 po·
1790 2234 1823 2287 15

353 2328 454 2392 tentia
476 2324 487 2409 [
642 2329 685 2413 Γ)
708 2331 838 2395 alterius
860 2331 1092 2412 cuiuscumque
1114 2330 1242 2395 domino
1264 2331 1332 2413 regi
1354 2331 1525 2413 insurgens
1555 2329 1589 2391 in
1619 2347 1754 2411 regnum

354 2431 539 2515 Hungariae
560 2431 728 2498 intraverit
757 2434 810 2498 vel
832 2433 872 2497 ad
894 2434 1054 2498 iaciendas
1084 2436 1278 2498 vastationes
1299 2434 1432 2511 venerit
1462 2433 1559 2496 fidem
1580 2429 1681 2495 Siculi
1703 2431 1754 2495 vel

354 2534 496 2618 ipsorum
512 2534 653 2618 heredes,
677 2536 779 2601 donec
793 2537 887 2600 iuxta
908 2536 1030 2599 dictum
1043 2535 1180 2600 fluvium
1194 2538 1331 2601 Aranias
1345 2536 1587 2620 permanserint,
1609 2540 1646 2598 ut
1664 2553 1755 2617 prae·

355 2639 517 2721 dixerunt,
547 2658 645 2703 causa
665 2640 859 2704 defensionis
881 2640 1021 2723 capitum
1043 2647 1075 2704 et
1096 2640 1269 2705 liberorum
1293 2661 1427 2705 suorum
1448 2658 1574 2704 necnon
1596 2638 1755 2702 bonorum

355 2742 531 2806 eorrmdem
546 2743 580 2805 in
595 2743 716 2806 dictum
730 2748 871 2806 castrum
885 2742 1045 2823 Twrozlro,
1069 2748 1232 2825 tamquam
1248 2745 1282 2807 in
1296 2745 1462 2829 proprium
1483 2748 1516 2808 et
1529 2741 1755 2806 hereditarium
1790 2748 1825 2803 20

356 2865 451 2910 suum
466 2851 605 2910 castrum
621 2846 708 2909 omni
732 2851 874 2930 tempore
889 2851 921 2909 et
935 2846 1013 2908 hora
1027 2865 1215 2928 guerrarum
1235 2848 1355 2911 scilicet
1370 2852 1402 2911 et
1416 2847 1503 2930 pacis
1518 2865 1592 2909 cum
1608 2843 1756 2908 omnibus

357 2949 450 3011 bonis
472 2949 540 3012 suis
554 2947 687 3012 liberam
702 2947 865 3012 habebunt
886 2949 1026 3012 intrandi
1049 2949 1240 3033 facultatem,
1264 2952 1344 3015 etin
1359 2952 1472 3015 eodem
1494 2949 1578 3013 sicut
1599 2950 1634 3011 in
1652 2952 1755 3012 castro

356 3071 414 3116 suo
430 3052 646 3136 permanendi,
668 3051 844 3135 proprietas
859 3052 1065 3116 nihilominus
1084 3053 1184 3136 ipsius
1200 3054 1295 3117 castri
1308 3053 1471 3117 Twrwzlro
1487 3072 1562 3117 cum
1576 3051 1671 3135 pleno
1685 3051 1756 3115 iure

356 3155 488 3219 dominii
509 3173 634 3238 semper
655 3159 815 3238 praetacto
837 3154 967 3220 Ehelleo
991 3205 1119 3221 .....
1127 3155 1149 3235 ⁶)

1013 3533 1106 3617 100.
1790 3557 1824 3613 as

434 3719 542 3788 1263
575 3717 720 3788 666666
753 3721 813 3786 16.
859 3715 937 3786 Das
976 3715 1279 3786 Grosawordeiner
1313 3713 1458 3805 Kopitel
1493 3713 1638 3803 beecupt,
1674 3713 1756 3785 daos

357 3837 448 3910 1666
475 3837 516 3909 de
542 3837 698 3910 Balenae
729 3837 803 3908 666
828 3836 946 3907 dassen
972 3835 1116 3908 Brider
1141 3836 1239 3908 Boclr
1263 3835 1338 3906 666
1362 3833 1457 3905 Balt
1482 3834 1658 3905 6666366
1683 3833 1757 3905 666

358 3958 525 4031 Nicotaus
543 3957 643 4045 filius
669 3957 774 4029 Kend
799 3957 841 4028 de
862 3956 1012 4028 Zolatnc
1039 3956 1166 4048 Bcnyc
1192 3956 1266 4027 666
1291 3956 1410 4028 663666
1436 3953 1579 4025 Brader
1602 3953 1753 4041 666666,

358 4076 533 4168 Henaton,
571 4076 724 4165 Blossius,
761 4076 961 4165 16666666,
1001 4077 1219 4149 Tatamerias
1253 4077 1327 4148 666
1352 4075 1500 4166 Stosyan
1526 4073 1755 4146 andererscits

359 4199 424 4269 den
454 4221 568 4288 66966
607 4195 764 4289 1066669
797 4200 918 4270 aweier
957 4197 1183 4271 Verwandten
1217 4196 1509 4288 cuspebrocheaen
1545 4192 1653 4266 Strcit
1687 4194 1754 4266 tet
1791 4210 1827 4266 30

361 4319 472 4410 pelopi
497 4319 615 4390 66666.

439 4453 566 4526 Datum
581 4453 669 4526 feria
682 4453 785 4526 tertia
801 4454 960 4549 proxima
976 4460 1054 4550 post
1066 4460 1206 4527 octavas
1224 4454 1304 4527 festi
1322 4452 1599 4549 Epiphaniarum
1618 4449 1757 4543 domini,

362 4597 454 4647 anno
480 4574 632 4646 eiusdem
659 4573 707 4646 M.
734 4573 796 4647 GC.
823 4573 953 4646 LXllI.

514 4738 626 4794 Druck:
644 4738 731 4805 Fejtr
744 4737 835 4794 06666
852 4738 921 4805 VII,
938 4742 965 4805 3,
982 4742 1018 4793 le
1034 4738 1106 4793 nach
1122 4739 1198 4794 einer
1215 4737 1437 4806 Ueberlieferunq
1448 4736 1552 4792 Arcto
1568 4736 1618 4791 der
1635 4735 1757 4791 Familia

463 4826 536 4896 Pap.
554 4854 590 4866 ·-
610 4825 723 4880 Teutsclr
740 4842 768 4878 6.
787 4825 948 4879 Γίν66606
966 4824 1038 4880 Stet.
1055 4825 1137 4880 Urltb.
1156 4826 1182 4892 Ι,
1204 4829 1243 4881 75.
1267 4823 1450 4878 Denauaionu
1466 4823 1633 4877 Documento
1650 4826 1710 4877 001.
1790 4823 1824 4877 36

514 4998 535 5067 ¹)
553 4998 654 5053 neore
671 4996 764 5053 Ram
781 5000 798 5052 5
819 4996 986 5052 (1666666.

513 5087 535 5153 ¹)
552 5083 653 5138 licerer
671 5083 765 5138 166666
780 5087 826 5137 28
845 5081 957 5137 (lentim.

512 5170 535 5239 ⁸)
553 5169 654 5223 Lmer
672 5170 765 5224 16666
782 5171 825 5223 65
845 5168 958 5224 06666.

513 5259 536 5323 ⁴)
552 5255 654 5310 Lmer
672 5255 765 5310 16666
781 5259 826 5311 36
846 5254 958 5310 06666.

514 5345 535 5411 ⁸)
552 5341 639 5397 Daau
656 5342 772 5397 0666616
788 5342 837 5397 der
854 5341 1010 5397 serrata.-
1036 5339 1148 5412 Reliqua
1164 5341 1268 5409 desunt,
1292 5342 1403 5411 quatuor
1422 5339 1526 5394 circiter
1542 5354 1636 5394 remus
1652 5339 1756 5393 <imunt
1790 5339 1825 5394 40
