4106 6294
992 603 1146 697 —aao-

367 798 562 858 curaverunt
584 800 616 857 et
637 793 822 877 praesertim
843 793 1017 857 novissime
1038 794 1108 856 istis
1130 792 1326 877 temporibus
1348 797 1460 856 contra
1481 796 1608 855 nostros
1624 790 1766 856 aemulos

366 897 567 981 procedendo
595 897 670 960 licet
699 916 765 959 non
795 916 868 960 cum
899 896 1029 960 minima
1058 917 1166 960 rernm
1189 903 1222 961 ct
1242 916 1451 981 personarum
1478 897 1621 979 ipsorum
1643 896 1767 960 iactura

368 1003 460 1066 nobis
482 1001 619 1065 fideliter
641 1001 830 1083 servierunt,
852 1001 950 1084 igitur
973 1000 1049 1082 quia
1071 1020 1113 1064 ex
1135 999 1239 1063 officio
1262 1006 1389 1064 nostrae
1411 1001 1516 1085 regiae
1540 1000 1695 1064 maiestati
1716 1000 1766 1063 in·

368 1105 540 1186 cumbenti,
572 1124 653 1187 quae
684 1105 766 1167 nulli
788 1105 897 1168 deesse
919 1105 953 1167 in
976 1124 1035 1167 sno
1066 1104 1135 1168 inre
1158 1104 1254 1167 immo
1276 1105 1423 1167 iniuriam
1447 1105 1481 1167 in
1513 1106 1566 1168 ius
1587 1109 1766 1168 restaurare

367 1209 520 1273 debemus
542 1209 716 1272 eorundem
738 1208 898 1292 hospitum
922 1215 1103 1271 nostrorum
1126 1209 1218 1272 iustis
1233 1208 1439 1292 petitionibus
1460 1208 1603 1272 inoHnati
1625 1208 1712 1292 ipsos
1734 1212 1766 1271 et
1801 1212 1818 1264 5

367 1332 424 1397 per
445 1315 531 1397 ipsos
553 1314 696 1397 ipsorum
712 1313 844 1377 heredes
859 1312 1055 1376 reddidimus
1077 1316 1109 1374 et
1131 1312 1329 1375 restituimus
1344 1311 1383 1374 ad
1400 1312 1564 1393 antiquam
1580 1316 1612 1375 et
1633 1311 1767 1376 eandem

367 1418 532 1500 pristinam
562 1417 741 1481 libertatem
770 1418 922 1501 ipsorum,
958 1435 1022 1498 qua
1043 1415 1095 1479 vel
1118 1416 1236 1496 quibus
1258 1434 1316 1499 per
1338 1421 1546 1479 memoratum
1570 1414 1766 1499 Stephanum

367 1540 474 1603 regem
497 1541 516 1584 a
537 1522 639 1604 prima
660 1520 847 1584 fundatione
870 1525 902 1582 et
924 1519 1168 1601 congregatione
1190 1518 1291 1601 ipsius
1313 1519 1449 1583 civitatis
1464 1519 1617 1603 praedicti
1639 1518 1767 1583 fuerant

368 1625 477 1688 eadem
500 1624 720 1708 praerogativa
741 1623 922 1686 hbertatum
946 1623 1041 1686 etiam
1064 1622 1180 1686 nostris
1204 1622 1399 1705 temporibus
1419 1622 1583 1705 huinnos,
1606 1642 1685 1705 quas
1707 1622 1767 1687 hoc

369 1728 479 1791 ordine
510 1733 620 1791 tenore
650 1728 864 1810 praesentium
888 1726 1114 1809 specificandas
1136 1727 1289 1789 duximus
1311 1732 1343 1789 et
1365 1727 1482 1808 pariter
1508 1725 1766 1811 exprimendas,¹)
1802 1726 1837 1781 10

370 1831 456 1912 qnod
487 1831 604 1914 singuli
634 1831 793 1914 hospitum
824 1836 1007 1894 nostrorum
1039 1831 1078 1893 de
1101 1830 1260 1913 praedicta
1282 1831 1409 1893 civitate
1432 1836 1536 1892 aratra
1557 1829 1710 1893 habentes
1732 1829 1766 1892 in

370 1935 450 1998 festo
474 1934 558 1999 beati
581 1934 709 1998 Martini
717 1934 739 2012 ²)
762 1935 897 2017 singulis
919 1935 1011 1998 annIs
1040 1934 1182 2017 singulos
1211 1934 1351 1997 fertones
1380 1953 1454 1995 cum
1487 1933 1627 2017 pondere
1660 1933 1767 2017 regali,

371 2039 467 2103 ceteri
491 2058 567 2102 vero
597 2040 735 2122 hospites
764 2058 822 2122 per
851 2058 885 2101 se
915 2037 1025 2101 domos
1056 2042 1088 2101 et
1110 2057 1175 2100 non
1196 2044 1301 2100 aratra
1326 2037 1479 2101 habentes
1501 2037 1619 2121 singuli
1641 2037 1768 2121 singula

369 2144 431 2206 tria
452 2142 594 2226 pondera
615 2143 649 2205 in
671 2142 831 2226 praedicto
862 2141 952 2219 festo,
985 2142 1133 2224 inquilini
1156 2147 1263 2205 antem
1294 2142 1430 2205 altorum
1453 2141 1618 2204 dimidium
1641 2141 1767 2225 pondus

371 2246 488 2329 singuli
517 2246 676 2329 praedicto
706 2251 849 2328 tempore
878 2245 1006 2308 nomine
1037 2245 1164 2329 terragii
1194 2245 1288 2307 modo
1319 2245 1492 2328 praemisso
1522 2245 1647 2309 solvere
1678 2251 1765 2309 tene-
1802 2247 1835 2300 15

368 2349 498 2413 buntur.
521 2350 689 2414 Praeterea
704 2349 743 2412 de
758 2348 892 2432 singuhs
908 2350 1075 2431 sexaginta
1093 2347 1311 2412 mansionibus
1329 2368 1430 2412 unum
1444 2354 1599 2412 armatum
1617 2349 1766 2413 decenter

369 2455 549 2518 ordinatum
582 2454 622 2517 ad
653 2455 829 2517 exercitum
860 2459 1005 2515 nostrum
1035 2453 1248 2517 transmittere
1278 2453 1483 2535 tenebuntur,
1515 2454 1590 2517 item
1625 2454 1765 2517 villicum

369 2558 452 2620 inter
483 2576 517 2621 se
546 2557 644 2621 libere
675 2557 793 2639 ehgant
824 2575 920 2637 quem
944 2556 983 2620 de
1006 2558 1167 2620 communi
1189 2577 1348 2621 consensu
1371 2562 1404 2620 et
1425 2557 1591 2621 voluntate
1612 2558 1766 2622 duxerint

369 2663 591 2744 ordinandum,
615 2662 670 2743 qui
695 2661 824 2743 quidem
846 2660 972 2724 villicus
994 2661 1136 2744 ipsorum
1153 2680 1263 2725 omnes
1286 2681 1399 2725 causas
1421 2662 1505 2724 inter
1527 2662 1613 2745 ipsos
1636 2668 1668 2726 et
1682 2662 1766 2726 intra

368 2771 468 2830 metas
491 2767 633 2849 ipsorum
656 2771 785 2829 exortas
800 2765 942 2847 exceptis
964 2765 1068 2827 causis
1091 2765 1259 2846 homicidii,
1281 2765 1368 2846 furti,
1390 2765 1555 2847 latrocinii,
1578 2766 1716 2830 incendii
1733 2773 1765 2830 et
1801 2763 1836 2818 20

368 2871 521 2952 vulneris,
538 2870 624 2952 quod
645 2869 742 2952 vulgo
758 2869 874 2931 dicitur
886 2866 1015 2948 boyseb‚
1032 2887 1111 2949 quas
1126 2868 1224 2931 iudex
1240 2874 1349 2931 noster
1365 2873 1397 2931 et
1408 2868 1535 2932 villicus
1551 2869 1691 2952 ipsorum
1708 2889 1765 2954 pro

369 2980 511 3058 tempore
526 2973 690 3037 constituti
705 2973 822 3054 pariter
844 2970 1039 3053 iudicabunt,
1061 2972 1178 3034 iudicia
1199 2973 1283 3036 inter
1298 2992 1333 3035 se
1348 2971 1452 3035 tahter
1467 2972 1655 3053 dividentes,
1679 2972 1765 3055 quod

369 3076 494 3140 duabus
513 3075 657 3161 partibus
672 3075 769 3139 indici
797 3080 905 3138 nostro
929 3074 1115 3139 cedentibus
1138 3077 1261 3140 tertiam
1285 3082 1407 3161 partem
1430 3077 1464 3138 in
1480 3075 1571 3139 dictis
1587 3077 1691 3140 causis
1707 3076 1765 3139 vil·

369 3182 451 3245 hcus
473 3181 615 3264 ipsorum
639 3180 800 3244 obtinebit
830 3180 911 3242 Item
933 3180 1148 3244 concessimus
1179 3181 1273 3244 etiam
1296 3181 1415 3244 eisdem
1438 3180 1614 3263 hospitibus
1640 3182 1766 3263 nostris,

370 3285 456 3368 quod
479 3286 564 3349 intra
585 3284 738 3347 terminos
753 3284 890 3368 partium
906 3284 1202 3348 Transsiluanarnm
1227 3289 1290 3347 tam
1313 3285 1347 3346 in
1363 3284 1545 3348 civitatibus
1560 3304 1656 3366 quarn
1672 3285 1766 3349 eham
1801 3279 1835 3335 25

369 3391 403 3453 in
425 3389 494 3453 aliis
515 3388 594 3452 locis
617 3388 656 3451 de
685 3387 844 3451 mercibus
867 3394 899 3451 et
921 3387 1017 3451 rebus
1039 3388 1182 3472 ipsorum
1205 3388 1330 3451 nullum
1355 3388 1508 3452 tributum
1532 3388 1655 3452 solvere
1678 3394 1766 3453 tene·

369 3492 498 3556 buntur.
528 3493 609 3556 Item
632 3492 827 3555 sacerdotem
851 3497 883 3555 ot
905 3492 1075 3575 plebanum
1099 3492 1138 3555 de
1161 3493 1321 3556 communi
1344 3493 1442 3556 libere
1465 3492 1583 3575 ehgant
1601 3493 1766 3558 voluntate

370 3596 453 3658 sicut
474 3595 508 3657 in
530 3595 599 3658 ahis
614 3594 797 3657 civitatibus
820 3596 937 3658 nostris
960 3601 1008 3658 est
1023 3601 1213 3660 consuetum
1229 3597 1280 3659 cui
1297 3597 1403 3659 omnia
1425 3596 1495 3659 iura
1517 3596 1618 3659 eidem
1642 3596 1681 3660 do
1697 3597 1766 3660 iure

369 3697 476 3761 debita
505 3699 725 3762 administrare
748 3698 951 3762 tenebuntur.
989 3700 1070 3763 Item
1093 3700 1308 3763 concessimus
1331 3700 1459 3780 eisdem,
1482 3700 1568 3781 quod
1591 3705 1692 3764 terras
1706 3701 1767 3763 cir·

369 3821 573 3883 cnmquaque
595 3803 742 3875 iacentes,
766 3822 847 3884 quas
871 3822 974 3885 usque
996 3802 1091 3866 modo
1115 3804 1197 3866 iuste
1217 3810 1393 3867 tenuerunt
1414 3810 1446 3867 et
1460 3804 1671 3888 possederunt
1692 3824 1766 3868 cum
1801 3796 1836 3851 30

373 3905 470 3986 silvis,
492 3905 686 3988 nemoribus,
708 3907 814 3989 pratis,
837 3907 929 3970 terris
944 3905 1116 3970 arabilibus
1131 3912 1163 3969 et
1177 3906 1246 3970 aliis
1261 3907 1450 3972 utilitatibus
1466 3909 1624 3972 universis
1639 3914 1769 3973 teneant

371 4016 403 4073 et
425 4009 617 4092 possideant,
639 4016 802 4090 utusque
825 4010 908 4073 iuste
930 4011 1150 4092 possederunt,
1185 4011 1230 4073 sic
1251 4011 1434 4094 possideant
1454 4011 1583 4095 pacifice
1606 4019 1638 4076 et
1661 4013 1767 4094 quiete

371 4114 439 4177 sine
462 4113 656 4196 praeiudicio
686 4120 792 4178 tamen
815 4114 894 4176 iuris
917 4113 1020 4177 alieni.
1064 4112 1152 4175 Haeo
1175 4118 1207 4176 et
1233 4113 1294 4176 alia
1317 4133 1399 4196 quae
1420 4115 1504 4178 idem
1528 4117 1675 4180 dominus
1698 4115 1767 4180 Ste-

370 4217 495 4300 phanus
517 4236 576 4281 rex
598 4217 717 4280 eisdem
733 4224 932 4280 concesserat
947 4218 1168 4300 promittentes
1182 4216 1408 4282 inviolabiliter
1422 4218 1599 4283 observare.
1620 4219 1659 4283 In
1675 4221 1768 4284 cuius

370 4321 416 4384 rei
438 4321 622 4384 memoriam
649 4327 901 4404 perpetuamque
930 4319 1110 4383 firmimtem
1141 4326 1324 4404 praesentes
1347 4323 1466 4387 elsdem
1492 4329 1617 4387 nostras
1639 4323 1766 4408 privile-
1802 4313 1836 4367 35

370 4423 468 4506 giales
490 4424 706 4487 concessimus
728 4424 836 4487 literas
859 4423 993 4508 duplicis
1016 4424 1110 4507 sigilli
1133 4425 1232 4487 nostri
1257 4425 1432 4488 munimine
1455 4425 1626 4491 roboratas.
1648 4427 1766 4491 Datum

370 4547 428 4610 per
448 4546 563 4590 manus
585 4527 712 4591 discreti
734 4527 795 4589 viri
810 4528 950 4610 magistri
967 4527 1122 4591 Johannis
1137 4527 1287 4592 Albensis
1308 4528 1458 4593 ecclesiae
1473 4531 1652 4614 praepositi,
1675 4530 1766 4594 aulae

374 4635 500 4694 nostrae
530 4629 779 4694 vicecancellarii
809 4635 841 4693 et
869 4630 1080 4694 archidiaconi
1102 4630 1142 4694 de
1164 4629 1330 4694 Kuhulleu
1352 4631 1457 4696 dilecti
1480 4638 1512 4696 et
1533 4632 1635 4696 fidelis
1657 4633 1767 4714 nostri,

371 4752 456 4796 anno
479 4733 599 4797 domini
628 4710 669 4796 ll.
692 4711 776 4798 CCC.
811 4739 902 4798 sexto
934 4735 1070 4816 decimo,
1107 4733 1208 4798 XIHI
1236 4733 1396 4798 Kalendas
1430 4734 1638 4819 Septembris,
1677 4735 1768 4819 regni

370 4841 477 4900 antem
499 4837 600 4900 nostri
623 4856 707 4901 anno
730 4837 875 4903 similiter
896 4843 988 4903 sexto
1011 4838 1141 4902 decimo.
1801 4829 1838 4884 40

526 5008 547 5075 ¹)
565 5007 603 5061 In
626 5008 675 5061 der
692 5007 904 5079 Baptaaho'puay
927 5009 975 5064 dea
992 5009 1265 5065 Kolosmaoaostorer
1282 5009 1437 5065 Konvcotca
1454 5025 1507 5064 eoa
1525 5013 1594 5065 1336
1615 5010 1686 5079 [οῑφι
1702 5015 1768 5064 statt

370 5093 440 5162 qnod
457 5092 552 5162 singuli
570 5094 703 5163 hospitum
722 5095 764 5149 bis
782 5096 918 5164 sexag‘nta
936 5096 1115 5151 mansionibus
1133 5113 1229 5151 unum:
1254 5099 1323 5167 quod
1346 5097 1438 5152 civitas
1455 5099 1546 5151 nostra
1563 5095 1705 5152 Kulnswar
1721 5113 1767 5151 vo·

370 5182 429 5233 eata
447 5179 475 5232 in
492 5180 561 5234 iasio
579 5181 662 5234 sancti
675 5180 779 5234 Martini
798 5182 956 5236 confessoris
973 5181 1083 5252 singulis
1100 5184 1177 5238 annis
1188 5184 1238 5239 LII
1254 5201 1356 5239 marcas
1370 5184 1471 5253 argenti
1482 5201 1543 5238 oum
1560 5184 1676 5253 pondere
1687 5183 1768 5254 regali

371 5266 447 5319 nobis
464 5281 495 5320 ac
513 5266 609 5320 nostris
627 5268 822 5323 successoribus
839 5270 916 5323 modo
933 5270 1078 5339 praemisso
1095 5269 1199 5324 solvere
1216 5271 1383 5325 tanebnntm.
1410 5271 1551 5325 Praeterea
1567 5271 1647 5326 etiam
1664 5272 1697 5326 de
1714 5272 1768 5325 sin·

370 5351 439 5423 gulia
455 5352 593 5421 sanginis
608 5352 787 5408 mansionibus
804 5371 895 5409 unum.
1801 5357 1836 5412 45

526 5439 549 5511 ¹)
566 5438 716 5494 November
733 5444 776 5494 11.
