4086 6300
959 588 1020 652 345

285 785 371 845 mera
386 779 425 844 de
446 798 532 842 novo
555 782 661 843 erecta
674 779 785 861 incipit
808 777 1041 843 cucullarium
1058 777 1231 859 Kukullou
1254 777 1310 841 ubi
1325 777 1450 841 rivulus
1466 777 1505 841 de
1521 776 1686 860 Chergeud

286 883 372 947 cadit
393 882 427 946 in
449 881 585 946 fluvium
602 881 775 964 Kuknlleu
799 883 854 946 nbi
877 889 926 946 est
949 903 1014 947 una
1035 903 1121 947 nova
1136 888 1221 946 meta
1242 888 1345 946 terrea
1360 888 1475 962 erecta,
1498 901 1581 964 quae
1605 888 1687 945 meta

286 987 401 1051 dividit
422 987 507 1051 inter
528 992 644 1051 terram
661 984 863 1069 Munerad11t
887 994 919 1050 et
933 992 1048 1051 terram
1065 986 1223 1051 Herbordi
1242 985 1415 1069 praelibati.
1449 986 1573 1050 Deinde
1588 987 1689 1050 currit

287 1092 372 1155 circa
400 1090 539 1155 eundem
566 1090 708 1154 rivulum
731 1090 899 1174 Chergeud
929 1090 969 1154 ad
1000 1110 1096 1153 unani
1119 1110 1236 1153 novam
1259 1095 1375 1153 meum
1398 1097 1542 1171 terreant,
1574 1090 1689 1154 abhinc

234 1205 251 1257 5
287 1195 376 1259 vadit
403 1195 518 1259 iterato
546 1194 587 1257 ad
616 1213 715 1257 unam
744 1198 861 1258 metam
891 1201 1036 1276 terream,
1066 1214 1149 1276 quae
1171 1195 1254 1259 dnae
1284 1212 1387 1257 novae
1417 1199 1518 1258 metae
1545 1193 1690 1259 similiter
1752 1224 1756 1231 ·

288 1299 491 1382 distinguunt
511 1299 596 1362 inter
611 1303 728 1362 terram
743 1296 900 1362 Munerad
923 1305 956 1363 et
978 1304 1095 1363 terram
1110 1298 1271 1362 Herbordi
1286 1298 1327 1361 ad
1341 1299 1574 1381 possessionem
1589 1298 1688 1363 Weze

286 1403 506 1487 pertinentem.
538 1401 619 1466 Inde
642 1401 681 1465 de
703 1402 772 1485 ipso
799 1402 904 1465 rivulo
927 1402 1030 1466 tendit
1050 1403 1091 1465 ad
1113 1402 1209 1466 berch
1232 1402 1272 1465 ad
1294 1422 1392 1466 unam
1411 1421 1528 1465 novam
1542 1400 1689 1480 metam2)

287 1507 372 1571 circa
401 1507 566 1588 antiquam
575 1504 596 1582 θ)
627 1511 772 1587 erocum,
795 1505 910 1569 abhinc
932 1509 1036 1590 vergit
1066 1507 1106 1570 ad
1135 1506 1229 1570 aliam
1257 1527 1372 1570 novam
1400 1513 1516 1571 metam
1544 1514 1689 1586 terream,

289 1611 404 1676 deinde
419 1612 454 1675 in
469 1610 580 1675 eodem
597 1609 693 1674 berch
715 1610 816 1673 currit
837 1611 877 1674 ad
893 1610 1017 1673 tertiam
1042 1614 1158 1672 metam
1175 1616 1310 1675 terream
1325 1611 1465 1693 indeque
1482 1611 1523 1675 ad
1543 1617 1689 1693 quartam

222 1723 257 1778 10
291 1735 408 1778 novam
438 1721 555 1778 metam
579 1719 723 1794 terream,
752 1719 824 1796 post
852 1714 929 1777 haec
959 1714 1048 1776 vadit
1077 1713 1222 1777 similiter
1244 1715 1283 1777 ad
1308 1735 1403 1777 unam
1426 1735 1543 1778 novam
1574 1721 1689 1780 metam

289 1825 426 1883 terream
454 1818 547 1881 iuxta
569 1817 718 1898 antiquas
748 1822 848 1880 metas
871 1824 1000 1898 erectas,
1024 1836 1106 1899 quae
1138 1819 1282 1900 quinque
1304 1824 1407 1883 metae
1430 1819 1579 1882 dividunt
1607 1820 1691 1883 inber

289 1930 406 1989 terram
432 1928 573 1987 nostram
596 1920 764 2004 Ohergeud
786 1926 818 1984 et
840 1927 957 1984 terram
979 1921 1140 1985 Harbordi
1161 1941 1255 2005 saepe
1278 1923 1341 1985 lati.
1375 1922 1500 1988 Deinde
1522 1924 1689 2006 perveniet

289 2028 330 2091 ad
354 2032 419 2092 tres
433 2031 533 2090 metas
556 2026 713 2107 antiquae,
737 2023 792 2087 ubi
815 2024 930 2088 erectio
953 2024 1094 2108 ipsarum
1110 2044 1269 2090 novarum
1291 2032 1449 2090 metarum
1471 2028 1572 2111 ipsius
1588 2032 1690 2091 terrae

289 2133 330 2197 ad
341 2131 440 2196 Weze
454 2129 643 2215 pertinentis
659 2130 891 2193 terminaretur.
921 2128 964 2192 nt
978 2131 1142 2194 statuisset
1154 2130 1317 2214 praedicto
1328 2130 1496 2196 Herbordo
1512 2137 1545 2195 et
1559 2132 1690 2195 Nicolao

223 2244 255 2297 15
291 2236 381 2300 fratri
403 2255 463 2299 suc
485 2233 709 2319 possidendam
732 2233 859 2297 nemine
875 2228 1107 2298 contradictore
1116 2233 1138 2313 ⁴)
1161 2235 1328 2299 existente.
1359 2234 1397 2298 Iu
1419 2235 1513 2299 cuius
1535 2237 1581 2300 rei
1603 2237 1691 2301 testi·

289 2341 433 2404 monium
456 2339 496 2401 ad
518 2337 700 2422 petitionem
725 2336 800 2399 dicti
823 2336 946 2400 Nicolai
968 2338 1194 2403 ricevaivcdae
1217 2345 1249 2401 et
1270 2338 1413 2402 indicum
1440 2340 1595 2403 nobilium
1618 2360 1691 2424 pro-

290 2443 414 2507 vinciae
435 2441 586 2506 Albensis
616 2441 851 2523 praedictorum
880 2441 957 2523 ipsis
979 2441 1147 2505 Herbordo
1171 2449 1203 2507 et
1224 2442 1355 2506 Nicolao
1386 2443 1476 2507 tratri
1499 2463 1558 2507 suc
1581 2443 1690 2508 literas

289 2553 416 2613 noshas
445 2550 630 2631 praesentes
658 2545 873 2608 concessimus
903 2545 998 2628 sigilli
1025 2545 1127 2609 nostri
1155 2547 1332 2610 munimine
1362 2546 1533 2611 roboratas.
1571 2546 1689 2611 Datum

291 2650 449 2717 Sabbatho
465 2650 611 2734 proximo
632 2654 705 2712 ante
720 2649 909 2712 dominicam
931 2649 1031 2731 Oculi,
1051 2669 1135 2712 anno
1150 2650 1270 2713 domini
1286 2649 1451 2714 millesimo
1468 2653 1690 2716 trecentesimo

222 2761 257 2817 20
291 2757 453 2840 vigesimo.
487 2754 618 2818 Andrea
645 2752 834 2836 praeposito,
856 2751 959 2816 Sanco
969 2752 990 2829 ἢ)
1022 2758 1162 2835 cantore,
1188 2753 1359 2819 Vincentio
1390 2757 1530 2837 custode,
1560 2756 1691 2821 Nioolao

291 2858 511 2925 archidiacono
536 2858 575 2921 de
595 2856 720 2921 Thorda
742 2856 862 2921 decano
886 2856 1037 2921 ecclesiae
1059 2866 1187 2922 nostrae
1211 2858 1431 2923 existentibus.

953 3188 1042 3271 373.

369 3356 477 3426 1320
502 3353 610 3424 Mdra
636 3352 702 3422 26,
747 3349 825 3421 Dua
858 3349 1140 3443 Weisseaburyer
1165 3351 1311 3444 Kopitel
1345 3351 1503 3442 beatutiyt
1535 3350 1591 3422 dic
1625 3350 1693 3422 Ur-

292 3475 405 3548 lamdc
441 3476 500 3548 dea
534 3475 668 3566 Kduips
695 3474 790 3546 Korl
822 3497 887 3547 oon
922 3477 1021 3547 1319
1057 3473 1123 3545 Nr.
1155 3475 1238 3545 365
1265 3473 1337 3561 fiir
1371 3473 1547 3564 Mcpister
1573 3471 1693 3545 Simon

224 3613 258 3669 25
293 3596 478 3686 betrcffeod
507 3596 767 3689 Groamcbopcn,
794 3596 986 3669 Parauaea
1011 3595 1086 3667 aad
1111 3595 1239 3666 cudere
1270 3592 1501 3682 Ortscbufteu.

452 3759 528 3831 Θήρ.
546 3761 628 3830 Pero.
651 3760 756 3830 uapor.
774 3759 983 3815 Landeacrcba'v
1001 3759 1153 3827 Budopcat.
1184 3756 1280 3827 Siepel,
1304 3756 1412 3811 maaca
1435 3757 1544 3825 Wucba,
1566 3775 1605 3811 aa
1621 3758 1692 3829 palb-

395 3847 603 3916 urdwoiolctter
621 3845 824 3902 munnae
841 3848 1006 3917 madunt,
1023 3846 1144 3901 deraclbc
1161 3843 1279 3912 &wel
1295 3842 1346 3897 wic
1363 3842 1418 3897 Nr.
1436 3846 1496 3898 216.

451 3967 564 4038 &aaa
583 3968 670 4036 fejer
691 3968 783 4023 Οοάεω
802 3969 860 4037 XI,
878 3972 938 4024 466.

451 4143 634 4228 Capitulum
664 4144 816 4208 ecclesiae
837 4144 1081 4209 lhanssiluanae
1111 4145 1260 4209 omnibns
1283 4143 1399 4209 Christi
1428 4140 1586 4206 fidelibus·
1602 4162 1693 4226 prae-

225 4254 261 4310 30
295 4253 418 4312 sentem
439 4249 588 4332 paginam
609 4249 801 4332 inspecturis
823 4248 958 4313 salutem
980 4250 1015 4312 iu
1038 4249 1181 4313 omnium
1204 4248 1370 4313 salvatore.
1392 4248 1444 4310 Ad
1468 4247 1693 4311 universorum

294 4350 440 4415 notitiam
462 4357 527 4415 tam
548 4353 765 4437 praesentium
788 4373 884 4435 quam
907 4354 1089 4417 futurorum
1111 4353 1226 4417 harum
1249 4353 1330 4416 serie
1346 4350 1496 4415 volumus
1518 4351 1695 4434 pervenire,

296 4454 383 4538 quod
412 4455 528 4521 nobilis
559 4458 608 4519 vir
638 4457 787 4538 magister
817 4455 939 4538 Symon
967 4456 1053 4520 filius
1082 4455 1257 4538 Myohaelis
1286 4475 1393 4519 comes
1424 4455 1463 4518 de
1493 4452 1626 4535 Medyes
1655 4455 1695 4518 ad

294 4564 439 4624 nostram
468 4560 623 4625 accedens
652 4561 864 4644 praesentiam
898 4559 1045 4625 exhibuit
1077 4558 1170 4623 nobis
1203 4558 1405 4643 privilegium
1436 4558 1557 4622 domini
1585 4557 1695 4622 Karoli

295 4662 428 4728 illustris
457 4665 541 4749 regis
562 4664 748 4747 Hungariae
777 4684 874 4749 super
902 4664 1103 4729 restitutione
1133 4662 1332 4745 quarundam
1364 4661 1512 4725 villarum
1543 4681 1601 4726 seu
1623 4681 1696 4745 pos-

228 4776 261 4830 35
296 4767 476 4831 sessionum
504 4768 589 4832 inira
618 4769 807 4852 scriptarum
837 4767 940 4835 eidem
970 4769 1120 4851 magistro
1147 4766 1281 4849 Symoni
1310 4785 1367 4850 per
1395 4767 1501 4849 ipsum
1532 4766 1694 4829 dominum

295 4890 403 4955 regem
432 4872 516 4936 lacta
544 4878 726 4936 emanatum
757 4891 815 4936 seu
845 4872 1036 4953 coniectum,
1065 4876 1178 4955 petens
1208 4891 1267 4935 nos
1289 4871 1373 4934 idem
1403 4870 1553 4953 magister
1575 4869 1695 4952 Symou

295 4996 371 5040 cum
392 4976 552 5058 instantia
575 4982 613 5040 ut
634 4982 777 5041 tenorem
796 4975 898 5059 ipsius
912 4975 1070 5059 privilegii
1085 4975 1126 5038 ad
1148 4974 1304 5039 cautelam
1321 4974 1504 5038 transscribi
1520 4974 1696 5041 laceremus

454 5130 476 5198 ¹)
492 5129 572 5184 azau
589 5134 615 5186 9.

452 5217 475 5285 ²)
497 5216 630 5287 Vorlcpc:
648 5232 713 5285 me,
737 5218 792 5270 tam
810 5231 856 5270 um
873 5215 984 5285 Rapina
1001 5215 1077 5270 daur
1096 5231 1184 5270 muco
1201 5214 1277 5269 Zeila
1295 5215 1479 5285 auspclcoscn.

226 5303 262 5359 40
451 5303 474 5371 ⁸)
496 5303 615 5374 Vorlupe
631 5303 761 5372 biacaf:
778 5318 882 5357 novam.

452 5390 475 5459 ⁴)
496 5389 615 5461 Vorlapc
631 5389 759 5457 Maus:
776 5391 927 5459 apparente.

454 5476 476 5545 ι)
494 5474 619 5547 m:
637 5475 725 5533 sato·
