4088 6292
938 644 1094 741 -2-43-

311 831 460 915 gendum
475 832 709 916 paciscendum,
724 834 1045 917 compromittondum
1066 834 1253 917 iudicesque
1268 833 1459 917 eligendum,
1478 833 1714 916 impetrandum

311 941 344 999 et
372 937 547 1019 petendum
576 935 766 1001 beneficium
794 937 1005 1001 restitutionis
1032 938 1065 1001 iu
1099 938 1259 1020 integrum
1289 936 1387 1000 semel
1417 936 1468 1000 vel
1502 936 1623 1020 pluries
1656 954 1715 1001 seu

311 1040 576 1121 quotiescumque
592 1040 708 1103 viderit
730 1041 889 1124 expedire,
912 1042 1086 1124 petendum
1110 1040 1344 1104 restitutionem
1367 1040 1584 1124 spoliatorum,
1607 1040 1714 1124 appel·

309 1142 451 1225 landum,
477 1144 741 1227 renunciandum,
771 1150 868 1208 testes
901 1145 1177 1226 instrumentaque
1206 1143 1448 1228 producendum
1471 1148 1504 1207 et
1525 1144 1632 1207 omnia
1654 1144 1716 1207 alia

258 1256 275 1307 5
311 1246 501 1330 faciendum,
533 1267 615 1329 quae
645 1267 743 1312 verus
774 1254 806 1311 et
834 1248 995 1330 legitimus
1026 1247 1254 1329 sufficiensque
1284 1254 1472 1331 procurator
1501 1254 1534 1311 et
1561 1248 1715 1329 syndicus

310 1350 385 1414 facit
406 1358 439 1415 et
461 1351 565 1415 iacere
587 1353 764 1416 consuevit.
794 1352 1021 1416 Promittantes
1043 1352 1219 1416 iudicatum
1241 1352 1324 1415 solvi
1346 1358 1379 1416 et
1401 1352 1508 1415 omnia
1530 1351 1590 1417 sub
1613 1351 1715 1436 hypo·

310 1455 401 1519 theca
430 1474 539 1519 rerum
567 1460 750 1519 nostrarum
779 1463 987 1539 assumentes,
1019 1457 1131 1520 dantes
1153 1457 1254 1520 eidem
1278 1455 1459 1539 generalem
1492 1462 1525 1520 et
1547 1456 1715 1540 specialem

310 1557 508 1641 liberamque
531 1559 837 1623 administrationem
865 1577 924 1622 seu
952 1561 1210 1643 procurationem
1240 1560 1369 1624 nomine
1391 1566 1501 1623 nostro
1524 1560 1660 1624 faciendi
1683 1566 1716 1625 et

310 1663 481 1727 exercendi
504 1664 656 1741 universa
677 1668 710 1727 et
731 1662 858 1746 singula
879 1682 977 1747 supra
999 1663 1091 1745 dicta,
1123 1671 1155 1727 et
1186 1663 1283 1726 alium
1306 1669 1545 1747 procuratorem
1567 1665 1619 1727 vel
1641 1684 1715 1748 pro·

242 1772 276 1827 10
311 1772 474 1831 curatores
504 1767 719 1831 substituendi
747 1766 799 1831 rel
822 1767 1037 1831 constituendi
1061 1785 1118 1831 seu
1147 1767 1283 1831 faciendi
1304 1767 1338 1829 in
1363 1767 1510 1831 omnibus
1532 1770 1714 1852 praemissis

311 1874 343 1932 et
364 1868 499 1952 singulis
514 1871 771 1952 praemissorum,
795 1870 1064 1952 quandocumque
1087 1877 1120 1936 et
1142 1871 1408 1953 quotiescumque
1423 1871 1539 1935 viderit
1554 1873 1714 1956 expedire,

311 1978 348 2036 ut
369 1981 558 2056 procurator
580 1973 619 2036 ab
642 1993 680 2038 eo
704 1975 898 2038 constitutus
919 1975 972 2039 vel
990 1975 1184 2039 substitutus
1206 1973 1329 2058 agendi,
1351 1974 1488 2058 petendi,
1512 1976 1712 2058 defendendi,

312 2077 500 2160 excipiendi,
524 2078 706 2161 replicandi,
729 2097 765 2141 ac
790 2078 916 2141 iurandi
937 2080 972 2142 in
995 2078 1117 2142 animas
1131 2083 1257 2141 nosbas
1279 2078 1319 2142 de
1341 2078 1501 2142 calumnia
1515 2080 1714 2162 veritateque

310 2181 452 2263 dicenda,
475 2187 507 2245 et
528 2182 709 2265 praestandi
733 2182 904 2246 cruuslibet
918 2184 1044 2266 generis
1066 2188 1265 2246 sacramenta
1283 2182 1335 2247 rel
1358 2183 1537 2246 iuramenta
1559 2188 1592 2247 et
1607 2184 1715 2248 omnia

241 2294 274 2346 15
310 2302 349 2347 ea
369 2284 506 2348 faciendi
529 2285 580 2349 vel
610 2286 790 2369 exercendi,
822 2306 904 2369 quae
932 2288 1080 2372 superius
1110 2293 1187 2351 suut
1216 2306 1369 2370 expressa
1398 2291 1431 2349 et
1458 2305 1540 2368 quae
1561 2306 1660 2351 verus
1682 2292 1715 2351 et

308 2388 470 2471 legitimus
503 2387 731 2471 sufficiensque
764 2398 953 2473 procurator
986 2391 1038 2453 rel
1071 2396 1293 2474 procuratores
1326 2391 1430 2455 iacere
1467 2397 1713 2472 consueverunt,
1814 2377 1817 2385 ’

252 2528 255 2533 ·
310 2498 415 2556 ratum
437 2498 470 2557 et
490 2492 619 2556 firmum
651 2493 798 2575 habituri,
830 2494 987 2575 quidquid
1017 2513 1075 2577 per
1097 2495 1236 2558 eundem
1264 2499 1372 2558 actum
1393 2494 1445 2557 vel
1467 2500 1594 2576 gestum
1617 2493 1715 2558 fuerit

310 2615 368 2660 seu
391 2596 581 2659 ordinatum.
625 2597 744 2661 Datum
775 2605 888 2680 quarta
918 2598 998 2661 feria
1024 2600 1172 2682 proxima
1201 2603 1274 2682 post
1302 2602 1430 2662 octavas
1452 2597 1605 2676 Pascae.¹)
1628 2617 1713 2661 anno

309 2700 429 2763 domini
458 2679 500 2764 ll.
525 2679 609 2765 CCC.
630 2680 732 2764 Vtin.
755 2701 858 2765 Tener
881 2721 958 2766 vero
981 2703 1188 2786 procuratorii
1211 2704 1310 2786 parba
1333 2703 1485 2767 adversae
1506 2702 1579 2766 talis
1601 2709 1656 2767 est

239 2812 275 2866 20
465 2804 670 2869 Sanctissimo
700 2806 782 2889 patri
813 2826 849 2869 ac
872 2806 1000 2869 domino
1027 2807 1118 2870 fratri
1141 2806 1258 2871 Gentili
1282 2806 1367 2871 tituli
1396 2807 1498 2870 sancti
1519 2806 1650 2871 Martini
1679 2810 1713 2871 in
1753 2814 1881 2871 Pmoun·

308 2908 473 2973 Montibus
488 2909 675 2993 presbytero
691 2909 852 2990 cardinali,
871 2930 928 2994 per
943 2916 1042 2975 totam
1057 2911 1230 2994 Vngariam
1246 2915 1279 2974 et
1293 2930 1391 2994 regna
1405 2929 1534 2975 annexa
1548 2917 1712 2993 mamque
1738 2896 1834 2986 *⁰¹,i¹¹,¹¹¹
1846 2897 1893 2951 ‘¹⁰'

310 3013 474 3076 Polouiam
511 3014 595 3077 sedis
625 3014 814 3096 apostolicae
843 3013 956 3096 legato,
986 3013 1140 3078 Hernicus
1170 3016 1310 3079 decanus
1341 3015 1381 3078 de
1411 3014 1528 3099 Spriug
1556 3015 1712 3099 plebanus
1747 2975 1887 3124 'affl-{⁰3

309 3117 451 3181 eiusdem
474 3117 535 3180 loci
557 3136 593 3180 ac
617 3118 759 3181 universi
782 3117 908 3201 plebani
926 3118 1069 3182 eiusdem
1084 3119 1257 3183 decanatus
1276 3119 1316 3183 de
1338 3118 1449 3182 maiori
1464 3118 1618 3201 Kukullu,
1639 3120 1712 3183 uui·
1761 3130 1871 3188 clericis.

309 3222 392 3284 versi
414 3220 541 3304 plebani
564 3221 603 3284 de
626 3221 741 3284 minori
762 3221 907 3285 Kukullu
939 3243 975 3285 ac
997 3224 1141 3287 universi
1170 3222 1297 3307 plebani
1320 3222 1359 3286 de
1382 3223 1539 3287 decanatu
1561 3222 1601 3287 de
1623 3223 1711 3288 Crisa

240 3331 274 3385 25
311 3325 420 3388 oscula
435 3326 552 3409 pedum
576 3325 748 3389 beatorum.
772 3325 936 3390 Sanctitat'
954 3326 1152 3409 paternitatis
1167 3332 1293 3390 restrae
1315 3327 1428 3389 harum
1451 3327 1532 3390 serie
1546 3326 1710 3391 literarum

309 3428 461 3493 duximus
477 3428 728 3512 significandum,
754 3431 840 3511 quod
856 3431 1027 3494 discretum
1045 3431 1209 3494 dominum
1224 3432 1411 3513 magistrum
1426 3430 1606 3494 lobannem
1620 3430 1711 3494 audi·

308 3538 409 3596 torem
432 3552 601 3596 causarum
623 3534 657 3595 in
680 3534 770 3597 curia
792 3540 899 3597 vestra
920 3534 1063 3615 iacimus
1093 3534 1318 3598 constituimus
1340 3539 1373 3597 et
1396 3533 1580 3597 ordinamus
1602 3539 1635 3597 et
1656 3535 1712 3598 do-

309 3637 431 3701 minum
446 3637 631 3700 Bertoldum
649 3637 804 3701 decenum
821 3638 860 3701 de
876 3637 1018 3702 Kelneke
1034 3638 1205 3722 plebanum
1220 3638 1365 3702 eiusdem
1378 3638 1440 3701 loci
1455 3644 1583 3701 nostros
1597 3657 1712 3721 procu-

307 3746 429 3805 ratores
443 3741 477 3803 in
499 3740 636 3804 solidum
658 3742 691 3803 in
709 3748 815 3805 vestra
829 3742 992 3805 audientia
1006 3748 1038 3805 et
1052 3748 1183 3822 actores,
1206 3742 1342 3805 factores
1356 3746 1389 3805 et
1404 3742 1540 3805 nuncios
1560 3742 1712 3824 speciales

238 3850 273 3903 30
307 3844 341 3908 in
357 3864 453 3908 causa
469 3845 520 3908 vel
543 3846 577 3906 in
593 3846 697 3908 causis
713 3845 861 3909 civilibus
881 3845 1030 3909 omnibus
1052 3845 1103 3908 rel
1126 3845 1352 3925 criminalibus,
1377 3864 1458 3926 quas
1480 3845 1634 3909 habemus
1656 3844 1709 3908 vel

309 3948 447 4012 babituri
462 3968 573 4012 sumus
596 3969 670 4012 cum
690 3949 828 4032 capitulo
852 3950 935 4012 beati
951 3949 1113 4012 Michaelis
1136 3948 1286 4012 ecclesiae
1300 3949 1544 4013 Transsiluauae
1566 3949 1600 4010 in
1622 3949 1712 4011 curia

308 4060 413 4115 vestra
436 4053 475 4115 ad
502 4054 669 4133 agendum,
701 4054 945 4133 defendendum,
968 4053 1191 4133 accusandum,
1216 4054 1445 4135 excusandum,
1474 4052 1562 4116 litem
1586 4057 1711 4116 contee-

308 4156 440 4219 tandum
457 4156 496 4219 de
511 4156 670 4220 calumnia
686 4164 717 4220 et
732 4157 902 4220 cuiuslibet
917 4156 1048 4220 alterius
1066 4158 1192 4239 generis
1207 4158 1386 4220 iuramenta
1401 4158 1433 4219 in
1449 4156 1570 4219 animas
1586 4162 1710 4218 nostms

308 4260 541 4342 praestandum,
572 4261 715 4324 delectus
738 4268 770 4323 et
792 4261 926 4323 crimina
947 4261 1183 4343 opponendum,
1210 4261 1384 4344 positiones
1406 4260 1587 4323 iaciendum
1610 4264 1643 4322 et
1665 4260 1709 4322 al-

238 4368 273 4421 35
309 4364 409 4427 terius
434 4365 533 4447 partis
559 4366 770 4447 positionibus
793 4364 1059 4447 respondendum,
1083 4364 1316 4447 paciscendum,
1340 4363 1589 4444 transigendum,
1613 4364 1646 4425 in
1662 4364 1710 4427 in-

307 4472 433 4549 tegrum
456 4467 689 4531 restitutionem
712 4468 894 4551 petendum,
925 4469 1096 4531 advocatos
1118 4468 1371 4548 conducendum,
1404 4487 1503 4530 unum
1527 4466 1579 4530 vel
1601 4467 1710 4550 plures

306 4576 529 4663 procuratores
544 4572 813 4655 substituendum,
825 4573 939 4635 salaria
954 4572 1213 4656 promittendum,
1229 4570 1462 4654 appellandum,
1477 4570 1707 4635 absolutionem

307 4675 479 4758 petendum
509 4680 542 4739 et
564 4675 790 4759 recipiendum,
814 4676 920 4739 omnia
942 4683 974 4739 et
996 4675 1122 4759 singula
1143 4674 1333 4755 iaciendum,
1358 4692 1440 4755 quae
1470 4694 1529 4737 nos
1559 4693 1709 4758 persona-

307 4779 380 4843 liter
395 4779 499 4843 facere
515 4798 683 4863 possemus
698 4780 793 4843 etiam
810 4781 836 4843 si
852 4780 1036 4843 mandatum
1053 4780 1184 4862 exigant
1199 4777 1343 4861 speciale,
1366 4778 1589 4860 promittentes
1604 4784 1708 4842 ratum

236 4886 272 4940 40
307 4887 340 4946 et
353 4881 480 4946 finnum
496 4882 621 4964 habere,
646 4883 801 4964 quidquid
817 4903 874 4967 per
890 4884 991 4947 dictos
1009 4889 1232 4967 procuratores
1251 4888 1357 4945 actum
1380 4882 1485 4946 luerit
1507 4881 1549 4945 Et
1565 4882 1709 4946 volentes

306 5005 361 5049 eos
389 4986 531 5051 relevare
554 4987 593 5049 ab
617 5006 714 5050 onere
737 4988 984 5067 satisdationis,²)
1007 4988 1222 5071 promittimus
1244 4986 1393 5049 omnibus
1416 5005 1554 5067 quorum
1575 4986 1709 5051 interest

306 5091 346 5154 de
368 5090 485 5154 iudicio
508 5092 576 5154 sisti
600 5096 633 5155 et
655 5091 694 5155 de
716 5092 855 5155 iudicato
879 5092 1032 5156 solvendo
1055 5091 1089 5154 in
1107 5110 1235 5155 omnem
1256 5109 1347 5153 suam
1370 5089 1546 5153 clausulam
1569 5090 1628 5154 sub
1653 5088 1708 5152 ob-

305 5192 456 5277 ligatione
473 5194 629 5257 bonorum
646 5202 827 5259 nostrorum
851 5202 883 5260 et
897 5196 1103 5261 ecclesiarum
1125 5200 1314 5259 nostrarum.
1337 5193 1376 5257 In
1391 5194 1485 5258 cuius
1498 5195 1709 5278 procuratorii

306 5295 497 5361 evidentiam
507 5317 583 5371 ¹cum
594 5300 697 5382 sigillo
706 5300 948 5383 provincialium
961 5299 1045 5363 sedis
1053 5299 1235 5362 iudiciariae
1247 5298 1286 5362 de
1299 5298 1396 5362 Sebzs
1407 5304 1439 5363 et
1450 5298 1553 5382 sigillo
1565 5300 1707 5364 eiusdem

236 5433 270 5488 ὦ
460 5436 483 5590 :l
501 5435 719 5592 damna.-
736 5522 837 5593 aaut
854 5538 914 5577 vom
932 5520 1075 5577 saraae
1090 5522 1222 5592 numm
1238 5521 1286 5576 a:
1309 5511 1466 5576 saaca

1555 5624 1603 5681 16*
