4088 6292
994 584 1148 679 Q-

369 767 456 848 quod
479 768 630 833 medietas
653 770 747 835 villae
771 772 892 836 sufficet
921 772 996 837 salis
1017 794 1092 838 cum
1113 774 1305 839 utilitatibus
1327 776 1394 840 suis
1417 782 1449 840 et
1470 778 1624 842 medietas
1647 779 1767 842 molen-

367 871 517 935 diuorum
525 873 546 949 ¹)
577 878 609 937 et
631 875 783 939 medietas
806 876 918 940 Zereth
940 878 1049 940 comiti
1071 878 1214 957 Nycolac
1245 884 1278 942 et
1300 881 1367 944 suis
1390 881 1498 964 pueris
1520 881 1619 962 cedet
1652 888 1685 945 et
1707 882 1768 945 alia

367 976 520 1041 medietas
541 978 603 1040 iam
627 979 783 1044 dictarum
803 980 1014 1044 hereditatum
1029 981 1102 1046 filiis
1118 984 1242 1046 comitis
1257 984 1407 1048 Benuchs
1430 984 1565 1048 debetur
1579 985 1767 1050 hereditarie

367 1081 566 1163 possidenda,
589 1083 664 1146 item
687 1083 899 1167 Mungerochs
907 1086 930 1162 ¹)
952 1091 985 1149 et
1007 1085 1237 1151 Kelemenechs
1246 1087 1267 1163 ³)
1290 1087 1383 1151 villas
1391 1089 1413 1165 ¹)
1437 1108 1510 1151 cum
1533 1088 1682 1152 omnibus
1704 1090 1767 1153 uti-

367 1184 510 1248 litatibus
532 1186 599 1250 suis
614 1206 720 1251 eomes
736 1187 898 1269 Nycclaus
921 1187 960 1251 de
971 1187 1086 1251 Rcdna
1100 1194 1132 1253 et
1153 1192 1244 1272 pueri
1268 1192 1318 1254 sui
1340 1211 1405 1254 non
1421 1192 1539 1255 divisas
1555 1192 1611 1256 sed
1626 1193 1765 1275 integras
1801 1202 1818 1253 5

368 1289 437 1353 iure
460 1289 650 1354 hereditario
680 1291 878 1371 obtinebunt,
907 1300 1033 1375 praeter
1054 1299 1194 1358 montem
1217 1295 1393 1378 Pyppinch
1427 1296 1482 1378 qui
1514 1301 1563 1359 est
1591 1299 1769 1361 communis

369 1398 434 1456 tam
448 1394 572 1457 condas
584 1394 726 1476 Nycclac
739 1401 771 1458 et
782 1396 849 1459 suis
860 1398 970 1478 pueris
986 1416 1082 1478 quam
1095 1400 1189 1462 etiam
1200 1398 1274 1462 filiis
1288 1419 1346 1463 seu
1361 1400 1468 1481 pueris
1480 1400 1769 1483 comitisBanuchs,

368 1498 423 1561 tali
445 1499 627 1563 conditione
650 1496 781 1583 [tamen]
805 1500 935 1581 adiecta,
959 1501 1044 1584 qued
1068 1521 1174 1565 comes
1196 1502 1360 1584 Nyeclaus
1382 1523 1456 1567 cum
1479 1504 1546 1568 suis
1569 1505 1677 1587 pueris
1700 1505 1768 1569 sine

369 1602 534 1666 voluntate
557 1622 728 1686 puerorum
752 1604 859 1667 fratris
875 1605 926 1667 sui
941 1624 1000 1668 nec
1015 1606 1107 1689 pueri
1122 1606 1246 1669 comitis
1259 1606 1425 1670 Benedicti
1433 1606 1454 1684 ¹)
1466 1607 1587 1690 absque
1603 1608 1769 1673 voluntate

369 1707 492 1770 comitis
507 1707 641 1788 Nycclai
665 1714 697 1771 et
720 1728 852 1772 suorum
874 1727 1048 1793 puerorum
1070 1709 1114 1773 ibi
1123 1709 1144 1788 ¹)
1167 1715 1306 1773 castrum
1330 1710 1495 1775 aedificare
1504 1713 1526 1789 7)
1549 1711 1686 1777 debeant
1699 1713 1766 1776 ullc
1805 1719 1838 1773 10

369 1809 471 1872 modo.
493 1810 573 1874 Item
582 1812 604 1888 8)
633 1812 714 1874 silva
742 1812 777 1874 iu
799 1812 929 1876 Szereth
958 1812 1052 1877 debet
1080 1832 1150 1877 esse
1179 1815 1358 1878 communis
1386 1814 1607 1899 icbagionibus
1628 1818 1767 1900 partium

367 1918 587 1996 utrarumque,
617 1916 693 1979 item
723 1915 916 1993 Kentelulr)
946 1922 979 1980 et
1001 1917 1172 1980 Weizhcm
1182 1918 1218 1994 ¹⁰)
1247 1925 1279 1981 et
1301 1918 1532 2000 Mytteldori11)
1555 1921 1647 1984 villas
1670 1940 1768 2004 supra

369 2016 444 2079 dicti
465 2018 590 2082 comitis
604 2020 754 2083 Benuchs
776 2019 833 2083 filii
848 2021 917 2084 iure
932 2026 1086 2103 perpetuo
1102 2021 1310 2104 possidebunt
1325 2041 1398 2085 cum
1414 2022 1605 2089 utilitatibus
1619 2025 1768 2090 omnibus

372 2121 489 2184 exinde
511 2126 724 2206 proventuris
746 2125 822 2189 item
845 2123 1003 2188 hereditas
1018 2124 1132 2188 domus
1153 2126 1186 2187 in
1203 2125 1379 2207 Bysterche
1401 2127 1480 2191 sitae
1502 2129 1609 2192 comiti
1624 2129 1766 2210 Nycclao

371 2230 404 2288 et
426 2226 494 2289 suis
523 2227 631 2310 pueris
660 2229 764 2292 media
787 2234 818 2293 et
847 2229 909 2293 alia
930 2229 1083 2293 medietas
1105 2229 1246 2294 eiusdem
1277 2230 1391 2293 domus
1412 2232 1521 2314 pueris
1543 2231 1692 2295 Benuchs
1714 2251 1768 2295 cc·
1803 2239 1836 2293 15

369 2329 455 2393 mitis
484 2350 558 2394 cum
588 2332 700 2395 mediis
722 2333 931 2415 proventibus
954 2333 1048 2397 debet
1069 2333 1168 2397 libere
1194 2333 1347 2415 derivare,
1382 2333 1440 2396 hcc
1464 2340 1569 2398 tamen
1601 2334 1767 2417 declarato,

370 2434 456 2514 qued
478 2437 569 2517 pueri
592 2436 716 2499 comitis
731 2436 881 2500 Benuchs
904 2439 1037 2501 eandem
1060 2438 1189 2501 domum
1213 2458 1286 2501 cum
1309 2438 1502 2501 utilitatibus
1525 2437 1706 2501 derivandis
1729 2438 1769 2502 de

368 2537 437 2622 ipsa
459 2538 579 2603 tamdiu
603 2540 720 2605 debent
742 2540 864 2623 integre
887 2540 1017 2604 domum
1036 2560 1072 2603 ac
1094 2540 1206 2623 plenos
1220 2548 1397 2623 proventus
1419 2540 1590 2624 possidere,
1614 2542 1767 2622 quamdiu

368 2661 475 2705 cemes
497 2643 660 2724 chclaus
682 2643 835 2727 palatium
857 2645 890 2706 in
912 2644 1026 2707 Rcdna
1048 2643 1170 2707 obtinet
1193 2662 1257 2725 quo
1281 2650 1431 2708 moratur.
1454 2645 1534 2708 Item
1558 2645 1598 2709 de
1620 2644 1769 2709 omnibus

368 2746 595 2811 hereditatibus
628 2748 667 2812 de
700 2749 897 2831 aurifodinis,
930 2746 1170 2831 argentifodiuis
1200 2753 1233 2811 et
1266 2748 1336 2811 aliis
1371 2768 1453 2831 quae
1485 2748 1583 2831 vulgo
1617 2747 1768 2811 dicuntur
1803 2756 1839 2811 20

368 2850 502 2914 huthten
524 2871 561 2914 ac
575 2852 645 2915 aliis
660 2854 825 2935 mentium,
841 2853 975 2936 piscium
991 2852 1141 2935 capturis
1157 2851 1331 2915 feriuarum
1347 2852 1446 2915 luceis
1469 2852 1520 2916 vel
1536 2852 1769 2934 cuiuscumque

369 2953 562 3018 silvestrium
593 2975 725 3039 operum
755 2956 867 3020 usibus
897 2956 960 3019 iam
990 2955 1106 3019 habitis
1136 2956 1188 3020 vel
1218 2955 1372 3019 habendis
1400 2956 1435 3018 in
1464 2962 1627 3039 posterum
1662 2975 1769 3020 comes

368 3057 531 3138 Nycclaus
555 3064 586 3122 et
608 3061 658 3123 sui
681 3061 771 3143 pueri
791 3061 992 3124 medietatem
1008 3067 1040 3123 et
1062 3061 1154 3143 pueri
1177 3059 1302 3123 comitis
1315 3059 1466 3123 Benuchs
1488 3066 1610 3143 partem
1633 3061 1769 3124 mediam

368 3161 524 3244 reliquam
539 3163 657 3227 debent
671 3164 769 3227 libere
785 3170 817 3227 et
838 3163 967 3248 pacifice
983 3164 1152 3247 possidere.
1175 3163 1256 3226 Item
1279 3163 1318 3226 de
1341 3163 1568 3227 hereditatibus
1590 3164 1768 3228 incivitate

368 3264 482 3328 Rcdna
504 3267 572 3329 sitis
595 3267 714 3331 scilicet
736 3269 935 3332 mansionem
957 3268 1143 3352 supradicti
1167 3265 1274 3350 palatii
1298 3285 1362 3348 quo
1385 3267 1452 3349 ipse
1475 3287 1581 3331 comes
1604 3267 1768 3349 Nycelaus
1803 3275 1837 3329 25

369 3375 513 3433 moratur
534 3370 587 3434 vel
613 3371 745 3434 aliarum
769 3372 936 3435 domorum
958 3372 1163 3436 tabernarum
1188 3370 1345 3454 pistorum
1372 3371 1628 3435 molendinorum
1654 3372 1769 3436 macel-

369 3472 473 3535 lorum
496 3473 669 3537 calciticum
699 3474 883 3538 carnificum
906 3475 1125 3539 balneatorum
1150 3475 1404 3538 examinatorum
1427 3475 1479 3538 vel
1501 3476 1769 3540 huthelhcfforum

370 3576 420 3640 vel
437 3577 719 3660 qualiumcumque
735 3579 867 3643 aliarum
887 3580 1097 3643 hereditatum
1114 3584 1371 3643 constructorum
1394 3579 1445 3642 vel
1468 3579 1683 3643 desolatorum
1698 3599 1769 3661 pra-

370 3686 475 3744 torum
507 3701 656 3763 agrorum
680 3682 731 3747 vel
761 3683 914 3747 silvarum
944 3684 977 3745 in
1008 3683 1076 3766 ipsa
1105 3680 1233 3747 civitate
1257 3683 1370 3747 Rodna
1393 3683 1443 3747 vel
1467 3684 1551 3746 circa
1572 3684 1706 3747 sitarum
1735 3683 1769 3744 in

370 3785 518 3849 omnibus
540 3786 600 3849 hiis
623 3786 850 3851 hereditatibus
869 3806 974 3851 comes
989 3786 1153 3867 Nycclaus
1176 3793 1209 3851 et
1231 3788 1280 3851 sui
1299 3788 1391 3870 pueri
1406 3786 1606 3850 medietatem
1629 3793 1662 3850 et
1675 3787 1767 3869 pueri
1803 3793 1839 3846 30

369 3890 493 3953 comitis
509 3889 658 3954 Benuchs
681 3890 774 3953 aliam
796 3897 918 3974 partem
938 3891 1073 3954 mediam
1089 3890 1306 3956 reservabunt
1330 3890 1479 3954 Ceterum
1494 3894 1544 3953 est
1559 3889 1646 3970 quod
1661 3909 1769 3953 comes

368 3993 533 4076 Nycclaus
561 3998 593 4057 et
622 3994 673 4056 sui
695 3995 786 4076 pueri
809 3996 877 4058 sine
900 3995 1065 4075 voluntate
1088 4014 1260 4078 puerorum
1291 3995 1397 4058 fratris
1422 3994 1473 4057 sui
1496 4012 1589 4076 saepe
1612 3993 1688 4056 dicti
1711 4013 1770 4057 nec

369 4098 461 4180 pueri
483 4098 608 4161 comitis
623 4098 772 4161 Benuchs
795 4098 916 4180 absque
931 4118 1090 4163 consensu
1113 4099 1236 4162 cornihe
1251 4098 1386 4180 Nycclai
1401 4101 1433 4161 et
1448 4117 1580 4161 suorum
1595 4117 1769 4181 puerorum

369 4222 457 4265 nunc
479 4201 531 4266 vel
554 4221 707 4284 umquam
729 4202 919 4266 hereditates
949 4203 1072 4285 aliquas
1095 4203 1234 4267 audeant
1242 4202 1263 4281 ¹)
1287 4204 1320 4265 in
1343 4201 1459 4267 Rudna
1467 4200 1488 4280 ¹)
1511 4221 1694 4285 comparare
1717 4201 1768 4266 vel

369 4305 543 4390 aedificare,
566 4307 757 4370 hereditates
778 4326 855 4371 vere
878 4307 912 4369 in
931 4306 1024 4370 Bnda
1046 4307 1122 4370 sitas
1145 4314 1208 4371 tam
1228 4307 1334 4371 comiti
1350 4305 1492 4388 Nycolac
1516 4311 1548 4369 et
1570 4306 1637 4369 suis
1659 4305 1767 4388 pueris
1802 4309 1837 4363 35

369 4414 401 4472 et
422 4411 530 4493 pueris
552 4411 676 4474 comitis
691 4410 841 4474 Benuchs
864 4430 883 4473 a
904 4409 1202 4493 praedecessoribus
1224 4417 1435 4491 utrarumque
1456 4409 1595 4492 partium
1617 4409 1694 4491 ipsis
1714 4409 1768 4472 de-

369 4512 495 4578 rehctas
517 4519 549 4578 et
564 4515 627 4577 iam
641 4514 749 4596 aliqua
763 4513 899 4597 pecunia
922 4512 1075 4597 obhgatas
1097 4533 1203 4578 comes
1217 4513 1381 4595 Nycclaus
1403 4532 1463 4576 sua
1483 4513 1612 4596 propria
1633 4512 1770 4595 pecunia

526 4652 546 4716 ¹)
569 4650 723 4705 Verbessert
741 4666 808 4705 aaa:
826 4647 1042 4702 molendinarum.

524 4739 546 4801 ¹)
566 4737 704 4793 Gedndart
722 4736 767 4790 in:
785 4735 918 4790 Munaroa.

524 4826 546 4889 ⁸)
566 4824 705 4878 Gedndart
721 4825 767 4878 in:
785 4822 951 4878 Kelemenes.

524 4912 546 4975 ¹)
568 4909 724 4964 Verbeasert
742 4926 808 4964 aaa:
826 4908 896 4963 ville.

525 4999 546 5063 ¹)
566 4997 704 5050 Gedndert
721 4997 768 5049 in:
785 4995 883 5050 Benus.

526 5086 547 5149 ⁸)
570 5082 655 5136 Ueber
672 5083 721 5136 der
739 5082 814 5137 Zeila
832 5082 1040 5151 badvpetrapan.

525 5173 547 5235 l)
565 5169 705 5237 Hieratis:
719 5152 751 5239 ir,
770 5186 787 5220 n
805 5168 1049 5238 durcbpeatn'cben.

525 5259 546 5321 ¹)
564 5256 632 5308 ltem
650 5255 692 5309 bis
709 5254 919 5309 einedrliaaslirh
937 5260 1107 5323 utrarumque
1125 5255 1192 5308 dher
1209 5255 1258 5308 der
1276 5253 1351 5310 Zeita
1368 5253 1576 5323 muneraque.
1802 5253 1837 5307 45

524 5345 546 5410 ¹)
565 5342 704 5397 Gedndert
722 5359 788 5396 aus:
807 5341 910 5395 Keutel.

515 5430 547 5497 ¹¹)
570 5428 841 5499 Ueberpesobrieben:
859 5428 1014 5483 Scoizornm

515 5518 547 5585 ¹¹)
570 5513 839 5587 Umrpmbra‘cbea:
857 5513 1015 5584 Knreptolu.
