4084 6302
901 628 1057 724 ‚4⁹⁵-

279 819 455 900 distinetas,
469 817 613 903 partibus
624 818 766 883 adversis
777 818 811 881 in
824 818 916 883 dictis
931 818 1052 882 octavis
1067 817 1232 882 iudiciaria
1243 817 1431 882 auctoritate
1443 817 1679 901 committendo,

280 923 364 987 utin
381 923 460 987 faeie
470 922 491 1001 ¹)
507 922 663 986 dictarum
677 923 916 1006 possessionum
936 923 1148 1006 comparando
1164 922 1295 986 videant
1314 928 1346 985 et
1361 922 1535 1003 attendant,
1552 922 1679 987 tandem

280 1029 379 1091 totius
402 1028 475 1091 lacti
498 1027 621 1101 seriem,
651 1027 742 1109 signa
763 1033 795 1090 et
817 1026 887 1091 loca
909 1031 1066 1091 metarum
1088 1026 1253 1090 ambarum
1276 1027 1412 1109 partium
1437 1026 1621 1107 qualitatem
1643 1046 1680 1090 ac

281 1132 491 1214 quantitatem
514 1131 616 1195 dictae
640 1138 743 1195 terrae
757 1130 913 1213 litigiosae
928 1150 1002 1194 cnm
1017 1130 1164 1194 cursibus
1183 1136 1339 1194 metarum
1362 1130 1453 1193 robis
1475 1131 1681 1195 amicabiliter

228 1244 244 1295 5
280 1235 454 1301 rescribere
470 1234 665 1299 deberemus.
682 1235 749 1298 Nos
764 1236 848 1299 enim
865 1235 938 1299 licet
953 1235 1104 1298 continue
1120 1234 1303 1318 petitionem
1320 1240 1445 1298 restrae
1460 1235 1680 1319 generositatis

279 1340 417 1424 prompti
446 1338 601 1403 fuerimus
631 1346 664 1403 et
692 1341 792 1423 parati
815 1339 989 1420 admittere,
1019 1339 1226 1403 nihilominus
1259 1338 1408 1402 mandato
1439 1339 1526 1422 regio
1558 1338 1679 1402 obtem·

279 1452 427 1530 perantes
456 1444 551 1511 siuml
573 1443 734 1508 hominem
757 1442 1222 1526 nostrumfidcdignumpro
1246 1442 1521 1507 testimoniorum
1553 1443 1680 1506 homine

279 1570 339 1615 sno
362 1548 595 1613 harrsmisimus
617 1548 657 1610 ad
679 1567 717 1611 ea
731 1548 867 1611 fideliter
881 1547 1097 1629 exsequenda,
1120 1547 1255 1628 quaein
1278 1547 1345 1610 suis
1367 1546 1467 1610 literis
1489 1546 1681 1610 videbantur

280 1653 435 1718 contineri
466 1659 498 1716 et
521 1652 681 1734 quomodo
704 1653 918 1736 processerint
939 1652 972 1714 in
999 1651 1140 1735 praelata
1161 1650 1410 1715 reambulatione
1440 1651 1676 1734 possessionum

213 1764 245 1817 10
279 1759 313 1822 in
328 1757 429 1821 literis
443 1756 560 1819 nostms
576 1757 752 1820 secundum
775 1756 962 1820 relationem
984 1755 1159 1818 eorundem
1182 1756 1335 1818 emanatis
1355 1756 1431 1818 satis
1446 1755 1549 1818 edocti
1565 1755 1679 1835 fuistis,

279 1868 316 1926 ut
337 1861 559 1945 praemittitur,
582 1878 641 1923 nec
664 1861 823 1924 credimus
846 1859 1058 1924 necessarium
1082 1858 1271 1922 secundario
1294 1864 1439 1922 nostrum
1463 1858 1680 1921 testimonium

279 1966 319 2030 ad
341 1965 519 2049 praedictos
540 1983 710 2047 processus
739 1964 906 2028 destinare.
941 1963 1035 2027 Unde
1058 1967 1164 2026 vestra
1194 1961 1427 2044 magnificentia
1457 1962 1534 2025 velit
1564 1962 1680 2026 habere

280 2090 340 2135 nos
368 2074 539 2135 excusatos
569 2065 579 2149 [
736 2068 779 2152 Ρ)
809 2066 928 2131 Datum
958 2067 1038 2129 feria
1067 2067 1180 2148 quinta
1207 2066 1356 2149 proxima
1384 2073 1457 2130 ante
1490 2067 1681 2130 dominicam

281 2174 382 2255 Oculi,
404 2193 489 2237 auno
512 2172 633 2236 domini
651 2150 693 2235 ll.
711 2149 797 2235 cod.
817 2148 926 2235 XXX.
948 2176 1069 2235 octavo.

214 2318 245 2369 15
435 2312 509 2393 Aaf
533 2311 588 2375 der
611 2310 767 2373 Bitalaeitc
788 2310 936 2373 Aaron:
968 2310 1106 2373 Thomae
1139 2309 1294 2373 vairodae
1315 2309 1522 2373 Transiluano
1545 2330 1603 2393 pro
1627 2329 1681 2372 re-

281 2414 412 2478 nerabili
435 2417 467 2478 in
492 2415 617 2479 Christo
641 2422 730 2499 patre
754 2415 883 2477 domino
907 2414 1038 2477 Andrea
1060 2415 1207 2496 episcopo
1229 2413 1446 2477 lhansiluano.

936 2745 1031 2828 545.

356 2912 465 2982 1338
491 2908 598 3001 April
622 2913 682 2981 16.
716 2909 794 2981 Des
828 2908 1109 3000 Weiaoeabarper
1135 2908 1280 3001 Kapitcl
1305 2907 1497 2999 bepleabipt
1523 2909 1579 2980 die
1613 2907 1680 2979 Ur·

277 3031 390 3103 311181
417 3032 475 3103 dar
501 3031 635 3121 Kdaipa
661 3030 757 3101 Korl
782 3053 847 3103 noa
873 3033 981 3101 1330
1008 3030 1075 3102 Nr.
1106 3033 1191 3101 473
1227 3030 1291 3101 mit
1317 3031 1380 3101 der
1415 3027 1579 3101 Urhaade
1606 3030 1680 3101 dee·

210 3169 245 3222 20
278 3152 390 3224 selben
417 3152 578 3244 Rapina
613 3154 811 3223 1111328
848 3151 914 3223 Nr.
945 3154 971 3221 4
977 3155 1031 3239 81,
1069 3151 1306 3223 bericheatlich
1337 3152 1399 3222 der
1433 3149 1597 3223 Urbicadc
1623 3152 1683 3223 dea

281 3274 416 3365 Kdaipe
442 3271 537 3344 Korl
561 3295 627 3345 eoa
653 3275 762 3344 1328
789 3273 855 3344 Nr.
878 3275 960 3344 459
986 3273 1171 3363 betreffead
1196 3273 1252 3344 die
1278 3273 1342 3343 der
1367 3271 1684 3345 Hermcanstddter

280 3394 439 3487 Propstei
461 3395 621 3486 gehonica
649 3392 838 3485 Sabyrabe
863 3395 901 3465 ia
929 3392 1109 3485 Solabarp.

438 3558 515 3628 erip.
534 3558 614 3627 Perp.
628 3558 808 3612 Hennaeae
821 3557 932 3612 Archia.
952 3556 1048 3626 Siepel,
1066 3557 1174 3612 waiam
1191 3557 1300 3623 Woeba,
1318 3574 1357 3609 on
1375 3557 1467 3611 rother
1479 3558 1682 3613 Seideaecbaar

384 3644 548 3714 aapebdnyt,
566 3645 686 3698 deraelhe
705 3642 821 3712 Stampel
838 3643 889 3698 wie
906 3643 960 3697 Nr.
978 3648 1038 3699 216.

210 3766 244 3821 aa
437 3765 549 3819 mar.-
568 3765 654 3832 aare
674 3765 763 3819 eoae
786 3765 995 3832 11111119.

433 3940 615 4025 Capitulum
638 3940 790 4004 ecclesiae
804 3940 1047 4004 'lhanssiluanae
1070 3941 1217 4004 omnihus
1233 3942 1349 4005 Christi
1364 3941 1512 4006 fidelibus
1533 3960 1684 4026 praesens

281 4045 435 4129 scriptum
458 4044 652 4128 inspecturis
674 4044 810 4108 salntem
832 4045 865 4106 in
889 4045 1001 4108 salutis
1023 4044 1179 4127 largitore.
1202 4044 1356 4109 Mirabilis
1378 4045 1542 4128 dispositio
1565 4046 1684 4127 gratiae

281 4149 408 4212 divinae
432 4148 570 4212 defectui
592 4154 702 4212 nostro
725 4148 862 4231 gratiose
889 4149 1062 4232 providens
1084 4155 1224 4212 nostram
1251 4149 1509 4213 insufficientiam
1532 4154 1565 4213 et
1586 4149 1684 4212 animi

281 4252 439 4316 defectum
455 4252 650 4317 multimodis
665 4252 877 4315 remediorum
894 4252 1064 4336 generibus
1084 4254 1187 4316 voluit
1202 4273 1349 4337 reparare
1364 4259 1397 4317 et
1412 4258 1523 4316 contra
1538 4253 1683 4316 morbum

211 4367 246 4420 30
280 4357 477 4439 ignorantiae
500 4375 542 4419 ex
565 4355 659 4418 ruina
685 4356 778 4439 primi
801 4355 939 4419 hominis
961 4356 1054 4420 nobis
1075 4356 1232 4420 inflictum
1255 4358 1339 4421 circa
1368 4363 1486 4421 statum
1508 4358 1553 4421 rei
1577 4363 1684 4440 gestae

281 4460 499 4523 codicillorum
515 4465 548 4523 et
563 4460 791 4542 scripturarum
814 4461 991 4544 patrocinio
1017 4460 1179 4524 consuluit
1200 4462 1462 4543 succurrendum,
1486 4467 1519 4524 et
1539 4461 1611 4524 ideo
1634 4480 1684 4524 sa·

280 4564 382 4628 lubria
397 4569 446 4628 est
467 4564 662 4643 adinventio,
679 4570 715 4626 ut
736 4563 862 4627 habitae
882 4565 927 4627 roi
951 4565 1050 4629 series
1072 4566 1302 4649 scripturarum
1325 4565 1507 4628 testimonio
1523 4583 1684 4628 commen-

282 4668 383 4749 detur,
406 4687 448 4731 ne
470 4667 565 4731 simul
583 4687 657 4730 cnm
679 4667 765 4731 labili
781 4669 935 4731 memoria
956 4687 1008 4732 res
1023 4674 1112 4752 gesta
1126 4667 1278 4732 elabatur.
1300 4667 1385 4731 Hinc
1405 4672 1454 4730 est
1475 4668 1574 4749 igitur
1597 4667 1684 4749 quod

279 4770 319 4833 ad
349 4771 574 4834 universorum
606 4772 749 4835 notham
781 4778 846 4835 tam
874 4774 1089 4855 praesentium
1121 4792 1217 4854 quarn
1247 4772 1431 4835 futurorum
1460 4772 1573 4834 harum
1603 4771 1684 4834 serie

210 4885 244 4938 35
280 4874 430 4938 volumus
452 4873 629 4957 pervenire,
661 4876 748 4957 quod
770 4877 926 4940 discretus
955 4877 1006 4940 vir
1028 4877 1177 4940 dominns
1201 4876 1336 4939 Thomas
1366 4877 1566 4960 praepositus
1588 4874 1684 4956 Cybi-

280 4979 399 5042 nicnsis
422 4978 658 5041 concanonicus
688 4985 796 5042 noster
819 4980 858 5042 ad
888 4988 1031 5045 noemam
1053 4981 1207 5044 accedens
1237 4981 1448 5063 praesentiam
1477 4980 1631 5063 produxit
1653 4985 1685 5043 et

279 5083 426 5149 exhibuit
455 5101 562 5145 coram
594 5080 687 5143 nobis
718 5082 878 5163 quoddam
908 5085 1111 5168 privilegium
1145 5085 1265 5148 domini
1294 5083 1403 5148 Karoli
1437 5083 1571 5148 illustris
1600 5084 1684 5166 regis

279 5187 464 5271 Hungariae
487 5184 608 5248 domini
631 5185 731 5247 nostri
755 5205 852 5269 super
873 5187 956 5250 facto
975 5188 1142 5251 cuiusdam
1164 5187 1351 5251 salifodinae
1372 5187 1405 5250 in
1421 5187 1578 5251 Wizalrna
1599 5188 1685 5253 exis·

279 5292 376 5357 tende
399 5290 440 5355 ad
461 5289 715 5375 praeposituram
731 5288 958 5369 Gyhiniensem
973 5291 1162 5374 pertinentis
1181 5292 1371 5375 conlectum,
1393 5297 1505 5376 petens
1527 5312 1588 5356 nos
1610 5312 1684 5357 eum

208 5435 245 5487 40
438 5440 459 5507 ¹)
482 5439 692 5512 Verheaaeraap.

434 5528 636 5597 0111111115
657 5528 818 5585 comitarier
837 5529 915 5586 orat.
