4064 6288
930 569 1085 663 Q

308 754 447 858 penitus
474 754 646 835 derelictis
673 763 772 834 nobis
799 762 959 835 exhibere
985 757 1055 835 non
1081 758 1222 859 expavit
1256 768 1289 835 et
1315 763 1359 835 ad
1385 767 1539 835 castrum
1564 760 1705 834 Folrcte-

309 884 401 956 holm
430 884 536 980 vulgo
563 890 801 979 nuncupatum
828 884 1006 956 nobiscum
1039 884 1186 957 intravit
1211 884 1327 978 ibique
1353 882 1451 955 nobis
1477 905 1606 979 genera
1632 905 1704 955 scr-

309 1003 471 1076 vitiorum
509 1005 649 1077 diversa
684 1005 727 1076 aul
764 988 937 1076 nostrum
959 1006 1160 1077 mandatum
1194 1004 1352 1079 exhibuit
1388 1003 1504 1076 animo
1539 1002 1647 1076 hilari
1673 1010 1706 1075 et

309 1125 457 1197 iucundo
484 1133 662 1220 tamquam
691 1125 828 1197 domino
856 1149 919 1198 suo
937 1125 1101 1198 naturali.
1132 1125 1219 1198 Item
1245 1126 1355 1219 primo
1382 1124 1435 1196 die
1461 1124 1598 1219 quando
1617 1123 1704 1197 (lon-

256 1266 273 1317 o
308 1247 433 1318 rarum
460 1246 558 1318 filius
575 1246 714 1340 Kemyn
743 1247 922 1342 adportas
949 1246 1056 1319 castri
1083 1245 1261 1319 memorati
1283 1267 1391 1318 manu
1418 1251 1554 1317 armata
1573 1244 1704 1317 auxilio

307 1373 490 1462 parentum
527 1374 723 1440 nostrorum
758 1365 973 1459 accessisset,
1008 1366 1203 1461 praedictus
1230 1366 1345 1439 banus
1380 1388 1460 1439 cum
1486 1365 1599 1439 eodem
1625 1365 1706 1439 forti

308 1510 417 1560 mauu
443 1487 660 1560 concertavit

387 1588 513 1680 Datum
550 1631 611 1704 per
636 1631 765 1681 manus
801 1607 963 1704 magistri
989 1607 1085 1679 Petri
1120 1607 1235 1679 dilecti
1266 1614 1299 1680 et
1324 1607 1439 1681 fidelis
1465 1607 1577 1682 nostri
1604 1607 1706 1681 arulae

307 1736 446 1802 nostrae
464 1729 748 1823 vicecancellarii,
765 1752 857 1802 auno
876 1728 919 1801 ab
937 1728 1190 1801 incarnationis
1208 1728 1338 1800 domini
1352 1729 1705 1803 M⁰oo⁰12x⁰0eavu

239 1878 273 1931 10
465 1877 577 1931 Daret:
607 1877 716 1932 Weoaol
742 1876 806 1931 God.
828 1876 936 1944 Arpod.
959 1875 1047 1941 VIII,
1073 1880 1124 1930 196
1146 1876 1218 1929 nuel»
1240 1878 1289 1931 der
1312 1877 1636 1947 Beatttto'poapaarlcaude
1658 1881 1706 1935 des

412 1963 522 2034 Kouips
540 1964 659 2033 Iacclwr'p
677 1964 703 2016 I.
721 1978 774 2017 oca
793 1967 868 2029 1365,
893 1964 1057 2032 alpedrocltt
1079 1979 1133 2017 oon
1155 1963 1295 2017 Waltluerr
1311 1962 1344 2016 in
1361 1962 1485 2033 Moqyor
1502 1965 1603 2020 tudere.
1622 1967 1705 2021 olcad.

412 2048 555 2119 tolomei
578 2048 628 2116 VI,
646 2052 706 2105 430.
724 2078 758 2089 -
777 2048 863 2116 Feror
884 2048 973 2106 occec
991 2048 1046 2117 IV,
1064 2052 1090 2117 3,
1107 2051 1167 2104 465.
1191 2049 1375 2104 Dcooouaicoc
1392 2050 1636 2108 Demaenetus.

963 2329 1052 2411 122.

384 2496 501 2564 1268.
531 2491 683 2583 Stephon
705 2492 822 2562 iunior
844 2514 906 2563 rec
931 2492 1024 2563 odelt
1050 2492 1106 2562 die
1123 2491 1337 2564 Dieastteutc
1363 2493 1423 2564 dec
1445 2492 1563 2565 Cernes
1580 2493 1707 2566 Petras

236 2628 270 2680 15
306 2636 371 2686 voc
401 2613 538 2701 Gomor,
566 2614 686 2685 Pecto
712 2613 786 2684 aad
802 2612 989 2683 Barnabas
1008 2613 1080 2701 fitr
1105 2614 1180 2685 clue
1206 2619 1325 2684 trecen
1343 2612 1486 2685 Dimoto
1512 2613 1707 2708 specialiter

306 2738 454 2828 tempore
480 2733 728 2828 persecutionis
765 2739 903 2804 nostrae
939 2739 972 2803 et
998 2731 1167 2825 miseriae,
1202 2732 1338 2827 quando
1364 2731 1522 2805 videlieet
1556 2733 1644 2807 dura
1674 2742 1708 2808 et

306 2853 455 2926 crudelis
490 2861 524 2925 et
557 2853 691 2926 iniusta
724 2853 913 2948 persecutio
948 2858 1130 2948 parentum
1164 2860 1359 2926 nostrorum
1392 2852 1432 2925 dc
1457 2876 1563 2949 regno
1588 2861 1707 2928 nostru

305 2979 404 3046 extra
429 2974 594 3047 terminos
620 2974 720 3070 regni
755 2974 866 3046 nostri
893 2973 934 3045 ad
963 2980 1116 3046 castrum
1142 2971 1442 3045 Felvethevvhalom
1468 2973 1620 3070 fugando
1646 2975 1703 3047 in-

305 3101 397 3167 trare
427 3095 623 3187 coarctavit,
653 3095 790 3167 tandem
825 3101 902 3190 post
934 3095 1064 3166 exitum
1092 3093 1206 3188 ipsius
1232 3093 1340 3165 castri
1365 3092 1557 3167 Iaurcnoio
1584 3095 1705 3168 adver·

235 3230 273 3284 20
308 3216 400 3289 sario
437 3222 552 3289 nostro
587 3216 729 3310 capitali
764 3225 861 3310 capto
895 3222 928 3287 et
962 3215 1142 3288 convineto
1176 3214 1280 3287 iidem
1306 3213 1428 3288 Pouka
1462 3222 1495 3289 et
1521 3213 1706 3291 Barnabas

306 3359 457 3408 unacum
485 3337 621 3408 domino
647 3337 800 3432 ipsorum
820 3336 920 3409 Petro
946 3335 1067 3409 cornito
1087 3335 1243 3409 videlicet
1268 3335 1341 3408 filio
1359 3335 1458 3410 Elias
1485 3343 1565 3410 aute
1587 3359 1705 3412 omnes

307 3457 395 3529 alios
412 3457 522 3529 uobis
549 3465 769 3530 occurrerunt
805 3458 847 3530 ad
884 3480 983 3529 omno
1009 3457 1211 3530 mandatum
1244 3464 1277 3529 et
1303 3464 1521 3554 praeceptum
1548 3465 1706 3531 nostrum

308 3601 346 3649 se
374 3577 451 3649 sine
478 3577 737 3650 intermissione
766 3579 1015 3671 submittentes
1050 3577 1153 3651 donec
1189 3579 1232 3652 ad
1268 3577 1365 3675 pacis
1396 3602 1475 3651 cum
1502 3579 1706 3675 parentibus

306 3698 439 3770 nostris
467 3698 727 3771 devenissemus
754 3699 925 3772 unionem.

235 3834 271 3887 25
385 3818 513 3891 Datum
550 3843 609 3915 per
645 3844 773 3892 manus
809 3819 971 3916 magistri
997 3820 1092 3893 Petri
1118 3820 1233 3893 dilecti
1259 3825 1293 3892 et
1317 3820 1431 3892 fidelis
1465 3821 1577 3894 nostri
1603 3822 1707 3896 aulae

309 3949 446 4012 nostrae
472 3940 756 4033 vicecancellarii,
783 3963 874 4012 anno
900 3940 1030 4015 domini
1056 3940 1272 4014 M⁰CC⁰LX⁰
1297 3946 1424 4015 octavo.

461 4086 573 4141 Druck:
597 4087 706 4141 Wenrel
726 4088 791 4143 Occi.
809 4088 917 4156 Arpud.
941 4087 1029 4154 VIII,
1052 4092 1106 4143 200
1129 4088 1200 4142 auco
1220 4089 1269 4142 der
1286 4090 1640 4161 Bcpluolo'poapsurlcaadc
1657 4092 1705 4147 dea

409 4174 532 4227 Erlcuer
550 4173 678 4241 Kopitelo
695 4190 748 4228 ocu
767 4178 843 4241 1340,
865 4173 940 4244 Θήρ.
964 4173 1069 4242 Uupar.
1088 4175 1297 4230 Laudesorcltio
1315 4176 1468 4244 Budcpcot.

963 4433 1052 4517 123.

235 4613 272 4665 so
384 4603 501 4669 1268.
539 4598 692 4691 Steptca
718 4599 835 4670 iratior
861 4621 923 4670 rec
957 4599 1080 4669 aimmt
1106 4598 1172 4670 dea
1199 4598 1434 4691 Eiseaborper
1464 4600 1708 4692 lacrymarer

307 4718 497 4790 Marcellos
523 4742 637 4809 wepeu
658 4721 771 4791 smper
788 4718 941 4804 Dieaste,
969 4720 1090 4790 wckte
1117 4743 1156 4791 cr
1183 4718 1377 4814 specialiter
1402 4719 1441 4792 in
1460 4719 1584 4793 Gracia
1610 4720 1707 4794 etin

308 4838 551 4911 Felreteuholm
579 4847 612 4913 et
637 4840 739 4912 ctiam
769 4839 807 4910 iu
832 4838 1007 4935 llsuasag,
1033 4863 1112 4912 cum
1139 4840 1335 4913 conflictum
1362 4863 1440 4913 cum
1467 4840 1618 4914 Henrico
1644 4865 1706 4936 pa-

306 4959 415 5031 latino
441 4967 474 5032 et
499 4983 576 5033 cum
605 4961 699 5032 omni
726 4960 878 5032 exercitu
914 4960 1024 5054 patris
1051 4961 1162 5034 nostri
1188 4961 1444 5055 habuissemus,
1481 4962 1547 5034 sub
1573 4960 1707 5035 vexillo

308 5080 446 5153 Nicolai
473 5082 639 5155 vaivodae
665 5068 901 5173 lransiluani,
936 5081 1069 5153 comitis
1101 5082 1142 5153 de
1168 5081 1290 5154 Zouuk
1316 5081 1430 5156 fidelis
1457 5081 1578 5177 nostri,
1613 5083 1705 5155 dem

236 5219 272 5271 35
307 5202 418 5274 selben
445 5205 606 5275 cretam
632 5204 735 5292 tutte,
763 5213 866 5277 auter
892 5204 948 5276 dte
975 5204 1163 5277 servientes
1190 5203 1323 5277 nobiles
1350 5206 1424 5293 eof.

383 5321 512 5395 Datum
547 5346 609 5418 por
644 5346 770 5397 uranus
796 5325 892 5397 Petri
927 5325 1029 5398 aulae
1066 5330 1203 5398 nostrae
1230 5322 1503 5399 vicecancellarii
1529 5322 1644 5398 dilecti
1671 5332 1705 5399 et

306 5442 419 5516 fidelis
446 5445 567 5538 nostri,
598 5468 689 5519 auno
715 5446 846 5518 domiui
871 5436 1135 5520 MGCLXVIIL
