4086 6300
930 581 1085 677 Q

306 777 423 844 nostro
450 772 614 865 custodia,
644 773 810 868 quamdiu
838 773 877 845 in
905 774 1087 870 praedictis
1115 775 1272 871 partibus
1298 775 1544 849 Transilvanis
1571 801 1704 850 moram

306 892 492 986 traximus
517 893 749 986 misissemus,
775 895 952 989 praefatus
970 895 1114 988 Phynta
1140 903 1337 969 consuetam
1365 896 1565 971 fidelitatem
1591 898 1703 972 fideli·

307 1013 369 1085 tati
397 1013 605 1086 continuans
631 1020 753 1110 gratas
780 1023 813 1088 et
839 1023 996 1112 acceptas
1023 1017 1148 1090 ibidem
1177 1017 1275 1090 nobis
1301 1018 1469 1113 impendit
1501 1018 1704 1093 famulatus,

461 1177 646 1232 Bmchstdck:
673 1179 758 1249 Nagy
784 1179 849 1235 eoa.
873 1180 1081 1251 Andecavenais
1106 1181 1150 1249 II,
1179 1186 1229 1237 155
1254 1182 1324 1236 aedi
1348 1182 1408 1236 dem
1434 1181 1511 1254 osec.
1529 1183 1632 1239 Ardtio
1654 1185 1704 1240 der

254 1266 270 1319 5
409 1263 523 1318 Barcae
540 1265 700 1335 Majthdayi
716 1282 753 1320 au
769 1266 877 1321 Noodla

959 1614 1054 1698 428.

383 1797 498 1865 1324.
527 1795 644 1886 Kdnip
660 1796 757 1867 Karl
772 1795 972 1888 dccuftrupt
990 1797 1054 1869 das
1079 1795 1360 1889 Weisseabarpcr
1376 1799 1530 1891 Kapited,
1550 1798 1706 1873 Michael

304 1915 378 1986 aad
407 1914 579 1988 Geaomcn
604 1917 643 1988 in
669 1917 735 1989 dea
760 1917 880 1990 Recita
904 1941 969 1990 ooo
996 1916 1236 1992 Saeahrmrtoa
1262 1919 1500 2009 aaaufictrca.

460 2079 618 2149 nonasp:
636 2080 760 2151 amaa
777 2080 900 2151 nana
918 2081 945 2150 ι,
962 2084 1015 2136 aar
1033 2081 1101 2136 aaa
1119 2081 1235 2151 nepam
1252 2082 1302 2137 aar
1321 2082 1420 2153 meae.

238 2261 270 2314 ιο
459 2254 599 2320 Karalus
628 2256 680 2319 dei
708 2258 810 2340 gratia
839 2276 898 2321 rex
920 2256 1105 2341 Hungariae
1126 2256 1274 2322 fidelibus
1303 2258 1371 2323 suis
1392 2258 1530 2343 capitulo
1554 2259 1704 2324 ecclesiae

304 2357 388 2422 beati
402 2356 565 2424 Michaelis
576 2359 756 2444 archangeli
766 2360 1004 2442 Transylvanae
1021 2360 1156 2424 salutem
1179 2368 1211 2426 et
1225 2361 1366 2445 gratiam.
1389 2361 1551 2427 Noverih's
1567 2363 1704 2445 qualiter

303 2463 568 2546 praesentissime,
598 2463 676 2527 dum
696 2463 831 2527 Thomas
862 2464 998 2527 vaivoda
1019 2464 1259 2546 Transylvanus
1289 2472 1321 2530 et
1347 2485 1453 2530 comes
1475 2466 1515 2531 de
1537 2467 1650 2530 Zonulr
1672 2473 1704 2532 et

305 2567 344 2631 de
359 2566 494 2649 Cybinic
518 2572 626 2631 nostro
650 2585 692 2631 ex
713 2574 881 2651 praecepto
904 2587 1065 2631 unacum
1087 2569 1179 2651 regni
1201 2569 1362 2634 nobilibus
1384 2590 1421 2633 ao
1443 2570 1513 2633 aliis
1535 2570 1704 2652 regnicolis

302 2671 401 2754 partis
422 2670 647 2735 lhansilvanae
677 2675 710 2735 et
738 2670 828 2753 regni
859 2670 960 2734 nostri
982 2669 1166 2754 Hungariae
1194 2678 1306 2737 contra
1333 2672 1476 2738 aemulos
1506 2678 1538 2737 et
1559 2673 1704 2739 infideles

235 2782 268 2834 15
304 2774 409 2857 regiae
437 2779 565 2839 nostrae
594 2774 792 2839 celsitudinis
820 2794 857 2838 ao
886 2774 976 2857 regni
1004 2776 1103 2857 partis
1132 2775 1357 2842 Transilvanae
1391 2780 1529 2840 castrum
1563 2775 1704 2840 Knhclm

302 2877 476 2959 infestaret,
498 2877 664 2942 Ladislaus
685 2876 771 2940 filius
794 2875 946 2959 Stephani
968 2876 1043 2939 dicti
1066 2876 1170 2942 Lebee
1193 2879 1233 2943 de
1255 2885 1364 2943 sancto
1387 2879 1525 2943 Martino
1547 2900 1703 2945 unacum

303 2980 463 3066 Stephano
494 2981 533 3046 de
555 2981 662 3064 Mahid,
683 2980 809 3045 Joanne
837 2978 904 3042 filio
926 2979 1030 3063 Egidii
1061 2980 1100 3044 de
1122 2980 1269 3064 Kerochy
1297 2989 1331 3048 et
1359 2983 1459 3048 altero
1481 2984 1608 3047 Joanne
1636 2982 1702 3048 filio

302 3085 425 3149 Nicolai
448 3085 488 3148 de
509 3084 647 3149 Veselen
678 3090 711 3149 et
740 3084 810 3148 aliis
833 3103 929 3165 quam
951 3084 1105 3168 plurimis,
1136 3105 1273 3168 qnorum
1300 3092 1422 3169 gratam
1444 3087 1615 3152 recolimus
1637 3106 1703 3153 me·

302 3189 444 3272 moriam,
467 3195 500 3253 et
522 3190 578 3270 qui
600 3188 693 3252 nobis
716 3193 748 3252 et
770 3206 869 3271 regno
894 3192 1004 3251 nostro
1028 3188 1068 3252 ad
1090 3188 1277 3254 effusionem
1301 3209 1404 3272 nsque
1431 3191 1596 3274 sanguinis
1618 3211 1704 3256 com·

235 3301 270 3354 20
304 3293 428 3378 placere
459 3293 661 3375 studuerunt,
691 3292 796 3356 carnis
830 3292 964 3374 ingressi
998 3297 1075 3356 sunt
1096 3292 1318 3377 corruptelam.
1363 3293 1444 3357 Cum
1478 3301 1586 3360 autem
1618 3296 1702 3379 regis

301 3397 456 3481 imprimis
487 3397 597 3461 deceat
625 3396 856 3478 celsitudinem,
886 3396 998 3459 ineos
1027 3395 1221 3479 profundere
1243 3396 1471 3462 beneficentiae
1494 3398 1611 3481 alveos,
1647 3399 1703 3480 qui

302 3502 407 3585 regiae
437 3498 618 3564 eelsitudini
646 3499 757 3563 fideles
786 3519 911 3583 semper
938 3518 972 3563 se
995 3499 1214 3583 ostenderunt,
1248 3500 1322 3564 hinc
1344 3521 1418 3564 curn
1440 3502 1508 3585 ipse
1536 3500 1703 3567 ladislaus

300 3603 387 3668 filius
409 3603 560 3687 Stephani
582 3603 686 3668 Lebee
714 3604 947 3688 possessionem
976 3623 1067 3667 suam
1097 3609 1242 3667 sanctum
1265 3603 1437 3667 Martinum
1460 3604 1613 3669 fratribus
1635 3604 1703 3669 suis

301 3707 447 3772 Michaeli
469 3706 535 3771 filio
557 3707 655 3787 Petri,
677 3706 778 3771 Paulo
801 3707 890 3771 tratri
913 3706 1056 3770 eiusdem
1078 3706 1250 3789 Michaelis,
1271 3707 1394 3791 Tumpa
1414 3706 1479 3772 fflio
1502 3707 1623 3792 Impur,
1646 3708 1703 3791 qui

233 3817 267 3871 25
302 3813 395 3876 nobis
416 3812 451 3875 in
473 3812 584 3876 eodem
607 3811 751 3875 exercitu
776 3811 954 3895 specialiter
976 3811 1198 3893 adhaeserimt,
1224 3811 1382 3875 commisit
1403 3810 1523 3876 eisdem
1545 3815 1700 3894 perpetuo

301 3921 333 3979 et
360 3915 610 3980 irrevocabiliter
643 3915 677 3977 in
709 3913 792 3977 filios
824 3913 962 3979 filiorum
996 3915 1229 3999 possidendam,
1262 3917 1432 3979 tenendam
1462 3919 1495 3978 et
1524 3914 1701 3979 habendam

301 4025 463 4102 tamquam
481 4040 571 4084 snam
587 4019 818 4100 hereditariam,
839 4017 983 4082 fidehtati
999 4024 1124 4083 vestrae
1145 4018 1278 4082 firmiter
1299 4018 1512 4102 praecipimus
1533 4037 1591 4102 per
1608 4038 1699 4102 pras·

302 4129 417 4206 sentes,
440 4129 599 4205 quatenus
622 4142 695 4187 cum
712 4123 861 4205 magistro
876 4121 997 4186 Jacobc
1013 4124 1137 4186 notario
1160 4128 1270 4187 nostro
1286 4121 1415 4206 speciali
1437 4126 1557 4186 etcum
1573 4122 1701 4187 homine

300 4228 437 4293 Thomas
458 4227 613 4291 vaivodae
627 4226 839 4308 'lhansylvani
861 4230 1005 4289 vestrum
1027 4226 1187 4290 hominem
1207 4246 1265 4310 prc
1287 4226 1469 4291 testimonio
1491 4223 1554 4289 fide
1569 4225 1702 4309 dignum

231 4336 267 4389 30
301 4332 442 4413 mittatis,
472 4350 579 4394 coram
602 4350 666 4413 quo
689 4331 773 4394 idem
796 4330 890 4393 homo
913 4335 1022 4394 noster
1044 4334 1077 4392 et
1106 4329 1200 4393 homo
1224 4330 1367 4394 eiusdem
1389 4329 1544 4393 vaivcdae
1566 4328 1607 4392 ad
1628 4348 1702 4413 pos·

300 4435 473 4500 sessionem
503 4441 648 4498 sanctum
671 4434 845 4498 Martinam
875 4432 1061 4497 accedentes
1091 4434 1340 4515 convocatisque
1369 4434 1483 4497 vicinis
1509 4438 1542 4497 et
1564 4451 1702 4497 comme·

301 4539 402 4603 tanais
424 4539 567 4603 eiusdem
589 4537 759 4622 praedietis
773 4536 920 4599 Michaeli
940 4535 1007 4599 filio
1022 4537 1119 4619 Petri,
1141 4537 1242 4601 Paulo
1258 4537 1348 4601 fratri
1370 4536 1513 4602 eiusdem
1527 4534 1700 4620 Michaehs,

299 4641 421 4726 Tumm
448 4640 514 4706 filio
544 4641 656 4727 hnpnr
685 4640 890 4705 introducant
920 4647 953 4704 et
980 4647 1123 4704 statuant
1154 4641 1256 4725 ipsam
1290 4640 1523 4726 possessionem
1553 4646 1699 4705 sanctum

300 4745 475 4809 Martinam
496 4752 650 4830 perpetuo
666 4743 898 4830 possidendam,
922 4744 948 4807 si
972 4764 1036 4807 non
1060 4745 1157 4808 tuerit
1178 4745 1419 4808 contradictum.
1442 4742 1699 4808 contradictores

231 4854 265 4907 35
301 4854 408 4914 autem
430 4855 542 4913 contra
563 4850 696 4914 eandem
719 4849 759 4912 ad
781 4852 924 4912 nostram
946 4848 1046 4912 citent
1066 4848 1278 4932 praesentiam
1301 4897 1307 4910 .
1429 4845 1547 4911 Datum
1570 4896 1699 4911 .....

301 4972 385 5016 anno
408 4952 529 5017 domini
551 4952 718 5018 miMesimo
740 4952 963 5016 uecentasimo
985 4951 1139 5035 vigesimo
1164 4956 1286 5033 quarto.
