4088 6292
919 614 1074 709 339-

448 802 517 867 Nos
546 803 645 867 frater
666 801 847 887 Stephanus
875 804 963 887 prior
985 810 1017 868 et
1038 804 1136 868 frater
1157 804 1274 869 Pet-us
1295 804 1395 869 lector
1418 806 1538 869 ordinis
1560 805 1695 869 fratrum

295 905 531 971 Heremitarum
564 907 666 972 sancti
687 906 862 990 Augustini
892 908 932 972 de
954 913 1117 972 conventu
1139 907 1274 972 Albensi
1294 908 1520 972 Traussiluano
1543 914 1695 990 totusque

226 1092 231 1101 .
295 1016 474 1075 conventus
502 1011 565 1075 loci
593 1012 737 1075 eiusdem
766 1011 981 1094 praesentium
1011 1031 1068 1096 per
1090 1018 1234 1075 tenorem
1256 1011 1472 1095 significamus
1498 1012 1615 1094 quibus
1637 1031 1695 1076 ex·

296 1112 384 1196 pedit
405 1114 574 1197 universis,
598 1115 685 1196 quod
700 1114 875 1198 capitulum
897 1114 1048 1179 ecclesiae
1062 1114 1306 1179 Transsiluanae
1329 1135 1387 1199 per
1401 1116 1573 1181 discretum
1589 1118 1695 1180 virum

245 1225 262 1277 ὁ
298 1217 485 1300 magistrum
505 1218 718 1282 Benedictum
747 1218 1005 1282 archidiaconum
1034 1219 1074 1282 de
1097 1218 1165 1282 Ozd
1195 1220 1383 1283 canonicum
1409 1219 1561 1284 ecclesiae
1581 1220 1695 1283 Trans·

296 1319 439 1385 uluanae
472 1321 616 1386 exhiberi
650 1322 726 1385 fecit
757 1327 903 1405 patentes
938 1322 1048 1386 literas
1080 1322 1272 1387 venerabilis
1304 1324 1403 1407 patris
1436 1323 1523 1388 Petri
1556 1323 1696 1407 episcopi

294 1422 511 1487 Transsiluani
539 1429 653 1508 petens
681 1444 741 1488 nos
770 1444 828 1509 per
853 1426 992 1490 eundem
1014 1446 1088 1490 cnm
1115 1428 1277 1509 instantia,
1306 1432 1344 1491 ut
1372 1447 1446 1491 cum
1475 1427 1560 1510 ipsas
1586 1426 1696 1490 literas

297 1532 427 1610 propter
440 1528 588 1611 impacati
610 1530 763 1612 temporis
779 1529 964 1610 qualitatem
979 1530 1171 1611 viarumque
1186 1530 1369 1593 discrimina
1383 1548 1495 1594 eorum
1509 1535 1697 1614 procurator

297 1636 329 1694 ct
350 1631 504 1712 syndicus
519 1650 627 1695 secum
649 1637 777 1715 portare
799 1633 851 1696 vel
871 1632 995 1697 deferre
1018 1652 1083 1696 non
1098 1639 1317 1717 praesumeret
1338 1633 1378 1696 ad
1400 1633 1471 1698 loca
1492 1634 1547 1697 ubi
1569 1633 1696 1698 easdem

229 1741 263 1795 10
299 1753 380 1817 opus
401 1741 486 1798 esset
514 1735 666 1817 exhiberi,
696 1735 880 1800 transscribi
910 1736 1086 1801 taceremus
1109 1743 1142 1801 et
1163 1737 1265 1821 sigillo
1297 1743 1475 1802 conventus
1497 1738 1696 1801 communiri.

297 1836 439 1914 Quarum
463 1839 591 1921 quidem
614 1839 778 1903 literarum
800 1845 893 1904 tenor
914 1840 986 1904 talis
1015 1842 1071 1905 est
1110 1841 1215 1926 (Fotyt
1235 1842 1285 1905 die
1314 1840 1462 1907 Urkuade
1484 1841 1535 1904 das
1557 1839 1697 1922 Btscbofa

296 1940 407 2006 Petras
426 1963 484 2007 von
505 1943 593 2006 1303
615 1941 672 2007 Nr.
698 1943 791 2024 298.)
824 1943 891 2008 Nos
912 1943 1010 2026 igitur
1031 1945 1124 2008 iustis
1146 1946 1355 2028 petitionibus
1377 1965 1489 2009 eorum
1511 1965 1576 2008 non
1600 1945 1696 2009 dene·

297 2053 407 2130 gantas
430 2066 596 2112 assensum
619 2048 704 2130 ipsas
734 2047 843 2112 literas
865 2067 931 2111 non
960 2047 1159 2129 cancellatas,
1181 2067 1247 2111 non
1269 2067 1358 2112 rasas
1380 2068 1441 2114 nec
1461 2051 1494 2112 in
1518 2049 1626 2131 aiiqna
1645 2049 1697 2113 sui

295 2156 385 2235 parte
408 2153 536 2217 vitiatas
565 2152 605 2216 de
634 2152 733 2216 verbo
767 2152 808 2215 ad
837 2151 970 2215 verbum
1002 2152 1223 2235 praesentibus
1251 2151 1350 2216 inseri
1379 2153 1513 2217 fecimus
1539 2158 1573 2217 et
1594 2150 1696 2235 sigillo

229 2262 262 2315 15
298 2261 478 2320 conventus
507 2256 609 2320 nostri
638 2256 790 2320 roborari.
826 2253 947 2319 Dabam
976 2256 1118 2319 secunda
1137 2256 1217 2319 feria
1237 2256 1384 2340 proxima
1411 2261 1485 2339 post
1506 2254 1697 2318 dominicam

296 2356 455 2423 advenas
477 2358 605 2440 nomm,
628 2378 712 2422 anno
735 2359 856 2423 oomni
877 2336 918 2423 ri.
942 2336 1042 2423 ddd.
1066 2364 1187 2424 octavo.

954 2703 1047 2790 314.

372 2864 469 2957 vOsca
494 2870 600 2939 1309
616 2868 761 2940 Joauor
790 2873 817 2941 8
843 2870 894 2942 bos
910 2870 990 2942 Jub'
1011 2874 1045 2943 3.
1073 2872 1217 2945 Pr03css
1233 2873 1398 2945 abactas
1423 2872 1499 2943 dem
1525 2868 1695 2943 Weissen-

297 2989 423 3081 barper
447 2988 594 3080 Kopitel
617 2990 692 3059 wad
716 2991 851 3082 eiaipca
877 2993 1090 3065 sachsischen
1116 2993 1331 3081 Dekonatea
1355 2993 1500 3085 ycfdbrt
1524 3014 1587 3065 vor
1612 2990 1695 3061 Pat-

226 3125 263 3180 20
297 3111 410 3203 lippus
436 3110 479 3182 de
506 3107 690 3198 Sordiaoo,
723 3109 1015 3186 Gcacrobaaditor
1041 3115 1100 3187 das
1125 3115 1438 3206 Kardiaadeqatea
1469 3113 1626 3185 Gestidio.

451 3276 567 3344 Popier·
586 3275 646 3329 and
663 3273 1003 3346 Perqcmentbondocbrift
1020 3277 1074 3332 Nr.
1092 3282 1162 3333 4013
1181 3279 1214 3331 ia
1230 3278 1279 3333 der
1301 3276 1516 3332 Vatikcm'adren
1533 3274 1698 3342 Rictibus,

400 3362 485 3417 Folio
503 3366 537 3417 16
555 3362 598 3416 bis
615 3365 658 3415 44.
694 3362 750 3417 Die
774 3361 963 3429 Hcadsdtrift
986 3363 1023 3417 ist
1045 3364 1217 3432 pescbriebea
1239 3381 1302 3419 sam
1323 3365 1400 3419 abac
1422 3381 1476 3418 oon
1498 3362 1640 3432 Vopnolus
1665 3361 1698 3415 de

400 3447 538 3502 Meuania
554 3464 617 3503 tum
638 3449 716 3503 raeti
733 3465 787 3503 oon
804 3449 864 3503 dem
885 3449 975 3504 Notor
992 3450 1039 3505 des
1057 3450 1217 3505 Kardincls
1237 3451 1363 3519 (destitit,
1381 3450 1512 3520 Arapelas.

453 3569 565 3625 Druck:
587 3570 713 3639 Battyda
731 3571 818 3641 Lepet
835 3571 924 3626 eccles.
944 3572 1008 3638 ΙΙΙ,
1029 3577 1068 3626 71.
1095 3571 1173 3626 Mon.
1196 3572 1336 3627 Vaticana
1353 3572 1450 3641 Hanc.
1468 3571 1559 3626 Series
1576 3571 1603 3638 Ι,
1625 3571 1698 3625 Tora.

401 3656 446 3723 H,
465 3661 524 3711 187.
551 3657 608 3711 Dic
626 3656 737 3711 Drucke
754 3659 890 3713 eimeincr
913 3659 972 3713 bier
990 3659 1208 3728 eiopescbclteter
1231 3659 1381 3714 Urbandsa
1400 3658 1508 3712 werden
1530 3675 1567 3712 aa
1584 3657 1638 3711 den
1655 3656 1697 3711 oe-

401 3743 550 3810 treffeadcn
568 3741 686 3798 81011111
703 3744 735 3797 in
752 3745 806 3799 dea
823 3746 1036 3814 Anmerkunyen
1054 3747 1214 3815 copcpebca.

453 3917 492 3981 In
508 3918 638 3982 nomine
653 3918 774 3983 domini
789 3939 890 3984 amen.
912 3922 1009 3986 Anno
1025 3921 1167 3986 eiusdem
1182 3921 1349 3986 millesimo
1365 3920 1587 3984 trecentesimo
1603 3937 1699 4002 nono,
1759 3923 1846 3977 Causa

298 4019 502 4105 pontificatus
524 4022 644 4085 domini
660 4021 833 4087 Clementis
854 4043 955 4107 papae
977 4025 1015 4087 V.
1039 4025 1090 4089 die
1112 4024 1257 4108 Veneris,
1280 4044 1366 4089 nono
1388 4024 1508 4089 mensis
1522 4023 1606 4105 Maii,
1629 4042 1699 4106 sop-
1725 4008 1799 4124 ἐξ
1810 4006 1881 4123 iffi

299 4125 394 4189 timae
416 4126 608 4207 indictionis,
630 4126 798 4209 Vagnolus
819 4127 860 4190 de
874 4127 1024 4192 Meuania
1046 4128 1190 4192 notarius
1211 4129 1318 4192 curiae
1339 4129 1424 4191 inira
1445 4128 1580 4211 scriptae
1602 4127 1700 4209 assig-
1731 4147 1876 4217 capitium

229 4232 264 4287 ³0
299 4229 389 4292 navit
401 4229 479 4292 mihi
493 4230 618 4313 Angelo
634 4231 758 4294 notario
781 4232 865 4294 inira
887 4232 1004 4315 scripto
1026 4232 1206 4316 subscripta
1226 4239 1297 4296 acta
1309 4233 1344 4295 in
1358 4232 1422 4296 mci
1436 4230 1579 4295 absentia
1592 4250 1700 4294 coram
1740 4225 1867 4316 0001023120

297 4352 335 4397 eo
358 4332 488 4397 actitata
508 4332 549 4397 de
570 4334 720 4398 mandato
742 4335 933 4399 venerabilis
963 4336 1025 4398 viri
1047 4335 1168 4399 domini
1190 4335 1327 4419 Philippi
1355 4335 1395 4399 de
1417 4334 1570 4399 Sardinea
1591 4333 1699 4397 decre-
1718 4303 1881 4436 mx]

297 4441 404 4499 torum
419 4436 557 4500 doctoris
571 4440 716 4502 canonici
732 4439 932 4521 Arborensis,
955 4441 1063 4505 curiae
1084 4439 1253 4504 reverendi
1274 4439 1373 4523 patris
1396 4445 1429 4503 et
1444 4438 1565 4503 domini
1579 4438 1701 4502 domini
1725 4459 1812 4514 nullos
1823 4460 1880 4529 plo-

299 4538 434 4604 Gentilis
463 4539 515 4604 dei
544 4542 646 4623 gratia
675 4542 760 4606 tituli
782 4544 885 4607 sancti
906 4543 1035 4607 Martini
1065 4545 1099 4606 in
1122 4543 1286 4607 Montibus
1314 4542 1494 4626 presbyteri
1522 4540 1700 4624 cardinalis,
1743 4540 1825 4594 banos
1842 4542 1871 4593 st

298 4643 590 4727 apostolicaesedis
612 4643 717 4727 legati,
739 4646 896 4729 generalis
915 4647 1070 4711 auditoris
1088 4666 1266 4729 causarum
1290 4665 1428 4728 quornm
1449 4653 1593 4710 actorum
1608 4652 1701 4709 tenor
1737 4618 1868 4765 diffl-

230 4752 264 4807 35
299 4748 372 4812 1⁸5⁸
393 4753 450 4812 θθῗτ
1741 4772 1792 4827 bns
1809 4773 1869 4827 iilis.

454 4850 659 4916 sanctissimo
689 4852 723 4916 in
746 4852 871 4918 Christo
902 4855 985 4938 patri
1007 4860 1040 4919 ct
1071 4855 1199 4919 domino
1228 4854 1320 4918 matri
1342 4853 1469 4935 Gentili,
1498 4851 1701 4915 miseratione
1754 4868 1859 4923 namo

298 4954 408 5018 divina
422 4955 508 5019 tituli
522 4957 624 5020 sancti
639 4956 768 5020 Martini
790 4958 824 5020 in
839 4957 1003 5022 Montibus
1025 4959 1212 5042 presbytero
1228 4956 1389 5039 cardinali,
1411 4956 1602 5040 apostolicae
1617 4954 1701 5020 sedis
1748 4944 1865 4999 iuffifflffl

298 5057 412 5141 legato,
442 5059 540 5123 irater
562 5059 739 5124 Gristianus
770 5061 857 5144 prior
879 5060 1138 5126 Praedicatorum
1168 5063 1208 5127 de
1229 5061 1376 5143 Bysterci
1404 5066 1437 5125 et
1465 5060 1563 5124 irater
1585 5059 1701 5124 Petrus
1731 5032 1877 5147 amantino-

298 5160 398 5225 lactor
427 5162 562 5226 fratrum
583 5163 746 5228 Minorum
776 5164 816 5228 do
846 5164 979 5229 Varasio
1009 5185 1046 5229 ac
1075 5164 1240 5229 Renoldus
1269 5164 1424 5249 plebanus
1452 5163 1492 5227 dc
1518 5161 1701 5227 Stolzimbel
1732 5170 1810 5224 nibus
1830 5187 1878 5240 pro

230 5269 266 5323 40
299 5266 512 5330 reverentiam
527 5266 665 5331 debitam
681 5272 714 5331 et
729 5267 876 5332 devotam
898 5289 973 5331 cum
989 5270 1168 5333 orationum
1183 5268 1340 5352 suffragiis
1356 5269 1551 5332 devotarum.
1578 5265 1701 5331 Literas
1750 5248 1860 5304 denda

299 5374 426 5434 rosnae
448 5370 624 5435 sanctitatis
646 5371 739 5435 nobis
762 5371 935 5436 destinatas
960 5372 1138 5455 recepimus
1160 5372 1266 5436 debito
1289 5392 1363 5437 cum
1385 5372 1506 5437 bonore
1528 5372 1648 5436 tenoris
1670 5375 1703 5438 et

299 5473 514 5539 continentias
534 5473 619 5538 inira
640 5475 784 5558 scriptae.
