4106 6294
903 592 1058 687 Aa,

281 781 437 845 dictarum
460 786 492 846 et
514 781 612 846 rerba
635 782 740 845 (116616
762 801 826 844 666
849 788 1009 861 tenentur,
1032 782 1088 846 sed
1104 780 1222 845 suffieit
1245 780 1331 863 quod
1355 781 1462 843 dicant
1484 780 1631 844 effectum
1653 785 1685 843 et

280 885 491 949 intentionem
520 887 661 969 ipsarum
690 886 866 967 literarum,
897 890 993 969 prout
1015 887 1176 949 dixerunt
1209 885 1290 949 Nam
1321 884 1416 948 etiam
1439 884 1483 947 illi
1516 884 1570 965 qui
1600 885 1684 966 ipsas

280 990 388 1054 literas
419 990 572 1065 iecerunt,
602 989 679 1051 haec
708 990 814 1052 omnia
845 990 1016 1053 memoriae
1044 989 1158 1053 habere
1181 1009 1245 1052 non
1276 993 1415 1072 possent,
1446 1007 1505 1051 nec
1536 986 1684 1069 exigitur,

282 1093 368 1175 quod
391 1093 536 1156 habeant.
559 1093 639 1157 Item
656 1112 715 1156 nec
738 1114 869 1173 annum,
893 1113 1033 1158 mensem
1050 1100 1082 1157 et
1104 1094 1187 1157 diem
1204 1100 1355 1157 tenentur
1378 1092 1565 1175 exprimere,
1587 1091 1683 1152 immo

229 1205 246 1258 5
282 1198 309 1261 si
332 1197 549 1280 exprimerent
570 1216 634 1259 non
652 1197 847 1280 interrogati,
870 1199 1009 1280 suspecti
1024 1204 1139 1277 essent,
1161 1217 1234 1261 curn
1257 1202 1354 1260 testes
1370 1216 1433 1259 nen
1457 1195 1593 1259 debeant
1615 1214 1685 1259 esse

280 1301 440 1384 loquaces,
470 1320 530 1364 nec
553 1301 690 1365 debeant
719 1302 780 1365 nisi
804 1302 843 1364 ad
869 1302 1064 1384 interrogata
1091 1301 1292 1383 respondere,
1322 1300 1476 1363 aeetiam
1499 1298 1683 1362 611616116-

280 1411 441 1488 garentur,
470 1411 503 1469 et
532 1405 714 1468 huiusmodi
745 1405 820 1468 talia
849 1406 1019 1469 memoriae
1046 1424 1112 1468 non
1143 1404 1303 1485 haberent,
1334 1424 1399 1467 non
1429 1404 1605 1486 imputatur
1635 1422 1683 1466 se-

281 1513 423 1576 cundum
445 1513 525 1576 iura.
559 1512 690 1576 Suffecit
713 1532 797 1595 erge,
828 1513 853 1576 si
878 1510 1061 1592 interrogati
1093 1527 1190 1592 super
1211 1507 1443 1590 expurgatione
1465 1508 1683 1571 contumaciae

279 1615 407 1680 illorum
430 1617 673 1699 responderunt,
696 1636 731 1679 se
753 1616 872 1680 vidisse
894 1616 1002 1678 literas
1017 1612 1176 1677 ladislaui
1199 1612 1455 1675 comminatorias
1478 1616 1589 1674 666116
1610 1631 1683 1694 pro-

212 1723 247 1777 10
281 1726 444 1783 curatores
466 1720 624 1783 dictorum
647 1719 857 1803 plebanorum
872 1725 905 1783 et
926 1717 1180 1782 universitatum.
1204 1716 1285 1779 Item
1302 1735 1365 1778 non
1390 1715 1503 1797 obstat,
1527 1716 1612 1797 quod
1636 1716 1683 1778 di-

280 1824 372 1905 citur,
395 1824 481 1905 quod
504 1824 580 1887 dicti
604 1830 700 1887 testes
723 1825 855 1888 fuerunt
882 1822 1068 1905 singulares
1098 1840 1172 1883 narn
1195 1820 1284 1883 salva
1305 1840 1383 1903 paee
1405 1820 1594 1903 excipientis
1616 1841 1681 1884 non

279 1928 465 2011 singulares,
495 1928 552 1992 sed
574 1929 683 2011 plures
713 1935 745 1992 61
773 1929 882 2012 plures
913 1928 1054 2006 fuerunt,
1084 1925 1169 1988 idem
1191 1923 1341 2005 dicentes,
1372 1931 1409 1987 ut
1431 1930 1517 2006 patet
1539 1924 1572 1986 16
1596 1925 1682 1988 actis.

278 2031 330 2096 Ex
354 2032 471 2114 quibus
493 2033 659 2113 concludo,
689 2033 891 2096 manamine
923 2049 986 2112 quo
1017 2049 1114 2112 supra
1144 2027 1374 2093 absolvendum
1407 2029 1475 2092 sinc
1498 2029 1682 2112 gravamine

279 2156 494 2221 expensarum
518 2137 568 2201 161
592 2138 727 2201 alicuius
750 2135 964 2200 satisdationis
986 2155 1006 2198 a
1027 2134 1185 2197 sententia
1207 2133 1258 2196 vel
1288 2153 1449 2216 processu,
1480 2133 1505 2195 si
1530 2133 1586 2214 qui
1608 2133 1682 2196 iacti

212 2242 245 2295 15
281 2247 358 2305 sunt
379 2246 492 2305 eontra
512 2260 567 2304 eos
590 2241 640 2303 161
663 2260 722 2304 me.
1082 2321 1084 2324 y

433 2344 558 2421 Quibus
590 2345 718 2426 quidem
748 2344 849 2408 literis
878 2353 910 2407 61
940 2342 1200 2427 replicationibus
1230 2342 1380 2406 exhibitis
1409 2347 1446 2405 ut
1475 2348 1524 2404 est
1552 2341 1681 2423 dictum,
1707 2349 1845 2402 Temenus

279 2448 383 2512 dictus
406 2448 555 2512 dominus
577 2449 704 2512 auditor
720 2451 826 2512 statim
842 2449 1016 2529 assignavit
1038 2447 1210 2509 terminum
1229 2445 1398 2529 praedictis
1421 2445 1681 2529 procuratoribus
1707 2428 1854 2559 ⁰2ffi¹¹¹¹l⁵

278 2553 568 2635 utriusquepartis
591 2553 630 2616 ad
654 2553 737 2616 diem
759 2553 853 2616 Jotris
869 2553 1013 2636 proxime
1031 2552 1177 2614 futurum
1199 2551 1230 2612 in
1256 2550 1398 2633 vesperis
1421 2551 1461 2613 ad
1484 2549 1624 2612 dandum
1646 2550 1680 2611 in
1715 2522 1838 2653 gand&

277 2657 403 2739 scriptis
425 2656 580 2738 quidquid
611 2656 781 2737 voluerint,
805 2664 837 2721 et
866 2656 906 2719 ad
929 2655 1131 2737 allegandum
1161 2674 1258 2738 super
1280 2653 1457 2737 praedictis,
1488 2660 1520 2717 et
1541 2653 1619 2717 alias
1641 2653 1682 2716 ad

209 2761 245 2816 20
279 2762 516 2845 procedendum
539 2762 573 2823 in
597 2761 682 2823 dieta
703 2780 808 2841 causa,
831 2767 869 2823 ut
891 2760 931 2823 de
953 2760 1023 2823 iure
1046 2760 1151 2823 fuerit.

431 2866 534 2930 Tener
564 2864 774 2948 procuratorii
803 2864 878 2927 dicti
910 2864 1030 2927 domini
1060 2863 1211 2942 Bertoldi,
1245 2863 1285 2926 de
1315 2882 1380 2944 quo
1410 2863 1531 2926 mentio
1561 2862 1598 2925 fit
1627 2881 1680 2925 su·

276 2968 393 3050 perius,
416 2967 488 3032 talis
509 2972 566 3033 est

434 3070 638 3136 Sanctissimo
661 3074 743 3157 patri
774 3094 810 3137 ac
840 3074 968 3136 domino
995 3073 1084 3136 tratri
1108 3071 1226 3135 Gentili
1256 3071 1341 3135 tituli
1372 3071 1471 3134 sancti
1495 3070 1624 3133 Martini
1646 3070 1679 3132 in
1707 3075 1786 3131 Aliud
1801 3093 1861 3145 pm-

278 3172 442 3238 Montibus
456 3176 642 3259 presbytero
658 3178 819 3259 cardinali,
840 3197 897 3261 per
912 3183 1009 3241 totam
1026 3177 1199 3260 Vngariam
1215 3181 1248 3239 et
1262 3195 1361 3259 regna
1375 3194 1503 3238 annexa
1517 3180 1680 3255 totamque
1718 3160 1836 3288 ἔξω·

208 3280 242 3336 25
278 3276 443 3340 Poloniam
459 3281 750 3364 sedisapostolicae
772 3280 875 3363 legato
890 3279 1051 3344 Henn'ous
1065 3280 1222 3364 plebanus
1236 3281 1269 3344 in
1286 3280 1467 3359 Mulnbaoh,
1491 3277 1680 3343 Gorscalous
1730 3252 1852 3367 Οιθήοξζο

275 3380 431 3464 plebanus
453 3383 487 3445 in
509 3383 614 3465 Winz,
645 3383 796 3447 Nicolaus
826 3383 982 3466 plebanus
1011 3385 1045 3445 in
1076 3383 1153 3465 Pen,
1183 3383 1316 3447 Michael
1348 3384 1503 3467 plebanus
1534 3384 1574 3447 de
1605 3381 1681 3446 villa

276 3485 363 3549 Petri
392 3487 554 3569 eetenque
584 3488 710 3571 plebani
740 3488 779 3551 de
801 3486 940 3569 capitulo
970 3487 1010 3551 de
1033 3486 1146 3569 Sebuz,
1176 3488 1328 3552 Nicolaus
1356 3489 1495 3552 decanus
1526 3487 1565 3551 de
1591 3485 1681 3550 Kozd

275 3588 431 3671 plebanus
461 3589 501 3653 de
530 3591 607 3654 11116
635 3591 747 3655 Jacobi
778 3591 939 3672 ceterique
969 3590 1096 3674 plebani
1125 3592 1267 3655 eiusdem
1297 3593 1479 3667 decanatus,
1510 3591 1681 3655 Bertoldus

276 3692 416 3757 decanus
447 3694 486 3758 de
508 3694 601 3776 Kyzd
624 3695 780 3778 plebanus
811 3694 850 3758 de
873 3693 965 3777 Zegis
987 3696 1150 3776 ceterique
1172 3696 1299 3779 plebani
1322 3697 1464 3760 eiusdem
1498 3696 1679 3775 decanatus,

207 3801 243 3857 30
277 3796 387 3860 oscula
407 3798 525 3881 pedum
541 3799 715 3864 beatorum.
738 3798 903 3863 Sanctitati
920 3799 1119 3883 paternitatis
1134 3807 1259 3864 vestrae
1275 3800 1386 3864 harum
1411 3801 1493 3863 serie
1516 3800 1679 3863 literarum

278 3899 431 3966 (16116166
454 3902 707 3985 significandum,
731 3903 819 3984 quod
839 3903 1009 3967 discretum
1034 3903 1198 3967 dominum
1221 3905 1407 3986 magistrum
1421 3904 1602 3968 ,Iohannem
1624 3923 1681 3966 au-

277 4004 412 4069 ditorem
441 4026 610 4070 causarum
641 4008 787 4070 incuria
817 4014 924 4071 vestra
950 4006 1093 4088 iacimus,
1123 4009 1349 4071 constituimus
1371 4015 1403 4071 61
1425 4008 1619 4087 ordinamus,
1649 4013 1682 4070 et

277 4108 442 4172 dominnm
458 4110 646 4174 Bermldum
670 4110 826 4174 decanum
849 4112 888 4176 (16
910 4112 1071 4195 praedicto
1094 4111 1233 4194 capitulo
1256 4112 1296 4175 de
1311 4111 1424 4185 Zebus,
1447 4111 1618 4195 plebanum
1641 4110 1681 4174 (16

275 4210 427 4296 Kelnelre,
449 4221 577 4278 nostros
591 4222 814 4298 procuratores
829 4218 862 4278 16
878 4216 1014 4279 solidum
1030 4216 1064 4278 in
1080 4221 1187 4279 vestra
1209 4216 1371 4279 audientia
1392 4222 1523 4294 actores,
1544 4214 1680 4278 factores

206 4322 241 4375 311
277 4321 310 4378 61
331 4318 466 4382 nuncios
497 4319 649 4401 speciales
680 4320 711 4381 in
743 4338 839 4381 causa
861 4318 912 4381 161
942 4318 976 4380 in
1003 4319 1107 4382 causis
1138 4318 1286 4383 civilibus
1316 4319 1464 4383 omnibus
1493 4318 1543 4382 161
1575 4318 1679 4381 611161-

278 4419 412 4503 nalibus,
437 4441 517 4504 quas
536 4422 690 4485 habemus
712 4422 763 4484 161
787 4421 925 4485 habituri
948 4441 1060 4485 sumus
1082 4442 1155 4486 6616
1178 4423 1317 4505 capitulo
1340 4422 1423 4486 beati
1444 4421 1607 4486 Michaelis
1628 4441 1679 4485 eo·

276 4522 390 4588 clasiae
404 4524 647 4590 Transsiluanae
661 4527 694 4588 16
715 4526 804 4588 curia
819 4533 927 4587 vestra
940 4525 979 4587 ad
996 4527 1164 4608 agendum,
1187 4526 1432 4609 defendendum,
1454 4526 1678 4607 accusandum,

277 4629 507 4710 excusandum,
531 4629 618 4693 litem
643 4630 896 4709 contestandum,
919 4630 958 4694 (16
981 4630 1141 4693 calumnia
1155 4638 1187 4693 et
1209 4630 1380 4694 cuiuslibet
1401 4630 1532 4694 alterius
1554 4630 1679 4712 generis

277 4731 455 4795 iuramenta
476 4733 509 4794 in
530 4734 652 4797 animas
667 4740 792 4798 nostras
811 4735 1046 4817 praestandum,
1069 4735 1227 4798 deiectum
1243 4741 1275 4799 61
1289 4734 1422 4799 erimina
1444 4737 1678 4818 opponendum,

206 4839 243 4894 40
276 4835 450 4919 positiones
480 4837 669 4919 iaciendum,
700 4844 733 4901 61
762 4837 894 4901 61161166
915 4838 1014 4920 partis
1043 4838 1255 4920 positionibus
1282 4840 1547 4922 respondendum,
1577 4839 1679 4922 pacis·

275 4939 422 5021 eandum,
445 4942 694 5023 transigendum,
717 4943 750 5003 in
773 4942 932 5021 integrum
951 4941 1185 5005 restitutionem
1205 4943 1388 5026 petendum,
1410 4945 1581 5007 advocatos
1603 4963 1678 5007 666-

275 5043 467 5125 dueendum,
497 5064 600 5107 unum
629 5044 681 5108 161
711 5044 820 5128 plures
853 5052 1075 5127 procuratores
1105 5046 1372 5129 substituendum,
1406 5046 1519 5110 salaria
1546 5049 1678 5130 promit·

276 5146 418 5229 tendum,
452 5148 685 5231 appellandum,
719 5147 952 5211 absolutionem
981 5150 1155 5231 petendum
1189 5156 1221 5213 61
1250 5151 1477 5235 recipiendum,
1511 5154 1617 5216 omnia
1646 5158 1678 5217 et

276 5251 402 5336 singula
417 5252 606 5333 iaciendum,
623 5271 705 5334 quae
724 5272 783 5316 nos
798 5252 1007 5335 personaliter
1021 5253 1125 5317 facere
1142 5274 1317 5338 possemus,
1340 5256 1434 5319 etiam
1450 5256 1477 5320 si
1492 5257 1677 5320 mandatum

206 5358 243 5413 to
277 5354 407 5438 exigant
429 5355 573 5439 speciale,
595 5356 817 5439 promittentes
845 5361 950 5419 ratum
973 5362 1005 5421 et
1026 5356 1155 5420 firmum
1169 5357 1294 5441 habere,
1319 5359 1475 5441 quidquid
1498 5379 1555 5443 per
1577 5360 1677 5426 dictos

275 5463 498 5542 procuratores
520 5465 627 5522 aetum
649 5458 754 5524 inerit
796 5460 837 5524 Et
859 5460 1003 5525 volentes
1026 5480 1081 5526 eos
1111 5461 1254 5527 16161616
1280 5462 1320 5527 ab
1344 5482 1440 5528 66616
1463 5464 1677 5529 satisdationis
