4084 6302
1009 620 1164 715 „rga—

390 829 531 873 concavo
540 806 562 887 1)
585 814 635 873 est
655 810 759 892 posita
780 829 846 873 una
867 816 952 873 meta
974 829 1066 874 nova
1088 810 1216 875 Abhinc
1237 829 1295 894 per
1316 810 1454 875 eundem
1476 808 1574 874 berch
1595 809 1739 874 similiter
1756 810 1792 873 in

390 913 489 977 hacto
514 913 687 977 monticulo
711 920 761 977 est
781 913 886 996 posita
909 933 973 977 una
987 919 1073 978 meta
1094 934 1179 978 nova
1201 919 1233 979 et
1253 914 1368 979 deinde
1391 912 1550 978 tendendo
1572 932 1631 997 per
1653 912 1793 978 eundem

390 1016 487 1081 berch
509 1018 543 1080 in
565 1017 696 1099 planitie
726 1022 775 1081 est
796 1037 862 1080 una
884 1022 968 1081 meta
990 1037 1075 1081 nova
1103 1018 1195 1083 iuxta
1217 1020 1311 1101 viam,
1338 1017 1453 1082 deiude
1483 1017 1596 1081 iterato
1626 1017 1661 1080 in
1683 1023 1792 1082 monte

390 1127 467 1185 sunt
496 1121 579 1184 duae
608 1126 711 1184 metae
741 1121 901 1203 antiquae,
931 1141 1067 1203 quarum
1098 1142 1164 1186 una
1185 1128 1234 1186 est
1255 1126 1416 1203 renovata,
1444 1139 1526 1202 quae
1548 1120 1751 1204 distinguunt
1771 1141 1793 1185 a

390 1230 480 1307 purte
503 1230 661 1288 terrarum
685 1223 845 1288 Herbordi
867 1231 899 1288 et
920 1224 1043 1288 Nicolai
1065 1225 1203 1289 filiorum
1219 1225 1325 1290 Blasii
1347 1224 1474 1289 Abhinc
1496 1224 1717 1289 descendendo
1733 1244 1791 1309 per
1826 1232 1845 1284 5

390 1347 490 1392 nnrrm
515 1328 611 1392 berch
633 1333 666 1392 et
687 1329 754 1392 itur
774 1345 832 1412 per
854 1328 986 1411 lengum
1009 1330 1147 1413 spatium
1169 1336 1202 1393 et
1222 1327 1334 1392 finitur
1356 1329 1461 1412 ipsum
1483 1327 1579 1392 berch
1601 1328 1697 1393 etiam
1718 1347 1791 1412 per·

390 1433 519 1496 venitur
549 1432 590 1495 ad
622 1429 785 1511 liuentem,
821 1450 903 1513 quae
936 1430 1009 1496 flant
1038 1451 1095 1516 per
1128 1431 1237 1495 villam
1268 1431 1442 1515 Ohergewd
1474 1431 1605 1515 capituli
1638 1431 1791 1497 ecclesioe

388 1534 633 1600 Transsiluanae
655 1534 849 1618 praedictam
872 1554 1092 1620 permagnam
1114 1536 1230 1601 vallem
1252 1542 1285 1601 et
1306 1536 1493 1620 pervenitur
1508 1535 1548 1599 ad
1569 1540 1704 1620 puteum
1726 1537 1791 1621 pri-

390 1639 488 1702 mitus
503 1637 711 1701 nominatum.
735 1637 859 1713 Quibus
882 1639 926 1702 ita
948 1640 1083 1722 peractis
1099 1659 1195 1723 super
1207 1640 1345 1722 quadam
1359 1639 1515 1723 particula
1529 1645 1632 1703 terrae
1647 1639 1790 1705 eiusdem

390 1741 567 1824 Chergewd
589 1747 720 1824 aparte
749 1741 888 1806 filiorum
902 1741 1001 1806 Blasii
1016 1742 1167 1807 Nicolaus
1191 1743 1230 1807 de
1245 1743 1410 1823 Munerad,
1434 1741 1605 1809 Olbrehtus
1627 1749 1660 1809 et
1674 1744 1790 1809 Petrus
1826 1749 1862 1803 10

391 1844 489 1909 villici
511 1864 637 1909 necnon
661 1845 828 1909 duodecim
859 1846 954 1909 iurati
986 1866 1023 1909 ac
1046 1851 1112 1910 tota
1133 1847 1344 1910 communitas
1367 1846 1461 1910 villae
1482 1846 1639 1912 Munerad
1661 1847 1790 1912 nomine

390 1948 514 2013 abbatis
536 1949 575 2013 de
597 1949 697 2032 Egres
720 1949 841 2012 domini
863 1968 975 2013 eorum
998 1950 1268 2015 contradixissent
1294 1956 1327 2015 et
1349 1951 1436 2032 qnod
1458 1950 1570 2015 eodem
1593 1950 1644 2015 die
1666 1956 1699 2015 et
1719 1950 1789 2014 loco

389 2053 496 2137 ipsum
518 2053 683 2117 dominum
706 2052 851 2118 abbatem
874 2073 972 2136 supra
998 2054 1165 2136 dictosque
1187 2054 1364 2136 Nicolaum,
1396 2052 1583 2118 Olbrehtum
1605 2060 1638 2119 et
1659 2054 1790 2119 Petrum

390 2157 576 2221 nominatim
608 2176 733 2221 necnon
767 2156 934 2221 duodecim
965 2158 1086 2222 iuratos
1115 2178 1152 2222 ac
1186 2164 1285 2223 totam
1316 2159 1424 2222 villam
1454 2157 1612 2222 Munerad
1640 2159 1791 2223 citassent

389 2266 501 2325 contra
516 2281 614 2345 supra
629 2261 749 2325 dietum
764 2260 939 2344 capitulum
954 2260 1095 2325 Albense
1117 2261 1268 2328 ecclesiae
1282 2262 1508 2327 Transiluanae
1522 2263 1563 2326 ad
1578 2262 1788 2346 praesentiam
1825 2269 1859 2321 15

390 2363 548 2449 magnifici
580 2364 640 2427 viri
661 2364 798 2428 Thomas
829 2364 984 2429 vaivodae
1004 2364 1221 2429 'lhaussiluani
1249 2364 1319 2443 ad²l
1351 2365 1530 2448 quindenas
1559 2366 1631 2430 testi
1654 2366 1789 2431 Penthe-

390 2472 495 2532 costes
518 2487 605 2531 nunc
620 2473 772 2532 veuhrras
781 2470 803 2546 ⁸)
825 2467 953 2532 eosdem
968 2468 1144 2552 Nicolaum,
1168 2466 1356 2533 Olbrehtum
1370 2474 1403 2532 et
1416 2467 1549 2533 Petrum
1571 2489 1609 2534 ac
1623 2470 1789 2534 duodecim

389 2573 511 2635 iuratos
541 2571 670 2634 domino
702 2570 808 2634 abbati
838 2576 978 2636 statuere
1000 2573 1235 2637 committendo.
1277 2571 1397 2636 Datum
1425 2578 1517 2637 sexta
1545 2573 1625 2637 feria
1645 2575 1791 2657 proxima

391 2680 466 2739 ante
488 2675 606 2739 testum
628 2673 857 2740 Penthecostes
878 2695 976 2760 supra
997 2676 1127 2759 dictum,
1149 2695 1234 2740 anno
1258 2676 1379 2740 domini
1399 2655 1441 2741 ld.
1464 2654 1549 2741 COb.
1571 2674 1675 2741 XXX
1689 2682 1789 2742 sexto.

544 2814 620 2896 Aaf
635 2812 690 2878 der
712 2813 887 2878 erclcaeite:
920 2814 982 2878 Pro
1005 2814 1183 2879 honorabili
1212 2814 1350 2898 capitulo
1373 2815 1524 2880 ecclesiae
1546 2814 1789 2881 Transsiluanae
1824 2820 1860 2876 20

389 2924 501 2983 contm
515 2918 681 2982 dominum
696 2917 842 2982 abbatem
865 2919 905 2983 de
917 2918 1018 3002 ligres
1040 2924 1073 2982 et
1094 2919 1173 2983 alios
1196 2919 1331 2983 interius
1346 2920 1526 2983 nominatos
1541 2939 1638 3004 super
1653 2920 1790 3002 quadam

389 3022 545 3107 partienda
566 3028 670 3087 terrae
687 3021 861 3106 Ohergewd
883 3022 923 3086 ad
944 3022 1123 3104 quindenas
1144 3023 1217 3086 festi
1232 3023 1458 3087 Penthecostes
1480 3023 1624 3087 citatoria
1637 3024 1677 3087 ad
1699 3043 1789 3108 prae-

390 3127 523 3191 sentiam
546 3126 683 3190 l'homae
705 3125 860 3190 vaivodae
881 3125 1098 3190 Transsiluani
1106 3127 1128 3202 1)
1151 3145 1248 3209 super
1270 3128 1469 3210 possessione
1491 3125 1674 3210 Ghergewd

1048 3421 1139 3505 526.

467 3585 684 3658 1336Μαὶ
714 3588 775 3657 17.
808 3585 886 3657 Dos
916 3584 1218 3659 Grosswordeiaer
1242 3587 1388 3679 Kopitel
1413 3586 1606 3678 mactet
1631 3587 1687 3660 dic
1721 3584 1788 3659 Ur·
1825 3603 1860 3659 25

391 3706 504 3778 hande
531 3704 590 3799 alca
622 3706 756 3798 Kdnips
781 3706 878 3778 Karl
902 3730 968 3779 eon
993 3709 1101 3779 1336
1128 3705 1197 3779 Nr.
1228 3709 1302 3779 519
1326 3709 1401 3780 aad
1426 3708 1586 3780 bericbmt
1615 3708 1700 3780 tiber
1725 3707 1792 3779 den

388 3826 525 3899 Pr0test
548 3825 718 3919 Stephane
748 3850 813 3900 voa
832 3826 940 3900 Alaea
963 3851 1071 3920 pepon
1097 3829 1153 3900 die
1171 3828 1401 3921 Eiasalbmmp
1427 3830 1487 3901 des
1511 3827 1792 3919 Wer‘eseabaryer

390 3947 553 4039 Kopilels
578 3949 617 4019 ia
643 3949 708 4021 dea
736 3948 855 4021 Recita
879 3973 945 4023 eoa
972 3948 1114 4021 Sohmtt.

548 4110 624 4182 Θήρ.
643 4113 724 4182 Perp.
742 4113 952 4182 Kopttelarcbie
970 4112 1138 4182 Karlaburp.
1157 4112 1254 4183 Siepel,
1272 4114 1414 4183 spitsoeal,
1432 4129 1492 4169 war
1509 4114 1541 4167 la
1558 4113 1666 4168 waiam
1690 4112 1790 4167 Wache

493 4198 551 4266 aas
563 4198 613 4253 der
631 4198 775 4254 Rilclcaeite
792 4200 982 4268 ausyedrrlolct.
1826 4199 1863 4253 30

546 4317 657 4389 Reperti:
688 4320 818 4375 mamas·
844 4320 955 4375 Notitia
978 4326 1021 4376 37.
1059 4321 1145 4389 maja
1171 4320 1261 4375 (lodex
1290 4321 1377 4390 VIII,
1404 4325 1429 4389 4,
1458 4324 1515 4375 162.
1556 4321 1718 4374 Tortdnelm'
1745 4321 1791 4374 tdr

495 4408 571 4473 1889,
589 4409 650 4460 597.

545 4562 714 4648 Magnifice
736 4566 806 4630 viro
829 4571 862 4630 et
882 4567 1017 4630 honesto
1038 4565 1176 4630 Thomas
1199 4565 1353 4630 vaivodae
1375 4565 1600 4630 lhanssilnano
1629 4570 1662 4629 et
1684 4565 1791 4629 comiti

391 4668 431 4732 de
446 4667 571 4732 Zolnult
593 4669 694 4733 amico
717 4688 776 4733 suo
799 4668 974 4752 plurimum
995 4669 1172 4734 reverendo
1195 4669 1370 4753 capitulum
1393 4669 1545 4734 ecclesiae
1559 4668 1791 4750 Waradyensis

390 4791 425 4836 se
453 4775 600 4855 paratim
630 4773 664 4835 in
694 4772 843 4836 omnibus
873 4791 946 4835 cum
974 4774 1154 4837 reverentia
1181 4773 1324 4858 pleniori.
1361 4774 1523 4838 Noveritis
1549 4773 1706 4856 recepisse
1728 4791 1788 4835 nos
1825 4776 1862 4829 35

389 4875 497 4940 literas
520 4876 640 4940 domini
669 4876 770 4940 nostri
800 4875 883 4958 regis
914 4875 1019 4940 debito
1049 4896 1123 4959 cum
1153 4877 1275 4943 honore
1297 4897 1354 4961 per
1375 4877 1454 4941 haec
1476 4875 1581 4941 verba.
1615 4873 1720 4958 (aaut
1741 4873 1791 4938 dia

399 4976 546 5043 Urlnmda
567 4978 619 5044 dae
640 4978 759 5062 Konips
776 4977 860 5043 Korl
881 4999 938 5043 coa
960 4979 1048 5043 1336
1068 4977 1127 5044 Nr.
1152 4980 1239 5061 519.)
1261 4980 1328 5045 Nos
1349 4981 1448 5064 igitur
1469 4979 1626 5044 mendatis
1648 4979 1791 5043 eiusdem

390 5081 511 5145 domini
526 5084 610 5167 regis
629 5083 847 5167 obtemperare
856 5081 878 5159 1)
895 5083 1060 5167 cupientes
1082 5089 1119 5147 ut
1135 5089 1282 5149 tenemur
1296 5104 1363 5147 una
1377 5104 1452 5148 cum
1466 5083 1627 5168 praedicto
1643 5082 1791 5146 iohanne

548 5239 568 5305 ¹)
592 5237 710 5306 Verloaa
727 5236 787 5290 aad
805 5238 873 5291 1365
891 5236 934 5291 bie
952 5238 1021 5291 1375
1027 5255 1037 5289 .·
1054 5236 1177 5291 ooncaho.

547 5323 569 5392 ¹)
588 5322 670 5378 Feblt
686 5321 719 5376 ia
736 5322 785 5377 der
807 5320 936 5393 Vorlaqc.
1826 5321 1863 5377 40

546 5409 568 5478 1)
590 5409 724 5480 Vorlope:
740 5410 856 5464 veturus.
875 5437 910 5450 -
927 5408 1000 5464 Juas'
1018 5414 1043 5463 1.

545 5497 569 5563 ⁴)
591 5494 727 5565 Vorloqe:
743 5493 935 5550 lhmsnluane.

546 5581 568 5653 1)
592 5578 725 5652 Variana:
741 5581 821 5652 regiis
837 5581 999 5652 obtapsrura.
