4106 6294
969 615 1124 710 —sr-s—

350 806 399 864 est
421 802 595 881 confessus,
626 806 659 865 et
687 821 793 865 coram
817 801 909 866 nobis
932 802 1006 866 viva
1028 823 1115 886 voce,
1145 824 1223 867 sana
1244 812 1350 869 ments
1373 808 1612 888 spontaneaque
1634 804 1750 868 volun·

350 908 414 967 tate
436 904 577 986 donavit,
606 904 738 987 reliquit
767 925 804 969 ac
825 906 944 987 legavit
966 907 1142 970 honorabili
1164 906 1302 989 capitulo
1334 907 1485 971 ecclesiae
1506 907 1749 972 lhanseiluanae

348 1013 503 1091 perpetuo
526 1009 597 1072 iure
620 1008 800 1073 donationis
821 1009 1038 1094 possidendas,
1060 1009 1114 1072 tali
1138 1010 1319 1075 conditione
1333 1011 1507 1093 interiecta,
1530 1016 1568 1074 ut
1588 1012 1749 1093 usquead

351 1111 447 1174 dum
469 1113 611 1176 eiusdem
627 1113 751 1176 comitis
762 1113 898 1177 Renoldi
920 1113 1005 1177 idem
1020 1131 1126 1176 comes
1137 1113 1301 1177 Renoldus
1323 1114 1451 1179 easdem
1465 1114 1557 1178 villas
1572 1114 1750 1199 possidebit

349 1214 443 1298 pleno
466 1216 544 1279 iure.
568 1215 648 1279 Cum
671 1223 778 1280 autem
801 1221 936 1280 vocante
959 1217 1087 1279 domino
1111 1217 1150 1280 de
1172 1218 1230 1280 hac
1245 1218 1312 1281 vita
1325 1218 1519 1301 migraverit,
1541 1217 1636 1281 villae
1658 1237 1748 1301 prae-
1784 1227 1801 1279 5

349 1323 476 1382 notatae
499 1319 539 1382 ad
562 1320 736 1401 capitulum
769 1320 946 1402 praedictae
969 1321 1120 1384 ecclesiae
1142 1321 1384 1385 lhanssiluanae
1410 1321 1479 1385 sine
1502 1320 1689 1385 difficultate
1712 1341 1749 1385 ac

349 1423 597 1487 contradictione
628 1423 798 1488 cuiuslibet
827 1443 892 1487 non
929 1424 1075 1488 obstante
1106 1425 1319 1488 devolvantur
1348 1426 1442 1510 pleno
1474 1425 1553 1507 iure,
1584 1430 1616 1488 et
1644 1425 1749 1508 ipsum

348 1527 522 1609 capitulum
552 1528 623 1592 iure
653 1527 842 1591 hereditario
872 1532 1034 1608 tamquam
1065 1528 1156 1592 heres
1185 1530 1378 1594 constitutus
1408 1532 1443 1594 in
1469 1531 1694 1615 proprietatem
1717 1537 1750 1595 et

348 1631 581 1713 possessionem
603 1631 826 1695 introducatur
847 1630 1029 1694 earundem.
1052 1632 1091 1694 In
1114 1633 1207 1695 cuius
1228 1633 1274 1696 rei
1297 1635 1481 1698 memoriam
1497 1639 1749 1718 perpetuamque

348 1732 529 1798 firmitatem
552 1734 592 1798 ad
614 1736 797 1798 instantiam
813 1740 844 1798 et
859 1735 1044 1818 petitionem
1067 1736 1218 1820 praedicti
1233 1738 1357 1800 comitis
1371 1737 1506 1802 Renoldi
1523 1739 1747 1803 discretorum·
1784 1742 1818 1797 10

350 1856 413 1919 que
442 1839 585 1902 virorum
616 1840 839 1922 magistrorum
867 1837 1024 1903 lobannis
1053 1840 1204 1904 Albensis
1234 1847 1266 1904 et
1288 1840 1453 1906 Benedicti
1483 1842 1522 1906 de
1550 1840 1617 1906 Oad
1646 1842 1748 1905 archi·

349 1940 564 2024 diaconorum,
593 1944 820 2007 canonicorum
850 1963 887 2005 ac
916 1950 1157 2027 procuratorum
1189 1945 1332 2009 eiusdem
1362 1946 1512 2010 ecclesiae
1534 1950 1747 2029 praenotatae,

348 2044 449 2128 ipsam
473 2045 677 2111 donationem
699 2048 768 2111 vice
791 2054 824 2111 et
847 2048 974 2112 nomine
997 2049 1099 2132 ipsius
1121 2049 1252 2133 capituli
1266 2050 1498 2133 acceptantium
1514 2068 1551 2112 ac
1573 2048 1747 2131 suscipien-

349 2149 439 2230 tium,
461 2156 645 2233 praesentes
660 2151 875 2215 concessimus
889 2151 997 2216 literas
1013 2152 1107 2236 sigilli
1123 2154 1224 2217 nostri
1243 2154 1420 2217 munimine
1434 2152 1605 2217 roboratas.
1628 2151 1746 2216 Datum

348 2252 381 2315 in
406 2250 462 2335 qu[
671 2254 713 2337 ]¹)
736 2255 856 2318 domini
875 2233 916 2318 hl.
939 2234 1039 2320 ddd.
1057 2257 1315 2338 quintodecimo.
1337 2256 1475 2320 Domino
1490 2256 1637 2320 Johanne
1657 2274 1748 2339 prae-
1785 2262 1816 2314 15

347 2357 460 2440 posite,
483 2357 647 2422 Chandino
669 2358 796 2428 lectore.
818 2358 966 2423 Johanne
989 2366 1127 2442 cantore,
1156 2358 1290 2442 Jacolbo
1313 2361 1445 2424 custode
1468 2359 1605 2422 dominis
1627 2365 1659 2422 et
1680 2377 1747 2420 ma-

347 2461 455 2542 gistris
478 2462 628 2525 eoclesiae
651 2466 779 2525 nostrae
801 2463 963 2526 canonicis
985 2464 1155 2528 salubriter
1177 2463 1410 2546 existentibus}

995 2758 1091 2841 345.

428 2918 706 2992 Hermonrmtodt
737 2924 837 2993 1316
863 2922 970 3015 April
1001 2927 1034 2994 7.
1071 2923 1142 2995 Dic
1167 2922 1482 2995 Hermonastddter
1507 2921 1657 2992 Provina
1691 2920 1744 2992 bc

349 3042 469 3132 stdtiyt
501 3040 618 3113 Cernes
644 3040 775 3114 Daniel
808 3066 873 3115 von
899 3044 1042 3135 Kelliap
1077 3046 1116 3115 ia
1149 3046 1276 3117 sanem
1302 3042 1422 3115 Basita
1455 3044 1494 3113 ia
1528 3041 1744 3113 Weisalcirch.
1781 3055 1816 3111 20

505 3204 581 3274 θήρ.
601 3205 681 3275 Pcrp.
705 3204 809 3277 anor.
828 3207 1036 3262 Landesarclu'v
1056 3207 1207 3276 Budapeat.
1237 3206 1334 3276 Siepel,
1355 3206 1462 3260 massae
1484 3205 1593 3273 Wocba,
1615 3222 1654 3258 aa
1670 3204 1744 3258 rotla-

448 3291 539 3360 9elher
556 3291 758 3346 Seiderudtnur
775 3294 938 3364 anychdaqt,
957 3294 1077 3348 daraelhe
1095 3294 1210 3363 Staapel
1227 3294 1278 3348 wic
1295 3293 1349 3347 Nr.
1365 3296 1426 3348 296.

503 3412 615 3482 areae:
635 3413 722 3480 aaa
742 3413 832 3469 caea
850 3414 986 3482 x1,4ea.

502 3586 658 3663 Quoniam
681 3608 720 3652 ea
742 3608 824 3671 quae
846 3590 930 3653 fiunt
958 3591 992 3653 in
1015 3595 1158 3673 tempore
1188 3588 1282 3654 simul
1305 3594 1434 3673 propter
1456 3586 1623 3651 defluxum
1644 3587 1745 3651 conti-

347 3710 448 3754 nuum
478 3693 630 3775 temporis
658 3713 731 3756 oum
759 3694 828 3776 ipso
849 3694 1025 3778 depereunt
1054 3700 1086 3757 et
1109 3693 1284 3757 decurrunt
1314 3699 1346 3755 et
1375 3693 1421 3755 sic
1450 3692 1484 3753 in
1506 3711 1541 3755 se
1562 3690 1744 3775 perpetuari
1779 3695 1814 3749 25

347 3802 521 3877 nequeunt
543 3805 781 3859 consueverunt
803 3797 912 3861 eadem
936 3803 968 3861 et
990 3799 1017 3860 si
1036 3818 1100 3861 non
1122 3799 1235 3879 vivaci,
1258 3796 1369 3860 saltem
1384 3795 1547 3858 literarum
1563 3793 1744 3858 testimonio

346 3901 522 3982 perennari.
545 3900 612 3963 Nos
634 3901 732 3984 igitur
756 3920 862 3964 comes
879 3901 1042 3982 Nycolaus
1063 3900 1150 3964 filius
1165 3902 1288 3965 comitis
1304 3899 1431 3963 Goblini
1445 3900 1478 3961 in
1495 3898 1630 3980 Cyhinio
1646 3898 1744 3961 iudex

346 4003 550 4086 provincialis
561 4023 619 4087 pro
632 4009 773 4087 tempore
788 4005 982 4068 constitutus
994 4005 1251 4085 universitasque
1266 4002 1508 4088 provincialium
1521 4002 1559 4065 ad
1572 4000 1744 4083 Cybinium

345 4106 574 4189 pertinentium
604 4108 636 4170 in
661 4108 805 4172 notitiam
828 4110 1053 4172 universorum
1085 4115 1149 4171 tam
1178 4108 1392 4191 praesentium
1423 4126 1518 4188 quam
1544 4110 1745 4189 posterorum

347 4208 458 4272 harum
482 4210 564 4274 serie
586 4211 737 4275 volumus
759 4213 935 4296 pervenire,
959 4212 1045 4293 quod
1061 4232 1120 4275 nos
1135 4213 1342 4276 consideratis
1358 4211 1478 4275 meritis
1493 4216 1525 4273 et
1538 4208 1744 4273 fidelitatibus
1778 4215 1814 4269 30

345 4314 470 4376 comitis
491 4312 645 4395 Danyelis
668 4315 707 4379 de
730 4315 853 4379 Kelnelr
876 4316 916 4378 ad
939 4335 998 4379 nos
1020 4317 1054 4378 in
1077 4316 1201 4379 cunctis
1224 4316 1359 4398 negotiis
1382 4319 1484 4377 terrae
1506 4313 1630 4395 habitis,
1652 4313 1743 4376 here-

346 4416 459 4481 ditates
491 4418 644 4498 quasdam
667 4419 700 4481 in
723 4419 806 4482 Alba
829 4419 962 4483 ecclesia
984 4419 1136 4501 habentis,
1161 4438 1241 4501 quas
1263 4420 1356 4482 etiam
1380 4418 1439 4481 rite
1462 4423 1494 4481 et
1515 4416 1744 4481 rationabiliter

345 4541 419 4584 curn
442 4541 502 4585 sua
522 4522 659 4605 pecunia
680 4523 815 4586 emendo
838 4524 1034 4605 comparavit
1053 4523 1173 4587 scilicet
1187 4522 1252 4585 duo
1268 4521 1450 4585 molendina
1464 4521 1525 4584 sita
1538 4521 1572 4583 in
1587 4519 1743 4604 superiori

345 4631 378 4687 et
398 4626 541 4689 interiori
563 4626 627 4690 fine
650 4627 793 4691 eiusdem
816 4626 911 4691 villae
933 4632 965 4690 et
987 4612 1059 4689 cum
1083 4625 1131 4688 his
1153 4631 1280 4709 pratum
1299 4644 1401 4688 unum
1416 4622 1633 4687 adiacentibus
1647 4623 1742 4706 agris,

346 4748 427 4811 quas
461 4729 590 4811 quidem
624 4730 814 4795 hereditates
847 4750 919 4793 cum
955 4730 1039 4793 idem
1072 4748 1179 4793 comes
1212 4727 1337 4811 Danyel
1370 4726 1547 4812 possederit
1579 4727 1662 4790 circa
1686 4700 1743 4796 xit
1778 4732 1812 4786 35

345 4839 377 4898 et
407 4815 463 4902 nil
492 4853 602 4909 annos,
633 4834 702 4897 sine
733 4835 819 4897 omni
849 4834 1063 4917 impetitione,
1097 4852 1290 4915 quamquam
1320 4832 1447 4896 villenis
1476 4831 1619 4895 eiusdem
1649 4830 1743 4895 villae

344 4958 432 5002 nuno
454 4944 600 5002 coactum
623 4944 746 5022 partem
767 4939 801 5000 in
824 4938 942 5002 eisdem
966 4937 1192 5001 hereditatibus
1211 4936 1286 5001 dare
1302 4935 1479 5020 oportuerit
1494 4940 1526 4998 et
1540 4953 1606 4997 non
1621 4939 1743 5017 sponte,

344 5062 404 5106 nos
434 5043 565 5107 eandem
600 5043 811 5127 partitionem,
845 5061 919 5106 cum
948 5040 1103 5104 iniuriosa
1132 5040 1236 5123 fuerit,
1270 5040 1432 5103 irritamus
1460 5037 1682 5122 praesentibus
1712 5044 1744 5102 et

344 5166 514 5211 cassamus.
536 5146 638 5209 Immo
660 5148 746 5230 ipsas
767 5146 907 5228 integras
929 5164 995 5208 non
1018 5144 1241 5207 dimembratae
1263 5144 1295 5206 in
1319 5162 1395 5207 suas
1416 5161 1531 5206 manus
1545 5142 1743 5206 restituimos

344 5256 377 5315 et
400 5251 600 5334 assignamus
622 5250 838 5333 possidendas,
861 5248 1016 5314 tenendas
1037 5255 1070 5312 et
1088 5247 1248 5312 habendas
1264 5246 1324 5311 sihi
1339 5252 1370 5310 et
1386 5247 1453 5309 suis
1468 5245 1638 5309 heredibus
1653 5246 1743 5309 here-
1777 5249 1813 5305 40

344 5355 487 5436 dumque
521 5373 653 5418 suorum
686 5353 923 5418 successoribus
952 5352 1051 5416 libere
1082 5357 1114 5416 et
1140 5352 1209 5416 sine
1239 5351 1326 5416 omni
1354 5350 1552 5433 impetitione
1590 5350 1742 5432 omnium,

343 5460 603 5469 ..———..—-..

501 5492 522 5559 Ι)
539 5489 639 5555 aaa,
658 5493 718 5543 rra
738 5488 898 5544 caesae
915 5487 993 5542 erar.
