4084 6302
995 610 1130 703 „re

371 798 592 879 generationes
615 798 697 860 inira
718 799 855 882 spatium
879 799 1016 862 duorum
1036 819 1193 864 annorum
1209 800 1293 862 inter
1315 797 1458 862 infideles
1474 798 1616 862 notorios
1631 798 1716 881 regis
1738 805 1771 862 et

371 901 460 983 regni
483 908 715 965 commorantes
737 907 770 965 et
792 902 831 965 de
854 902 973 966 eisdem
995 900 1177 965 infidelibus
1202 902 1285 984 regis
1308 903 1342 965 in
1364 901 1533 985 collegium
1556 908 1588 967 11
1609 901 1770 966 cohortem

372 1025 461 1068 suam
492 1005 677 1088 colligentes
707 1006 915 1086 volentesque
945 1006 1149 1090 praelibatam
1172 1007 1332 1070 civitatem
1355 1006 1528 1069 Kuluswar
1549 1005 1694 1070 funditus
1717 1006 1770 1070 de·

371 1115 494 1173 struere
516 1116 549 1172 et
570 1109 721 1189 desolare,
745 1109 829 1190 quod
852 1111 944 1192 peius
959 1112 1117 1195 prioribus
1134 1112 1246 1190 iuerat,
1269 1130 1343 1174 cum
1366 1111 1458 1174 dictis
1480 1110 1662 1175 infidelibus
1683 1112 1768 1194 regis

372 1232 527 1296 occupare
557 1221 589 1276 et
619 1219 802 1296 occupatam
836 1213 928 1277 iactis
961 1215 1125 1278 hominum
1159 1213 1433 1278 interiectionibus
1466 1221 1498 1278 et
1527 1213 1768 1293 vastationibus,
1803 1224 1821 1275 5

372 1316 506 1380 eandem
537 1317 684 1380 intrando
708 1317 892 1399 annihilare,
921 1338 1020 1402 prope
1043 1319 1142 1402 ipsum
1173 1318 1332 1381 civitatem
1360 1318 1481 1381 auxilio
1505 1318 1613 1381 divino
1643 1319 1771 1383 favente

371 1419 503 1485 Pethew
533 1420 740 1484 vicevairoda
769 1428 878 1486 noster
899 1422 1017 1486 eisdem
1048 1423 1082 1484 in
1105 1422 1230 1485 obviam
1254 1442 1407 1486 occursus
1429 1428 1461 1485 et
1490 1442 1564 1485 cum
1593 1422 1771 1505 praedictae

373 1525 512 1589 civitatis
534 1525 659 1589 civibus
681 1534 714 1589 et
735 1526 913 1610 hospitibus
935 1525 1110 1589 adveniens
1129 1525 1272 1590 homines
1295 1526 1397 1590 dictae
1419 1526 1633 1609 generationis
1655 1526 1771 1609 pugnis

371 1629 564 1694 altercativis
579 1649 652 1692 cum
668 1629 738 1693 aliis
753 1630 934 1694 infidelibus
950 1649 1007 1713 pro
1024 1634 1101 1692 tuno
1126 1629 1327 1693 venientibus
1349 1649 1423 1693 cum
1438 1630 1556 1693 eisdem
1573 1649 1649 1693 casu
1670 1636 1771 1693 morte

372 1733 595 1798 universaliter
617 1734 879 1813 condemnarunt,
911 1753 1047 1815 quarum
1070 1734 1311 1815 generationum
1336 1733 1551 1816 possessiones
1573 1735 1658 1798 sicut
1678 1740 1772 1797 antea
1808 1743 1842 1793 10

371 1838 416 1901 sic
439 1844 471 1901 et
492 1837 651 1921 posterius
673 1844 779 1901 actum
802 1838 943 1920 ipsarum
958 1835 1153 1899 infidelitatis
1175 1836 1215 1900 ob
1239 1837 1507 1920 praeeminentem
1530 1836 1660 1900 omnino
1683 1841 1716 1901 et
1737 1837 1770 1899 in

372 1948 439 2005 toto
469 1940 616 2005 manibus
646 1942 763 2004 nostris
792 1940 966 2005 iudiciariis
996 1941 1035 2004 de
1065 1942 1135 2004 iure
1161 1941 1355 2005 exstiterunt
1385 1941 1555 2005 desolatae.
1589 1940 1708 2005 Datum
1737 1940 1771 2003 in

371 2044 577 2129 Wyssegrad,
607 2046 639 2107 in
670 2045 792 2110 octavis
821 2043 905 2111 beati
926 2045 1039 2111 Jacobi
1066 2045 1209 2130 apostoli,
1239 2064 1324 2109 anno
1354 2045 1474 2109 domini
1492 2023 1534 2108 Π.
1558 2022 1642 2109 0013.
1665 2044 1770 2110 111113.

998 2348 1001 2355 ’
1028 2376 1117 2459 aar.

456 2539 780 2632 Wisseprod1340
806 2543 942 2633 August
960 2544 1019 2612 13.
1047 2541 1164 2631 Kdnip
1181 2540 1278 2612 Karl
1301 2540 1443 2611 11111111
1468 2540 1523 2609 die
1544 2538 1772 2628 Besitrunpen
1808 2555 1843 2607 15

371 2663 431 2734 des
462 2661 580 2734 Comes
607 2662 777 2735 Nikolaus
803 2686 867 2736 von
897 2662 1082 2751 Telmesob,
1119 2684 1380 2753 aaspenommen
1405 2661 1461 2733 die
1487 2661 1525 2731 in
1551 2657 1773 2750 Laapontlrol

371 2783 445 2855 mad
470 2782 689 2875 n‘eiqeadcrf
704 2785 896 2876 pelepeoen,
925 2785 1002 2855 dem
1036 2783 1231 2857 Woiwoden
1261 2782 1418 2855 Thomas.

527 2948 730 3018 Einpcsclroltel
742 2966 794 3002 oon
807 2949 902 3018 Korrip
914 2948 1033 3017 Ludwip
1044 2949 1070 3001 Ι.
1090 2952 1165 3015 1317,
1186 2947 1262 3017 0119.
1280 2947 1384 3017 Unpar.
1397 2944 1605 3000 Laudesarcbio
1618 2945 1769 3012 Budopest.

475 3065 509 3073 —
527 3035 565 3087 Ia
582 3034 655 3089 dicae
672 3035 802 3089 Urkunde
814 3035 947 3105 Ludaoips
964 3035 1001 3088 ist
1018 3034 1157 3087 desselben
1175 3033 1358 3103 Bestettipunp
1375 3049 1428 3087 aus
1445 3034 1505 3086 dem
1524 3032 1611 3087 Jahre
1632 3030 1768 3084 13611111-

474 3126 611 3190 qetrupen.
631 3121 686 3174 Die
702 3121 832 3175 Urlraode
851 3122 1041 3175 1111347111
1059 3121 1129 3175 1111111
1147 3120 1335 3190 anpeeoboltet
1352 3137 1406 3174 von
1423 3120 1483 3173 dem
1500 3118 1643 3173 Woitrner
1655 3116 1769 3185 Kapitel
1806 3118 1844 3171 20

476 3211 544 3262 1399
562 3208 621 3261 aad
637 3209 687 3262 mit
704 3208 794 3262 dieser
811 3208 940 3263 Urlrunde
957 3225 1010 3262 eon
1027 3209 1087 3262 dem
1105 3204 1544 3275 WeissenburperKupitel1399,
1565 3204 1641 3274 Orip.
1664 3203 1768 3273 Uagae.

475 3293 683 3349 Landeoorobr'v
700 3295 852 3363 Budupest.

527 3415 746 3481 procerem
766 3414 856 3471 consa
880 3415 1011 3484 11111,
1030 3421 1091 3471 arr.

529 3536 641 3606 noea.-
661 3537 747 3602 rao
768 3536 858 3591 coos
876 3537 933 3604 111,
951 3541 1011 3592 111.

528 3712 594 3775 Nos
623 3712 761 3775 Karolus
794 3713 843 3776 dei
873 3713 974 3795 gratia
1005 3732 1063 3777 rex
1091 3712 1276 3795 Huugariae
1310 3713 1480 3776 memoriae
1509 3709 1768 3774 commendantes
1804 3716 1838 3767 25

373 3822 483 3879 tenore
506 3816 721 3899 praesentium
744 3815 958 3899 significamus
982 3816 1099 3898 quibus
1121 3815 1252 3899 expedit
1274 3817 1443 3896 universis,
1474 3813 1560 3896 quod
1583 3812 1772 3896 magnificus

373 3920 578 3983 1111111111
600 3920 736 3983 vairoda
756 3919 1000 3983 Transsiluanus
1022 3924 1055 3982 et
1083 3938 1189 3983 comes
1212 3919 1251 3981 de
1274 3919 1385 3982 Zonulr
1409 3917 1547 3982 officium
1569 3936 1684 4000 gerens
1706 3936 1771 3980 ma·

375 4024 494 4106 gisterii
510 4024 725 4088 tavernicatus
741 4023 842 4085 nostri
857 4023 936 4105 regii
950 4021 1053 4086 fidelis
1072 4023 1238 4106 proximus
1254 4030 1363 4086 noster
1377 4022 1416 4085 ad
1432 4021 1630 4087 celsitudinis
1645 4026 1772 4085 nostrae

373 4129 527 4192 accedens
548 4127 759 4211 praesentiam
774 4146 849 4190 suas
863 4125 1031 4191 fidelitates
1053 4133 1085 4191 et
1108 4126 1310 4190 servitiorum
1330 4145 1463 4190 suorum
1478 4126 1590 4190 merita
1611 4125 1773 4209 praeclara

374 4233 556 4317 peripsum
581 4238 708 4295 nostrae
730 4230 914 4295 sublimitati
938 4231 1132 4314 aprimaevo
1150 4230 1326 4294 iuventutis
1348 4248 1425 4293 suae
1448 4234 1598 4313 tempore,
1621 4248 1694 4293 cum
1717 4249 1771 4312 ap-
1807 4236 1842 4287 30

374 4337 525 4420 probatae
547 4336 708 4401 fidelitatis
738 4335 924 4409 constantia,
954 4354 1079 4418 semper
1100 4341 1210 4397 nostro
1242 4334 1330 4397 lateri
1361 4333 1478 4416 iugiter
1503 4333 1707 4413 inhaerendo,
1738 4334 1770 4395 in

373 4440 542 4522 quibusvis
565 4441 683 4504 nostris
705 4439 796 4503 lactis
811 4439 970 4522 prosperis
992 4445 1024 4503 et
1039 4439 1182 4502 adversis
1204 4457 1328 4501 summa
1349 4437 1693 4502 recommmendatione
1715 4455 1772 4501 ex·

373 4544 472 4607 bibita
493 4549 525 4608 11
546 4545 690 4628 impensa
712 4544 829 4607 seriose
844 4561 903 4607 suo
919 4542 1013 4604 modo
1029 4561 1086 4625 per
1104 4542 1231 4625 singula
1245 4541 1432 4619 enarrando,
1454 4546 1595 4603 nostram
1619 4559 1773 4604 revocans

373 4648 406 4709 in
428 4648 611 4711 memoriam
634 4648 668 4710 in
684 4645 1008 4729 recompensationem
1023 4645 1118 4709 laude
1141 4646 1309 4728 dignorum
1326 4645 1528 4708 servitiorum
1545 4663 1678 4707 suorum
1701 4644 1773 4715 uui·

374 4772 481 4815 versas
503 4752 720 4835 possessiones
746 4751 907 4832 quondam
930 4750 1054 4814 comitis
1076 4750 1197 4814 Nicolai
1220 4748 1275 4811 filii
1300 4748 1446 4811 Corrardi
1470 4748 1509 4811 de
1531 4747 1678 4811 Tolmach
1702 4748 1771 4811 aine
1806 4756 1841 4808 35

373 4857 487 4920 herede
510 4856 651 4919 defuncti
675 4856 715 4918 ad
738 4863 877 4919 nostram
893 4856 1093 4918 collationem
1116 4860 1296 4938 spectantes
1314 4860 1346 4916 et
1369 4852 1535 4916 devolutas
1557 4872 1577 4915 a
1599 4852 1691 4915 nobis
1713 4850 1772 4915 sibi

373 4967 405 5023 et
420 4960 487 5022 suis
503 4959 673 5024 heredibus
688 4960 756 5023 dari
771 4967 925 5043 perpetuo
941 4966 974 5022 et
996 4959 1133 5022 conferri
1150 4957 1331 5042 postulavit.
1355 4956 1422 5020 Nos
1436 4961 1543 5020 autem
1559 4962 1656 5038 prout
1671 4957 1772 5021 nostri

372 5064 535 5147 regiminis
557 5064 661 5128 officio
683 5064 839 5127 incumbit
861 5063 1073 5144 recordantes
1102 5062 1175 5125 fidei
1199 5061 1422 5139 sinceritatem,
1453 5060 1700 5143 memoriterque
1722 5079 1771 5125 re-

373 5167 511 5231 tinentes
522 5168 674 5232 universa
685 5168 814 5232 servitia
828 5165 934 5230 fidelia
945 5166 1086 5230 eiusdem
1098 5167 1235 5230 Thomae
1247 5164 1400 5229 vaivodae
1412 5164 1548 5247 proximi
1565 5165 1675 5247 nostri,
1690 5183 1772 5246 quae

372 5271 439 5354 ipse
451 5272 613 5335 serenitati
624 5277 750 5335 nostrae
766 5277 938 5353 atempore
953 5270 1102 5333 introitus
1118 5271 1216 5333 nostri
1229 5270 1262 5332 in
1277 5287 1412 5351 regnum
1427 5274 1572 5330 nostrum
1585 5266 1770 5351 Hungariae
1805 5272 1841 5326 40

373 5375 484 5439 ordine
506 5376 671 5460 geniturae
695 5374 787 5437 nobis
806 5373 948 5438 debitum
964 5372 1085 5456 absque
1108 5373 1342 5438 intermissione
1357 5378 1389 5435 et
1412 5371 1579 5435 intervallo
1603 5391 1637 5435 se
1660 5376 1692 5435 et
1713 5391 1773 5434 sua

372 5498 430 5561 pro
453 5478 545 5542 uobis
568 5478 694 5541 casibus
716 5478 863 5542 fortunae
886 5478 1122 5559 committendo,
1153 5496 1227 5540 cum
1249 5476 1373 5540 sincera
1401 5474 1552 5540 fidelitate
1574 5474 1719 5539 exhibuit
1740 5480 1772 5537 et
