4088 6292
959 557 1114 652 *θεε-

991 759 1087 844 304.

412 924 620 995 1306Μαί
637 926 702 996 20.
730 924 808 995 Das
825 924 1126 1017 Groasrqordeiaer
1142 925 1287 1017 Kopitcl
1304 925 1488 998 beochreibt
1506 926 1561 997 dic
1578 926 1736 1000 (irenam

334 1068 399 1118 ooo
421 1045 705 1136 Grossscbeqqied
729 1045 804 1117 cord
818 1051 903 1117 aetat
919 1069 984 1117 aar
1004 1043 1252 1137 Vcrboadlmaq
1268 1044 1352 1118 iiber
1369 1047 1425 1119 eia
1446 1047 1613 1138 sicilicos
1632 1047 1737 1120 Sicca

336 1165 444 1239 Laod
468 1168 568 1239 cioca
588 1166 728 1239 Tarmia
747 1168 832 1254 fest.

492 1330 696 1400 Eioqcoebaltel
712 1347 766 1385 voa
782 1331 836 1385 aaa
855 1330 1048 1399 Reqaiaitorea
1066 1332 1113 1385 des
1134 1330 1358 1401 Weisseoburqer
1376 1332 1505 1401 Kapitclr
1523 1338 1592 1388 1579
1611 1334 1669 1387 aad
1686 1334 1735 1387 mil
1769 1336 1786 1389 5

440 1417 528 1472 diosa
544 1418 674 1473 Urlcuade
690 1433 743 1472 oon
757 1419 817 1472 dean
834 1417 1058 1488 Weissenbarqcr
1070 1419 1184 1486 Kopitcl
1197 1423 1273 1485 1805,
1294 1418 1370 1487 Θήρ.
1384 1419 1554 1487 Papierhclt,
1573 1424 1607 1474 10
1619 1420 1735 1487 alam,

440 1504 619 1560 ammana.
637 1504 748 1559 Archiv.
775 1504 831 1558 Die
853 1503 983 1559 Urlruade
1000 1520 1053 1558 ooo
1071 1507 1140 1558 1306
1157 1505 1225 1558 steht
1243 1505 1299 1572 aas
1312 1505 1392 1559 Rlott
1409 1509 1426 1560 6
1445 1506 1487 1559 bis
1507 1511 1529 1561 7.

491 1680 768 1745 Excellentissimo
799 1681 927 1744 domino
950 1700 1009 1743 suo
1032 1679 1160 1743 domino
1184 1679 1296 1744 Carolo
1323 1681 1390 1763 regi
1411 1680 1529 1745 illustri
1550 1681 1735 1765 Hungariae

336 1784 388 1847 dei
417 1784 518 1867 gratia
547 1784 722 1868 capitulum
748 1784 899 1849 ecclesiae
921 1783 1125 1847 Varadiensis
1156 1785 1314 1847 orationes
1336 1785 1371 1849 in
1393 1784 1521 1848 domino
1552 1784 1674 1849 debitos
1703 1791 1736 1849 et

337 1887 468 1951 devotas
491 1906 564 1950 cum
585 1886 912 1971 perpetualidehtate.
934 1887 1124 1970 Recepimus
1143 1887 1251 1951 literas
1266 1894 1390 1952 restrae
1412 1888 1619 1953 excellentiae
1640 1908 1735 1971 gene-
1771 1895 1806 1949 10

337 1991 420 2054 rales
435 1991 595 2055 citatorias
610 2011 683 2055 cum
705 1992 885 2055 reverentia
908 2011 973 2072 qua
991 1991 1106 2072 decuit,
1129 2010 1186 2073 pro
1209 2010 1344 2072 quarum
1368 1998 1479 2055 tenore
1495 1992 1587 2055 nobis
1602 1992 1737 2057 dabatur

337 2095 372 2157 in
382 2095 568 2178 praeceptis,
584 2095 670 2176 quod
687 2096 955 2177 quandocumque
971 2101 1004 2157 ct
1018 2095 1283 2176 quotiescumque
1298 2096 1337 2158 ab
1353 2097 1553 2160 emanatione
1564 2097 1737 2161 earundem

336 2199 503 2281 usquead
525 2199 757 2263 revolutionem
780 2201 856 2262 anni
884 2219 941 2282 per
962 2198 1137 2282 capitulum
1167 2199 1318 2262 ecclesiae
1339 2199 1563 2264 Transilvanae
1586 2201 1637 2264 vel
1659 2219 1736 2265 suos

336 2306 559 2386 procuratores
581 2322 723 2367 essemus
745 2304 891 2385 requisiti
913 2303 953 2366 ad
971 2303 1135 2380 fossiones,
1157 2302 1389 2385 inquisitiones,
1411 2304 1648 2386 prohibitiones
1670 2324 1736 2369 me·

337 2411 442 2470 tarum
472 2408 655 2488 erectiones
685 2408 950 2490 recaptivationes
975 2407 1213 2490 possessionum
1237 2411 1268 2470 et
1290 2406 1330 2469 ad
1352 2407 1431 2470 alios
1461 2426 1630 2489 processus
1657 2408 1735 2491 legi-
1771 2416 1804 2467 15

336 2510 440 2593 timos,
464 2511 520 2592 qui
541 2510 719 2574 secundum
748 2511 838 2592 regni
861 2510 1126 2573 consuetudinem
1147 2510 1215 2574 fieri
1242 2517 1488 2591 consueverunt,
1512 2518 1657 2575 nostrum
1679 2512 1735 2575 ho·

334 2614 453 2678 minem
474 2634 547 2678 cum
562 2612 728 2678 Herbardo
751 2614 791 2677 dc
807 2613 887 2677 Gald
902 2613 954 2677 vel
969 2613 1121 2677 Michaele
1143 2611 1208 2676 fiho
1223 2614 1336 2678 Jacobi
1358 2614 1397 2677 de
1413 2614 1496 2677 Chce
1518 2620 1575 2678 aut
1587 2613 1735 2679 Johanne

334 2716 400 2781 filio
416 2717 542 2802 Ugriny
566 2717 605 2781 de
620 2716 756 2801 Koppan
778 2717 848 2780 aliis
870 2717 1054 2781 absentibus
1073 2718 1200 2781 homine
1224 2724 1330 2782 vestro
1354 2738 1411 2801 pro
1435 2720 1614 2783 testimonio
1633 2725 1735 2783 trans·

335 2822 541 2886 mitteremus.
567 2821 635 2885 Nos
656 2821 754 2904 igitur
768 2821 925 2884 mandatis
939 2821 1055 2885 vestris
1078 2821 1331 2905 obtemperantes
1354 2827 1391 2884 ut
1406 2827 1552 2885 tenemur
1574 2842 1640 2886 una
1662 2843 1734 2887 cum

334 2925 482 2990 Johanne
503 2924 569 2988 filio
592 2924 730 3009 Ugryny
752 2925 880 2988 homine
902 2931 1009 2988 vestro
1032 2930 1178 2988 nostrum
1213 2925 1372 2989 hominem
1394 2926 1543 2989 videlicet
1564 2926 1736 2991 discretum
1771 2932 1805 2986 20

335 3030 441 3093 virum
464 3029 652 3113 magistrum
673 3028 855 3092 ladislaum
878 3029 1000 3091 socium
1023 3035 1055 3091 et
1077 3029 1326 3091 concanonicum
1350 3035 1495 3092 nostrum
1517 3029 1556 3093 ad
1580 3030 1736 3111 quaedam

335 3132 375 3196 de
396 3133 577 3217 praemissis
599 3132 669 3195 vice
691 3132 792 3194 nostri
815 3132 1044 3194 destinavimus
1066 3130 1201 3196 fideliter
1230 3130 1478 3215 exsequendafb
1511 3132 1573 3209 Qui
1597 3133 1673 3196 dum
1696 3134 1736 3196 ad

335 3255 395 3299 nos
424 3236 596 3300 redeuntes
618 3235 817 3298 concorditer
838 3235 1026 3317 retulerunt
1058 3236 1145 3317 quod
1168 3238 1244 3300 dum
1273 3236 1352 3299 feria
1374 3242 1466 3299 sexta
1496 3238 1642 3319 proxima
1663 3244 1736 3320 post

335 3340 452 3403 festum
475 3339 559 3403 beati
574 3338 702 3421 Georgii
726 3339 875 3420 martyris
891 3339 1017 3403 noviter
1034 3340 1238 3422 praeteritum
1247 3340 1268 3415 a)
1293 3339 1499 3402 accessissent
1513 3359 1610 3423 super
1623 3340 1736 3404 faciem

334 3444 543 3528 possessionis
573 3441 702 3526 capituli
732 3443 926 3526 supradicti
957 3442 1121 3526 Chergsod
1143 3450 1273 3507 vocatae
1299 3443 1482 3506 convocatis
1506 3444 1664 3506 univorsis
1687 3444 1733 3506 ri·
1769 3450 1803 3503 25

335 3547 415 3610 cinis
444 3552 477 3610 et
498 3547 722 3610 commetaneis
744 3546 921 3610 secundum
944 3547 1034 3630 regni
1056 3548 1320 3610 consuetudinem
1342 3546 1570 3610 reambulando
1601 3546 1734 3610 eandem

335 3670 392 3735 per
414 3655 539 3714 veteres
561 3655 662 3713 metas
684 3650 733 3713 his
755 3650 899 3714 terminis
921 3650 1150 3732 distinxissent
1179 3651 1264 3732 quod
1287 3650 1435 3713 videlicet
1456 3651 1559 3734 prima
1579 3655 1664 3714 meta
1685 3651 1734 3713 in-

335 3753 411 3837 cipit
424 3752 518 3816 iuxta
531 3757 664 3835 puteum
679 3752 712 3814 in
729 3751 812 3816 valle
827 3753 883 3816 ubi
898 3758 946 3816 est
967 3774 1034 3817 una
1055 3759 1140 3817 meta
1157 3758 1316 3817 renovata
1343 3752 1466 3817 Deinde
1482 3754 1623 3818 ascendit
1638 3774 1735 3837 super

335 3862 485 3937 montom,
515 3874 573 3939 per
602 3855 739 3919 eundem
762 3862 903 3920 montem
926 3858 1014 3919 vadit
1043 3876 1155 3920 versus
1177 3857 1349 3939 meridiem,
1379 3856 1434 3919 ubi
1457 3862 1506 3920 est
1535 3862 1640 3920 erecta
1669 3876 1736 3920 una

334 3979 419 4022 nova
441 3963 533 4039 meta,
556 3978 613 4042 per
635 3959 773 4022 eundem
797 3966 936 4024 montem
956 3960 1044 4023 vadit
1066 3960 1106 4021 ad
1124 3960 1284 4041 quondam
1307 3960 1498 4041 colliculum,
1521 3959 1577 4023 ubi
1598 3966 1647 4025 θεῖ
1668 3980 1735 4024 una
1769 3967 1804 4022 30

334 4082 419 4127 nova
439 4068 525 4126 meta
546 4068 659 4145 erecta,
688 4063 805 4127 ibidem
827 4083 926 4147 prope
956 4065 990 4126 in
1014 4064 1074 4126 alio
1103 4063 1277 4127 monticulo
1300 4063 1403 4147 posita
1432 4070 1481 4126 θεῖ
1503 4063 1647 4128 simihter
1669 4084 1736 4128 una

333 4172 435 4245 meta;
460 4166 536 4230 item
558 4166 758 4231 ascendendo
781 4186 838 4250 per
860 4168 999 4231 eundem
1020 4167 1113 4230 berca
1129 4166 1311 4233 veniturad
1333 4172 1473 4230 montem
1497 4168 1657 4251 maiorem,
1679 4168 1735 4232 ubi

335 4275 384 4335 est
405 4289 471 4334 una
493 4274 578 4334 meta
599 4270 732 4351 antiqua
746 4277 908 4354 renovata,
931 4270 1034 4334 adhuc
1055 4288 1111 4352 per
1126 4268 1264 4333 eundem
1279 4268 1372 4333 bercz
1395 4269 1500 4333 eundo
1525 4271 1558 4333 in
1580 4271 1642 4334 alio
1664 4271 1734 4335 loco

334 4381 411 4438 sunt
432 4380 497 4438 tres
518 4378 622 4437 metae
644 4373 802 4454 antiquae.
825 4372 949 4437 Deinde
964 4372 1101 4437 transilit
1124 4372 1284 4453 quandam
1299 4372 1424 4455 vallem,
1448 4393 1530 4454 qnae
1552 4375 1737 4438 ascenditur

335 4478 491 4561 perviam
514 4483 548 4541 et
562 4477 626 4541 itur
641 4477 681 4541 de
697 4477 860 4560 Chergeod
883 4478 916 4539 in
932 4476 1134 4540 Farlrastelho
1150 4475 1349 4539 ascendendo
1365 4497 1422 4560 per
1437 4476 1529 4540 bercz
1552 4482 1584 4541 et
1606 4479 1735 4542 venitur
1769 4485 1803 4539 35

334 4581 367 4643 in
389 4579 609 4661 monticulum,
641 4580 696 4644 ubi
718 4586 795 4643 sunt
825 4581 908 4645 duae
930 4587 1033 4645 metae
1059 4579 1218 4661 antiquae,
1250 4598 1387 4661 quarum
1410 4600 1475 4643 una
1504 4587 1553 4644 θεῖ
1575 4587 1735 4644 renovata

333 4683 457 4749 Deinde
486 4683 706 4748 descendendo
737 4702 850 4747 versus
881 4684 1064 4766 aquilonem
1095 4682 1155 4747 sub
1185 4682 1291 4748 radice
1314 4684 1430 4747 montis
1460 4684 1562 4767 posita
1591 4691 1640 4747 est
1669 4704 1735 4748 una

333 4794 418 4852 meta
438 4808 532 4869 nore,
555 4787 670 4850 abhinc
692 4787 913 4852 descendendo
929 4788 964 4850 in
980 4786 1110 4870 planitie
1126 4792 1158 4850 θῖ
1173 4786 1367 4850 transeundo
1383 4806 1441 4870 per
1462 4786 1577 4850 vallem
1601 4792 1649 4851 est
1672 4808 1737 4851 una

332 4896 418 4956 meta
439 4891 580 4973 antiqua,
609 4896 642 4954 et
663 4890 724 4953 ulia
746 4891 830 4954 circa
859 4911 930 4955 eam
952 4891 991 4955 de
1023 4910 1108 4953 novo
1131 4896 1235 4954 erecta
1258 4909 1341 4971 quae
1372 4890 1510 4954 ostendit
1532 4890 1572 4952 ad
1602 4897 1735 4974 puteum

333 5000 366 5059 et
393 4994 505 5078 incipit
533 4992 758 5057 conterminari
784 4994 877 5058 metis
899 4994 1030 5058 ultoriam
1053 4993 1216 5077 Ghergeod
1240 4993 1454 5076 Bulgaricum,
1487 5013 1569 5075 quae
1600 5000 1648 5057 θεῖ
1677 5014 1734 5058 no·
1769 5001 1805 5055 40

333 5097 445 5161 bilium
475 5097 514 5161 de
538 5096 660 5179 Gyogb,
687 5115 801 5160 vorsus
824 5098 1020 5161 occidentem
1046 5104 1078 5161 et
1103 5097 1146 5160 ibi
1173 5097 1257 5160 circa
1285 5096 1428 5159 rivulum
1458 5103 1507 5159 est
1537 5103 1642 5160 erecta
1670 5116 1736 5160 una

333 5205 417 5264 meta
438 5219 530 5263 nova
553 5198 679 5262 Abhinc
701 5199 902 5263 ascendendo
925 5206 1058 5284 puteum
1078 5200 1184 5282 ipsum
1206 5200 1337 5264 venitur
1358 5198 1398 5262 ad
1420 5205 1564 5262 montem
1586 5201 1621 5262 in
1643 5201 1735 5263 cuius
