4086 6300
941 604 1096 700 —Q

476 793 753 858 Excellentissimo
776 793 905 857 domino
925 813 984 857 suo
999 792 1118 857 Karolo
1141 793 1193 857 dei
1207 792 1309 876 gratia
1322 790 1439 855 illustri
1453 791 1521 876 regi
1534 789 1720 874 Hungariae

191 940 196 948 -
321 897 497 982 capitulum
526 898 677 962 ecclesiae
699 897 943 961 Transsiluanae
973 897 1132 960 orationes
1162 896 1196 959 in
1226 896 1353 960 domino
1376 895 1499 960 debitas
1521 915 1558 959 ac
1580 894 1720 959 devotas.

322 1002 403 1065 Cum
434 1007 588 1085 perpetua
613 1001 766 1066 fidelitate
795 1001 903 1066 literas
926 996 1134 1066 ercellentiae
1156 1005 1282 1065 vestrae
1304 999 1459 1064 noveritis
1481 1018 1542 1062 nos
1564 999 1721 1082 recepisse

321 1104 355 1167 in
379 1104 456 1168 haec
478 1103 584 1168 verba
606 1103 711 1189 (Fopi
731 1104 780 1168 dic
802 1102 950 1169 Urtcade
971 1104 1023 1168 dea
1037 1102 1156 1187 Kdnips
1170 1102 1255 1168 Kcrl
1275 1124 1333 1167 con
1354 1102 1443 1166 1328
1464 1099 1522 1166 Nr.
1540 1101 1632 1183 459.)
1653 1100 1721 1166 Nos

271 1216 288 1270 5
324 1208 422 1291 igitur
435 1209 613 1293 praeceptis
628 1213 661 1273 et
675 1209 832 1273 mandatis
848 1208 1057 1273 excellentiae
1071 1215 1196 1273 vestrae
1213 1207 1468 1291 obtemperantes
1477 1205 1498 1285 ¹)
1521 1211 1560 1271 ut
1574 1212 1722 1271 tenemur

324 1331 398 1375 cum
428 1312 499 1395 ipso
529 1313 644 1376 comite
667 1312 840 1396 Henningo
870 1313 910 1377 de
940 1312 1018 1375 villa
1039 1312 1128 1376 Poha
1148 1313 1277 1376 homine
1300 1318 1406 1376 vestro
1430 1311 1721 1393 adinquirendum

323 1420 357 1480 et
370 1415 537 1479 sciendum
550 1417 585 1478 in
600 1416 781 1499 praemissis
796 1417 962 1481 veritatem
979 1417 1140 1481 hominem
1155 1421 1302 1480 nostrum
1315 1414 1378 1479 fide
1390 1414 1523 1498 dignum
1534 1416 1721 1499 magistrum

324 1518 450 1583 Bulchu
473 1519 731 1583 archidiaconum
753 1519 792 1584 de
815 1519 964 1583 Zothmar
985 1520 1131 1584 misimus
1152 1521 1224 1584 vice
1246 1524 1356 1583 nostra
1373 1538 1431 1603 pro
1447 1519 1637 1583 testimonio.
1661 1517 1724 1595 Qui

326 1622 456 1704 quidem
478 1642 585 1687 comes
607 1623 801 1707 Henningus
830 1624 924 1688 homo
948 1628 1055 1688 vester
1075 1628 1108 1688 et
1129 1624 1198 1708 ipse
1219 1622 1342 1687 Bulcho
1365 1622 1606 1687 archidiaconus
1628 1623 1722 1687 homo

259 1734 292 1788 10
331 1732 440 1791 noster
470 1726 599 1791 demum
628 1727 668 1790 sd
697 1747 757 1790 nos
784 1728 905 1793 reversi
934 1727 1134 1791 concorditer
1164 1727 1317 1791 dixerunt
1339 1726 1432 1790 nobis
1454 1726 1609 1811 requisiti,
1637 1726 1724 1810 quod

324 1830 409 1895 idem
431 1850 538 1895 comes
556 1831 750 1915 Henningus
772 1832 865 1895 homo
888 1837 995 1896 vester
1016 1851 1083 1895 una
1104 1851 1178 1895 curn
1199 1831 1269 1914 ipso
1292 1831 1420 1894 homine
1441 1836 1552 1895 nostro
1574 1831 1655 1895 feria
1675 1849 1725 1895 se-

326 1935 432 1998 cunda
459 1936 608 2018 proxima
638 1939 712 1998 ante
742 1935 859 1999 festum
889 1936 973 2000 beati
1004 1936 1132 2019 Georgii
1162 1934 1342 2016 martyriae
1372 1934 1406 1997 in
1438 1934 1547 1998 villam
1569 1934 1726 1999 Wizslrna

326 2039 535 2104 accessissent
556 2045 589 2104 et
610 2041 793 2104 convocatis
817 2040 966 2104 omnibus
989 2039 1167 2123 hospitibus
1189 2039 1228 2102 de
1248 2038 1404 2102 Wizahna
1429 2038 1598 2122 diligenter
1618 2040 1727 2122 inqui·

326 2142 426 2207 rende
456 2143 623 2208 veritatem
653 2144 687 2207 in
713 2145 895 2227 praemissis
919 2144 1000 2208 scire
1022 2144 1211 2228 potuissent,
1234 2149 1267 2207 et
1288 2142 1383 2206 etiam
1406 2162 1425 2206 a
1447 2143 1672 2208 commetaneis
1694 2148 1727 2208 et

259 2256 292 2308 15
327 2246 441 2311 vicinis
471 2247 573 2310 dictae
604 2247 698 2311 villae
719 2247 876 2312 Wizahua
901 2247 995 2312 talem
1019 2246 1187 2310 scivissent
1209 2245 1386 2322 veritatem,
1418 2247 1505 2327 quod
1527 2247 1726 2330 praepositus

329 2349 531 2431 cybiniensis
554 2356 586 2415 et
608 2351 741 2415 ecclesia
762 2371 822 2416 sua
843 2371 902 2415 seu
920 2351 1140 2434 praepositura
1155 2349 1358 2431 Cybiniensis
1379 2350 1414 2412 in
1429 2348 1587 2414 Wizslma
1601 2370 1727 2434 semper

328 2454 529 2518 salifodinaui
551 2455 722 2519 habuerint
744 2455 784 2520 ab
807 2456 950 2538 antiquo,
973 2460 1006 2519 et
1026 2455 1094 2538 ipse
1113 2454 1314 2538 praepositus
1329 2452 1533 2535 Cybiniensis
1547 2462 1580 2519 et
1594 2455 1727 2520 ccclesia

330 2577 388 2621 sua
409 2557 539 2641 pacifice
561 2559 746 2642 possederit,
770 2564 803 2623 et
824 2558 958 2623 eandem
972 2558 1071 2623 libere
1095 2563 1159 2621 tam
1176 2576 1232 2641 per
1248 2576 1282 2622 se
1306 2576 1401 2639 quarn
1417 2577 1475 2641 per
1489 2558 1569 2623 alios
1583 2558 1727 2623 laborare

329 2662 440 2726 fecerit
462 2663 712 2728 contradictione
735 2662 877 2745 qualibet
900 2683 965 2726 non
989 2663 1144 2744 obstante,
1166 2661 1358 2743 locandique
1380 2661 1513 2726 eandem
1528 2662 1729 2727 salifodinam

260 2773 295 2827 20
329 2765 600 2830 adlaborandum
623 2767 692 2831 aliis
715 2786 841 2851 semper
861 2765 994 2831 liberam
1012 2766 1159 2830 habuerit
1177 2765 1370 2847 facultatem,
1392 2766 1477 2829 etin
1496 2767 1730 2832 crastinoferia

330 2869 424 2932 tertia
453 2874 527 2933 ante
557 2870 662 2953 ipsum
692 2871 810 2935 festum
840 2870 924 2935 beati
952 2870 1080 2953 Georgii
1110 2870 1260 2951 martyris
1268 2866 1299 2952 θ),
1330 2868 1380 2934 die
1410 2870 1472 2933 fori
1499 2870 1534 2933 in
1557 2870 1729 2953 Cybinium

331 2991 427 3057 super
456 2974 584 3056 negotio
615 2974 759 3038 eiusdem
790 2974 1007 3056 inquisitionis
1036 2975 1105 3057 ipse
1128 2974 1221 3036 homo
1245 2978 1351 3037 vester
1372 2993 1447 3036 cum
1469 2974 1596 3039 homine
1619 2981 1729 3039 nostm

331 3078 472 3159 praefato
495 3078 688 3160 secessisset,
711 3083 744 3142 et
766 3078 804 3141 ab
829 3077 979 3142 omnibus
1001 3076 1179 3161 hospitibus
1202 3082 1267 3140 tam
1289 3076 1469 3141 senioribus
1492 3097 1589 3160 quam
1604 3078 1674 3142 aliis
1690 3079 1730 3143 de

332 3179 477 3262 Cybinio,
508 3186 541 3244 et
562 3201 582 3243 a
602 3181 853 3264 provincialibus
875 3201 895 3245 a
918 3181 1035 3263 quibus
1058 3182 1165 3246 decuit
1187 3187 1219 3246 et
1240 3181 1332 3244 licuit
1354 3180 1522 3265 diligenter
1543 3183 1612 3268 ipse
1635 3184 1729 3247 homo

263 3291 297 3345 25
333 3289 439 3348 vester
462 3284 521 3347 sub
545 3286 725 3348 testimonio
749 3285 825 3349 dicti
848 3285 984 3348 hominis
1008 3285 1110 3349 nostri
1132 3285 1323 3367 inquirendo
1346 3283 1427 3347 illud
1446 3285 1532 3349 idem
1554 3287 1731 3368 scivissent,

334 3388 420 3469 quod
442 3389 642 3472 praepositus
659 3388 860 3470 Cybiniensis
883 3395 915 3452 et
930 3389 1063 3452 ecclesis
1084 3408 1144 3453 sua
1164 3390 1196 3451 in
1213 3389 1370 3452 Wizahna
1392 3388 1591 3453 salifodinsm
1607 3408 1732 3474 semper

332 3492 480 3557 habuerit
501 3512 521 3555 a
542 3497 686 3575 tempore
708 3493 800 3556 ouius
823 3493 975 3556 memoria
997 3512 1063 3555 non
1087 3498 1201 3575 exstat,
1231 3499 1264 3557 et
1284 3491 1392 3574 libere,
1417 3492 1547 3575 pacifice
1570 3501 1603 3558 et
1625 3494 1732 3575 quiete

334 3596 519 3679 possederit,
540 3596 734 3660 laboraverit
756 3602 788 3660 et
810 3595 954 3660 laborare
973 3596 1094 3679 fecerit,
1117 3596 1251 3661 esndem
1265 3595 1456 3678 locandique
1470 3598 1642 3681 praefatam
1659 3597 1732 3661 sali·

334 3700 475 3766 fodinam
507 3719 597 3763 suam
629 3700 669 3764 ad
692 3698 901 3763 laborandum
923 3699 1056 3764 liberam
1079 3719 1204 3784 semper
1226 3698 1372 3763 habuerit
1393 3699 1583 3764 facultatem.
1612 3698 1733 3764 Datum

265 3810 300 3864 30
334 3804 368 3866 in
385 3804 556 3889 quindenis
568 3804 652 3868 beati
664 3802 792 3888 Georgii
802 3804 962 3887 martyris,
977 3824 1062 3868 anno
1079 3804 1200 3868 domini
1213 3782 1255 3867 il.
1280 3779 1313 3866 (J.
1340 3779 1372 3866 (l.
1397 3779 1429 3867 (ἶ.
1445 3804 1598 3888 vigesimo
1611 3809 1733 3868 octove.

990 4133 1085 4219 tea.

421 4297 624 4393 Wieseprcd
639 4299 748 4373 1328
773 4297 857 4372 Mar
874 4303 940 4372 26.
967 4298 1084 4390 Kdaip
1102 4295 1198 4370 Karl
1223 4297 1422 4388 barastropt
1449 4296 1515 4368 deo
1540 4293 1736 4368 Woiwodca

339 4422 497 4510 Thomas,
525 4422 592 4493 dea
609 4422 762 4510 Bischof
779 4445 844 4494 coa
863 4420 1115 4512 Sicbcabitrqcn
1140 4419 1215 4490 aad
1229 4419 1304 4491 sein
1322 4418 1468 4510 Kapitcl
1488 4439 1597 4509 yepes
1609 4416 1735 4489 Jeder·

335 4565 442 4612 mcmr
476 4566 519 4614 aa
553 4544 721 4632 schiltero,
759 4543 834 4615 aad
865 4541 992 4614 sicheri
1018 4540 1195 4613 metten
1231 4540 1297 4612 dea
1326 4539 1507 4628 eodfrciea
1532 4538 1652 4630 Bcsup
1677 4538 1737 4610 dea

267 4679 301 4734 es
336 4661 440 4734 iteca
466 4685 529 4735 ores
555 4664 631 4735 dem
658 4662 831 4734 caecat
859 4662 1000 4734 Thordc
1022 4660 1263 4752 pcbithreadcn
1290 4658 1407 4732 sana
1431 4683 1485 4731 aa.

494 4825 698 4895 Einpcscboltet
715 4840 769 4879 voa
786 4825 846 4878 dem
859 4824 1034 4894 pdpatlicbeu
1051 4822 1178 4878 Nuntius
1190 4822 1317 4878 Meidios
1335 4826 1412 4890 1328,
1433 4820 1510 4892 Θήρ.
1528 4819 1738 4891 chitelsrcbic

442 4912 610 4982 Karlsburp.

494 5033 607 5088 Druck:
631 5030 760 5087 &medai
779 5032 869 5088 sesa
890 5036 930 5089 76.
958 5031 1088 5087 &medai
1105 5030 1218 5086 Neritis
1234 5033 1277 5085 31.
1305 5030 1393 5098 chtr
1413 5029 1503 5087 code
1526 5029 1614 5099 VIII,
1631 5032 1657 5098 3,
1678 5032 1738 5085 269.

497 5154 610 5225 Repeti:
632 5154 794 5210 Tcritmlmi
811 5154 857 5210 tdr
875 5159 952 5223 1889,
969 5158 1030 5210 584.

270 5313 306 5369 40
497 5312 518 5378 ¹)
540 5310 673 5381 Vorlapo:
690 5310 909 5380 obtemporantes.

496 5398 518 5467 ³)
536 5398 620 5467 api-a
638 5401 680 5452 rs.

497 5484 519 5557 'l
536 5484 621 5553 Arrii
637 5488 680 5540 19·
