4088 6292
905 612 1060 711 „Q

277 805 313 869 in
342 824 380 870 eo
412 806 469 888 qui
497 811 622 889 sceptro
645 806 732 888 regio
755 805 965 889 gloriantibus
988 806 1042 871 det
1071 805 1215 869 salutem.
1250 805 1431 887 aequitatis
1460 805 1540 869 ratio
1569 806 1684 870 suadet

279 915 312 973 et
334 910 413 973 iuris
436 910 514 973 ordo
537 909 678 993 postulat
700 915 732 973 et
754 910 897 991 requirit,
921 909 1052 991 utquid
1074 911 1225 990 cuiquam
1248 909 1387 972 donatur
1408 909 1500 972 iustis
1523 911 1628 973 causis
1651 916 1684 974 et

280 1014 382 1077 titulis
411 1013 700 1077 intervenientibus
722 1013 774 1077 rel
804 1015 1003 1096 transfertur,
1032 1013 1065 1076 id
1094 1012 1231 1075 solidum
1260 1012 1454 1094 firmumque
1477 1013 1590 1077 debeat
1611 1033 1682 1096 per·

279 1136 417 1201 manere,
440 1118 626 1202 praesertim
641 1137 715 1181 cum
737 1117 858 1198 aliquid
874 1117 906 1179 in
929 1118 981 1181 ius
1004 1122 1035 1180 et
1049 1117 1275 1201 proprietatem
1290 1122 1509 1181 sacrosanctae
1531 1117 1683 1181 ecclesiae

227 1229 244 1281 5
280 1223 391 1285 matris
406 1228 534 1286 nostrae
550 1241 633 1304 quae
655 1241 714 1285 nos
735 1222 769 1283 in
793 1220 917 1284 Christe
940 1221 1140 1302 regeneravit
1162 1221 1214 1304 pia
1228 1221 1482 1284 consideratione
1496 1222 1683 1286 conceditur

281 1325 333 1389 vel
361 1326 559 1389 transfertur.
594 1324 753 1407 Quicquid
783 1323 925 1387 enimin
946 1342 1027 1387 usus
1056 1324 1126 1407 pios
1148 1324 1344 1408 impenditur
1366 1326 1398 1388 id
1421 1345 1486 1388 non
1518 1326 1681 1408 amittitur,

281 1429 337 1493 sed
359 1429 466 1513 potius
495 1436 712 1511 conservatur,
743 1448 816 1492 cum
839 1427 944 1491 taliter
965 1427 1109 1491 faciendo
1136 1429 1168 1490 in
1192 1428 1288 1492 caelis
1318 1430 1525 1493 thesaurizari
1548 1430 1682 1513 dicatur,

281 1533 336 1596 ubi
358 1553 418 1598 nec
441 1535 527 1598 tinea
548 1532 719 1597 demohtru
748 1551 807 1595 nec
832 1532 921 1595 fures
943 1530 1097 1595 effodiunt
1120 1531 1171 1595 vel
1193 1532 1350 1596 furantur.
1388 1533 1526 1597 Proinde
1548 1534 1588 1597 ad
1611 1536 1682 1597 uni-

280 1657 448 1703 versorum
470 1638 615 1701 notitiam
638 1637 751 1700 harum
773 1637 854 1699 serie
877 1635 1028 1699 velumus
1050 1638 1226 1719 pervenire,
1257 1638 1343 1719 quod
1366 1638 1417 1700 vir
1439 1637 1554 1702 nobilis
1576 1658 1682 1703 comcs

214 1746 248 1800 10
282 1742 432 1805 Bozouoh
453 1740 540 1805 filius
555 1742 636 1805 Inolr
658 1761 765 1804 ceram
788 1740 880 1804 nobis
898 1740 1107 1824 personaliter
1122 1742 1325 1816 constitutus,
1347 1761 1422 1804 cum
1436 1743 1498 1804 iam
1513 1743 1546 1804 in
1571 1742 1683 1806 diebus

282 1846 349 1909 suis
365 1847 572 1930 processisset
587 1851 619 1909 et
634 1845 786 1909 heredum
803 1850 925 1909 careret
947 1844 1058 1907 solatio
1074 1851 1269 1928 cuperetque
1285 1844 1442 1908 talentum
1457 1845 1516 1908 sibi
1532 1846 1682 1909 traditum

282 1970 356 2013 cum
378 1949 587 2033 multiplicate
610 1950 719 2013 fructu
740 1950 869 2012 domino
892 1956 1055 2032 reportare
1071 1955 1104 2012 et
1125 1949 1209 2012 diem
1232 1949 1399 2013 messionis
1421 1956 1602 2014 extremum
1624 1951 1683 2013 mi·

283 2054 471 2118 sericordiae
506 2054 656 2137 operibus
685 2054 882 2137 praevenire,
915 2052 1081 2117 ecclesiam
1113 2053 1197 2117 beati
1226 2052 1401 2134 Mychaelis
1431 2053 1610 2137 archangeli
1643 2054 1683 2118 de

281 2157 366 2221 Alba
386 2157 612 2221 Transsiluana
641 2157 701 2220 sibi
723 2157 757 2220 in
780 2157 934 2221 heredum
955 2158 1127 2241 adoptavit,
1157 2157 1265 2219 villam
1293 2176 1385 2220 suam
1407 2157 1516 2221 Bonna
1538 2163 1683 2222 vocamm

214 2268 247 2319 15
282 2262 316 2323 in
338 2263 491 2325 comitatu
507 2261 546 2325 de
560 2260 706 2324 Kukullu
720 2261 805 2325 iuter
822 2260 939 2325 fluvios
953 2260 1100 2325 Kulmllu
1119 2261 1319 2343 exstantem,
1336 2280 1432 2342 quam
1447 2281 1490 2325 er
1513 2261 1684 2326 donatione

283 2365 404 2428 domini
426 2363 578 2448 Stephani
608 2365 693 2447 regis
714 2363 899 2447 Hungariae
925 2364 1152 2429 recordationis
1173 2364 1300 2428 inclitae
1330 2365 1489 2429 mediante
1518 2365 1683 2450 privilegio

283 2469 426 2534 eiusdem
448 2468 643 2552 confirmato,
666 2468 874 2533 nihilominus
896 2468 1062 2552 privilegio
1086 2469 1206 2532 domini
1227 2467 1366 2533 ladizlai
1387 2471 1471 2552 regis
1493 2470 1596 2533 clarae
1618 2489 1684 2534 me·

283 2574 402 2637 moriae
417 2580 450 2636 et
464 2572 534 2635 aliis
548 2573 770 2636 instrumentis
786 2571 904 2654 quibus
918 2573 1132 2637 mediantibus
1150 2573 1270 2637 dixisse
1284 2573 1455 2656 possidere,
1471 2594 1528 2658 pre
1544 2574 1683 2638 remedio

283 2678 407 2742 animae
429 2696 505 2742 suae
529 2684 561 2741 et
579 2697 712 2741 suonam
726 2676 864 2760 capitulo
879 2677 1057 2760 praedictae
1073 2676 1223 2741 ecclesiae
1242 2677 1407 2741 confessus
1422 2683 1471 2741 est
1493 2696 1527 2741 se
1550 2677 1683 2760 dedisse,

215 2787 251 2843 20
286 2780 421 2845 donasse
450 2786 482 2845 et
511 2781 679 2863 reliquisse
708 2785 863 2865 perpetuo
894 2786 926 2845 et
952 2780 1202 2845 irrevocabiliter
1230 2780 1462 2865 possidendam,
1491 2782 1561 2865 ipsa
1589 2782 1685 2846 etiam

284 2885 450 2969 privilegia
477 2891 510 2950 et
531 2886 745 2949 instrumenta
767 2884 885 2966 quibus
908 2884 1120 2949 mediantibus
1142 2886 1285 2969 possedit
1305 2885 1401 2949 simul
1422 2904 1497 2948 oum
1518 2885 1588 2969 ipsa
1609 2885 1686 2949 rilla

284 2990 348 3053 iam
370 3010 389 3053 a
412 2995 525 3071 quarto
558 3008 642 3052 anno
665 2990 815 3054 statiisse
838 2989 877 3053 ad
900 3009 1015 3053 manus
1033 2989 1164 3073 capituli
1187 3010 1284 3074 supra
1305 2990 1389 3053 dicti.
1412 2988 1457 3053 Ut
1478 2995 1586 3052 autem
1607 2989 1685 3053 haec

286 3093 414 3158 donatio
437 3100 468 3158 et
483 3093 608 3158 coflaho
632 3098 697 3157 tam
712 3093 848 3159 salubris
869 3099 1024 3178 perpetuo
1040 3101 1232 3178 perseveret,
1253 3097 1437 3178 praesentes
1451 3093 1491 3156 ad
1513 3093 1685 3156 instantem

285 3198 470 3281 petitionem
501 3197 645 3261 eiusdem
677 3199 892 3261 concessimus
921 3197 1030 3261 literas
1059 3196 1154 3280 sigilli
1183 3197 1283 3260 nostri
1314 3197 1490 3261 munimine
1512 3197 1685 3261 roboratas.

216 3306 251 3361 25
286 3300 406 3365 Datum
427 3301 460 3364 in
485 3301 644 3364 dominica
666 3300 961 3384 Circumdederunt,
984 3320 1068 3365 anno
1091 3300 1212 3364 domini
1233 3277 1275 3363 li.
1299 3277 1384 3364 CCC.
1406 3301 1556 3365 secundo.

938 3698 1032 3784 294.

371 3879 613 3975 Warhscaburp
630 3884 736 3954 1302
752 3882 844 3955 Jam·
866 3887 898 3954 6.
926 3882 1002 3955 Dar
1019 3881 1311 3973 siebeaba'lrpisoba
1327 3880 1481 3971 thhof
1490 3880 1615 3955 Pana
1632 3879 1685 3955 be-

285 4005 405 4096 stdtipt
432 4004 497 4076 dea
523 4028 588 4077 voa
614 4005 697 4075 awa
713 4003 962 4092 Erabiscbbfca
987 4004 1061 4075 aad
1087 4004 1165 4075 aobt
1183 4002 1370 4092 Biscbbfea
1395 4003 1458 4076 der
1474 4003 1606 4075 Kircbe
1623 4004 1689 4075 dar

286 4124 593 4217 Prodiyermbacba
618 4148 662 4197 aa
681 4124 893 4216 Scbdasbarp
914 4127 1022 4195 1298
1041 4124 1107 4195 Nr.
1126 4126 1206 4195 281
1230 4124 1443 4196 barlabeaaa
1461 4122 1687 4213 Abbasebrief.

220 4288 254 4340 30
444 4288 633 4359 Eiopetrapea
650 4289 682 4342 ia
699 4289 753 4342 dea
769 4293 925 4357 panocetae
937 4287 1121 4355 Ablassbrict]
1148 4288 1224 4357 Θήρ.
1243 4287 1455 4356 hbanyela'acbea
1470 4287 1688 4341 Kircbencrcbio

391 4376 496 4445 Aapsb.
514 4376 580 4430 Ber.
600 4375 778 4445 Sabdaabarp.
798 4374 886 4444 Siepel
904 4391 963 4429 war
980 4375 1066 4429 inam
1084 4374 1273 4445 auspedritcltt.

443 4550 511 4629 Nos
532 4551 649 4615 Petrus
671 4550 722 4614 dei
744 4551 847 4633 gratia
877 4551 1045 4635 episcopus
1073 4550 1318 4623 Transsiluanus
1340 4568 1450 4613 omnes
1472 4548 1688 4632 indulgentias

288 4660 320 4719 et
348 4654 490 4738 singulas
519 4655 779 4739 coepiscoporum
807 4661 991 4718 nostrmum
1022 4655 1110 4718 datas
1133 4659 1165 4719 et
1190 4673 1357 4718 concessas
1379 4653 1414 4716 in
1436 4652 1554 4717 diocesi
1576 4657 1686 4717 nostra

289 4764 322 4822 et
343 4758 564 4842 praesentibus
593 4755 834 4842 insta[urantes]
857 4765 941 4822 ratas
964 4765 997 4822 et
1018 4763 1123 4841 gratas
1145 4756 1306 4838 habemus,
1332 4762 1478 4821 nostram
1501 4756 1690 4841 praebentes

221 4867 254 4921 35
290 4881 456 4926 assensum
477 4862 562 4946 ipsas
585 4861 797 4946 approbamus
812 4867 844 4925 et
859 4861 1056 4945 appositione
1072 4860 1165 4944 sigilli
1181 4861 1282 4923 nostri
1297 4859 1531 4940 confirmamus,
1554 4860 1690 4943 quadra·

289 4966 377 5049 gnta
400 4966 523 5029 ffierrrm
546 4965 762 5049 indulgentias
784 4986 825 5030 ex
847 4972 937 5050 parte
959 4966 1061 5029 nostri
1076 4965 1195 5029 eisdem
1218 4965 1428 5049 adiungentes
1451 4971 1585 5049 excepto
1608 4965 1689 5029 feste

289 5068 374 5134 beati
384 5068 559 5151 Mychaelis
575 5069 765 5154 archangeli,
789 5072 875 5153 quod
891 5070 931 5134 ob
947 5071 1158 5136 reverentiam
1181 5074 1213 5134 et
1226 5068 1381 5133 honorem
1396 5068 1547 5134 ecclesiae
1562 5073 1690 5133 nostrae

290 5172 478 5237 cathedralis
500 5174 593 5238 nobis
614 5192 824 5238 reservamus.
857 5173 978 5237 Datum
998 5173 1109 5255 Albae,
1139 5173 1173 5236 in
1198 5172 1277 5237 festo
1301 5172 1386 5239 beati
1407 5172 1586 5254 Vyncencii
1608 5192 1691 5236 mar-

290 5278 380 5361 tyris,
403 5296 488 5341 anno
510 5277 631 5341 domini
651 5255 694 5341 lh.
718 5255 818 5342 ὂῦὒ.
840 5277 991 5342 secundo.
