4106 6294
987 610 1142 709 ..i-⁰⁸-

371 803 575 888 Veresyghaz
606 809 638 868 et
660 809 777 867 terram
806 802 1017 887 episcopalem
1039 802 1160 885 Iotryd
1185 808 1327 867 vocatam
1351 809 1383 867 et
1405 809 1505 868 terras
1528 802 1672 885 aliorum,
1694 802 1769 868 inde

370 907 510 972 alluvio
526 906 626 971 Zehes
649 907 811 990 egreditur
833 926 931 990 supra
951 926 1066 972 versus
1087 913 1208 992 partem
1231 908 1468 972 meridionalem
1491 908 1580 971 radit
1602 908 1634 970 in
1657 908 1768 971 eodem

368 1011 468 1075 fluvio
491 1010 592 1075 Zekes
614 1030 718 1093 usque
741 1011 781 1075 ad
803 1011 992 1094 Zynpotolxa
1013 1017 1046 1075 et
1067 1013 1101 1074 in
1123 1013 1207 1075 dicto
1229 1011 1329 1074 fluvio
1353 1012 1541 1094 Zynpotoha
1562 1012 1652 1075 vadit
1673 1031 1770 1095 supra

369 1115 536 1198 usquead
559 1122 623 1179 tres
645 1122 747 1179 metas
768 1115 857 1198 prius
880 1115 1058 1178 nominatas
1073 1114 1181 1197 ibique
1197 1115 1394 1178 terminatur.
1417 1116 1455 1178 Iu
1480 1135 1615 1197 quarum
1640 1115 1769 1197 quidem

368 1226 526 1284 terramm
549 1218 746 1302 Gregoriaya
775 1224 808 1282 et
829 1219 1033 1301 Veresyghaz
1063 1219 1283 1281 concambium
1314 1238 1331 1282 e
1362 1238 1517 1282 converso
1548 1219 1633 1282 idem
1663 1238 1769 1282 comes
1803 1225 1820 1276 5

368 1323 483 1387 Daniel
513 1323 643 1386 nomine
666 1341 725 1385 suo
755 1328 788 1385 et
816 1321 955 1385 filiorum
987 1342 1120 1386 suorum
1147 1343 1184 1385 ac
1207 1323 1358 1386 Nicolaus
1387 1323 1515 1385 nomine
1546 1342 1604 1386 suo
1628 1329 1660 1386 et
1682 1321 1770 1385 Salo-

369 1428 474 1490 monis
503 1426 601 1511 patris
630 1425 681 1488 sui
712 1429 744 1487 et
773 1424 879 1488 iratris
914 1425 1074 1506 quandam
1097 1430 1213 1488 terram
1235 1445 1292 1488 seu
1315 1427 1545 1508 possessionem
1569 1445 1659 1490 suam
1682 1445 1769 1509 emp

369 1533 472 1595 titiam
495 1530 688 1614 Scepmezeu
722 1534 867 1593 vocatam
900 1530 934 1592 in
964 1530 1116 1593 comitatu
1149 1529 1189 1591 de
1218 1528 1363 1592 Kulrullu
1394 1530 1594 1611 existentem,
1627 1529 1770 1593 similiter

372 1618 446 1699 cum
469 1634 618 1698 omnibus
641 1633 831 1697 utilitatibus
854 1634 921 1696 suis
943 1640 975 1697 et
996 1634 1156 1697 universis
1178 1633 1378 1714 pertinentiis
1404 1633 1546 1696 eiusdem
1569 1633 1628 1696 sub
1651 1633 1768 1697 eisdem

369 1740 462 1804 metis
492 1738 633 1820 antiquis
664 1742 696 1801 et
726 1737 869 1799 terminis
898 1736 1015 1818 quibus
1044 1736 1138 1798 iidem
1170 1755 1276 1798 comes
1299 1735 1411 1799 Daniel
1441 1742 1473 1800 et
1495 1736 1644 1800 Salomon
1673 1738 1769 1801 irater
1807 1740 1840 1793 10

370 1861 449 1906 suus
479 1848 512 1905 et
542 1847 759 1905 antecessores
789 1840 840 1903 sui
868 1844 1043 1903 tenuerunt
1071 1843 1104 1902 et
1130 1839 1343 1922 possederunt
1369 1837 1574 1922 abantiquo,
1604 1840 1769 1924 dederuut,

371 1946 572 2010 tradiderunt
605 1951 637 2009 et
668 1949 849 2008 statuerunt
878 1944 962 2007 dicto
984 1942 1131 2006 ladislao
1154 1942 1308 2005 vaivodae
1330 1950 1362 2006 et
1384 1944 1566 2026 peripsum
1589 1945 1658 2008 eius
1680 1944 1770 2009 here·

371 2049 465 2114 dibus
495 2049 589 2112 modo
620 2048 715 2112 simili
737 2048 807 2112 iure
829 2053 982 2130 perpetuo
1005 2053 1038 2110 et
1059 2047 1307 2110 irrevocabiliter
1337 2046 1569 2129 possidendam,
1600 2048 1770 2112 tenendam

372 2154 501 2240 pacifice
532 2161 564 2218 et
591 2153 768 2218 habendam
799 2156 997 2215 assumentes
1019 2156 1052 2213 et
1074 2149 1250 2233 obligantes
1273 2170 1307 2214 se
1328 2150 1424 2214 iidem
1446 2149 1613 2215 Iadizlaus
1635 2152 1772 2215 vairoda

372 2264 405 2324 et
426 2278 533 2323 comes
554 2257 668 2322 Daniel
692 2276 729 2320 ac
751 2255 903 2320 Nicolaus
925 2274 982 2339 pro
1005 2274 1048 2335 se,
1078 2253 1153 2318 filiis
1182 2260 1214 2318 et
1236 2254 1388 2318 iratribus
1410 2256 1485 2337 suis,
1515 2261 1552 2320 ut
1575 2257 1769 2339 quicumque
1806 2260 1840 2311 15

371 2363 472 2427 dictas
494 2368 595 2426 terras
619 2361 816 2444 Gregorfaya
837 2366 870 2423 et
891 2358 1090 2441 Vereseghaz
1113 2376 1171 2440 per
1185 2358 1289 2440 ipsum
1305 2357 1486 2421 Ladizlaum
1510 2360 1678 2423 vaivodam
1694 2360 1771 2443 ipsis

371 2467 479 2531 comiti
500 2465 627 2530 Danieli
650 2471 682 2529 et
697 2464 827 2528 Nicolao
851 2484 887 2527 ac
909 2482 1021 2528 eorum
1044 2461 1214 2525 heredibus
1237 2461 1325 2523 datas
1348 2467 1380 2525 et
1403 2463 1579 2545 assignatas
1601 2469 1633 2527 et
1655 2482 1673 2526 e
1694 2482 1770 2526 cou-

371 2589 465 2633 verso
488 2570 588 2652 ipsam
612 2574 728 2632 terram
752 2566 944 2650 Scepmezeu
966 2586 1023 2650 per
1045 2568 1131 2649 ipsos
1154 2565 1301 2628 comitem
1324 2564 1488 2628 Danielem
1516 2572 1548 2630 et
1570 2566 1770 2631 Salomonem

371 2674 501 2737 tratrem
529 2693 624 2736 suum
653 2692 690 2735 ac
718 2670 800 2734 filios
831 2670 1006 2734 eorundem
1028 2670 1087 2753 ipsi
1109 2667 1256 2733 Ladizlao
1281 2668 1433 2732 vaivodae
1462 2670 1653 2752 assignatam
1674 2677 1771 2751 atque

372 2778 478 2841 datam
506 2795 564 2860 per
593 2774 813 2840 concambium
843 2793 996 2858 processu
1026 2780 1204 2857 temporum
1232 2773 1399 2856 impediret
1429 2792 1502 2856 pars
1525 2774 1585 2837 aha
1608 2779 1771 2838 teneretur
1806 2777 1840 2832 20

372 2881 509 2966 propriis
532 2879 695 2943 laboribus
717 2883 750 2943 et
772 2877 922 2962 expensis
952 2883 1073 2961 partem
1096 2877 1279 2960 impeditam
1302 2896 1359 2960 per
1381 2878 1488 2939 omnia
1510 2877 1660 2960 expedire
1683 2879 1770 2941 etin

372 2983 503 3068 pacifica
531 2984 731 3067 possessione
763 2982 919 3045 dictarum
950 2987 1107 3043 terrarum
1137 2981 1295 3044 indefesse
1322 2999 1518 3045 conservare.
1564 2983 1644 3045 Item
1666 2989 1772 3067 partes

373 3093 616 3173 assumpserunt
646 3092 678 3151 et
710 3086 933 3169 obligaverunt
965 3103 999 3148 se
1032 3084 1198 3168 privilegia
1228 3103 1284 3148 seu
1318 3085 1530 3148 instrumenta
1562 3106 1621 3149 sua
1655 3086 1771 3168 quibus

373 3192 587 3257 mediantibus
608 3190 785 3275 praedictas
808 3196 908 3252 terras
930 3188 1111 3251 habuerunt
1132 3194 1164 3252 et
1186 3188 1396 3273 possederunt
1417 3194 1529 3251 mutuo
1553 3187 1612 3251 sibi
1634 3188 1771 3252 invicem

374 3296 507 3360 reddere
541 3300 574 3357 et
606 3295 774 3358 restituere
804 3292 843 3354 ad
874 3292 1067 3355 servandum
1100 3294 1152 3355 vel
1186 3292 1226 3355 ad
1259 3291 1457 3365 cassandum,
1491 3292 1545 3354 tali
1579 3291 1770 3375 obligatione
1805 3295 1840 3350 25

376 3400 550 3481 interiecta,
573 3397 659 3479 quod
683 3397 710 3460 si
733 3416 797 3477 qua
819 3415 892 3479 pars
915 3395 1081 3479 privilegia
1102 3416 1160 3460 seu
1175 3397 1387 3459 instrumenta
1408 3415 1467 3458 sua
1488 3395 1570 3479 parti
1592 3395 1682 3459 alteri
1706 3415 1770 3458 nou

374 3504 563 3582 restitueret,
595 3500 863 3582 quandocumque
886 3504 919 3562 et
939 3498 1134 3581 ubicumque
1157 3519 1262 3562 coram
1290 3499 1405 3581 quovis
1427 3499 1532 3562 iudice
1554 3517 1611 3582 per
1633 3499 1771 3581 aliquam

374 3612 496 3690 partem
519 3605 559 3668 ad
580 3604 799 3688 impetendum
821 3608 943 3687 partem
964 3602 1094 3666 alteram
1111 3610 1357 3686 exponerentur,
1380 3622 1470 3666 cassa
1484 3608 1591 3666 essent
1612 3608 1644 3666 et
1665 3603 1772 3665 inania

376 3702 409 3774 et
430 3708 553 3772 viribus
575 3713 720 3772 carerent
747 3713 778 3770 ot
808 3707 929 3771 nullius
951 3726 1082 3789 prorsus
1104 3707 1279 3770 existerent
1300 3707 1467 3787 firmitatis,
1501 3708 1584 3770 sicut
1605 3713 1711 3790 partes
1733 3707 1773 3770 ad

375 3813 435 3876 hoc
459 3813 637 3876 voluntarie
660 3831 764 3874 coram
781 3811 875 3874 nobis
897 3829 930 3874 se
946 3810 1134 3894 obligarunt.
1160 3810 1204 3873 Ut
1218 3811 1315 3892 igitur
1329 3811 1507 3894 praedictae
1522 3811 1771 3894 permutationes
1806 3814 1842 3869 ³0

375 3921 532 3979 terrarum
555 3935 652 3999 supra
674 3916 830 3978 dictarum
852 3933 958 3978 coram
981 3914 1074 3977 nobis
1095 3914 1196 3977 iactae
1218 3913 1317 3977 robur
1340 3913 1503 3979 obtineant
1525 3922 1697 3998 perpetuae
1718 3913 1772 3977 fir-

376 4020 493 4082 mitatis
524 4038 583 4081 noc
606 4024 710 4082 hactu
732 4019 882 4102 temporis
906 4018 1086 4100 quempiam
1108 4018 1232 4101 possint
1260 4018 1422 4080 immutari
1443 4019 1554 4082 autin
1575 4018 1700 4081 initum
1723 4036 1773 4080 re-

375 4124 492 4205 vocari,
515 4124 555 4186 ad
578 4122 759 4186 instantiam
777 4125 809 4184 et
830 4121 1015 4204 petitionem
1030 4121 1200 4201 utriusque
1215 4121 1313 4203 partis
1328 4120 1435 4183 literas
1451 4128 1576 4185 nostras
1591 4126 1773 4204 praesentes

376 4228 591 4290 concessimus
615 4224 708 4308 sigilli
733 4226 832 4287 nostri
854 4225 1031 4313 munimine
1053 4223 1223 4287 roboratas.
1268 4222 1385 4287 Datum
1410 4225 1501 4288 tertia
1526 4224 1605 4287 ieria
1627 4225 1773 4306 proxima

375 4336 448 4414 post
469 4329 587 4392 tostum
609 4328 804 4391 ascensionis
826 4327 954 4410 domini,
981 4346 1064 4390 anno
1088 4327 1229 4390 eiusdem
1252 4304 1380 4391 iiddc‘
1404 4327 1582 4391 tredecimo.
1617 4326 1769 4410 Gregorio
1806 4331 1841 4385 35

375 4433 564 4517 praeposite,
586 4431 705 4494 Thomu
720 4437 857 4513 cantore,
881 4430 1055 4494 Vincencio
1071 4431 1212 4511 custode,
1228 4430 1400 4494 Benedicto
1423 4430 1558 4513 plebano
1574 4430 1613 4494 de
1629 4429 1773 4494 Cluswar

378 4536 498 4600 decano
521 4534 674 4600 ecclesiae
696 4539 824 4597 nostrae
846 4533 1066 4600 existentibus.

531 4673 606 4756 Auf
628 4671 683 4736 der
703 4670 861 4735 Baickocite
889 4692 946 4735 con
975 4672 1057 4736 einer
1077 4670 1177 4736 Haud
1206 4672 1257 4736 dea
1278 4673 1328 4737 15.
1351 4671 1598 4736 Jatrtunderu:
1619 4670 1678 4735 Dir
1699 4669 1774 4751 bryi

376 4777 490 4862 gehdrt
511 4776 545 4843 ci
565 4777 629 4841 don
651 4777 754 4840 hatert
774 4775 845 4839 Rod
868 4776 946 4859 king.
