4064 6288
982 575 1137 669 yps

438 762 597 858 [opum
611 762 636 857 ¹)
663 790 724 861 per
750 790 878 840 manns
906 768 1067 864 magistri
1084 769 1178 842 Petri
1202 769 1303 843 aulae
1326 776 1465 843 nostrae
1482 770 1758 844 vicecancellarii

359 888 475 961 dilecti
502 897 535 961 et
560 888 674 961 fidelis
701 889 822 982 nostri,
848 914 939 963 anno
966 891 1095 963 domini
1122 891 1179 963 111ο
1206 890 1278 964 00⁰
1305 892 1523 987 sexagesimo
1549 915 1646 965 nono.

515 1054 626 1107 Druck:
649 1053 758 1106 Weaael
778 1054 842 1108 coa.
858 1056 966 1123 Arpod.
986 1055 1072 1121 VIII,
1089 1059 1143 1108 238
1160 1055 1231 1109 oceli
1248 1056 1308 1108 dem
1328 1056 1404 1125 Orip.
1428 1056 1533 1125 Uopar.
1553 1058 1760 1113 Landosorclto'o

444 1141 614 1210 Bodopest.
633 1170 667 1180 -
685 1141 772 1208 Feje'r
792 1140 882 1195 Codes
899 1142 955 1207 IV,
974 1147 999 1209 3,
1017 1146 1077 1195 527.
1099 1143 1282 1196 Dea-susiana
1300 1142 1466 1197 Documento
1484 1149 1544 1198 343.

1017 1439 1106 1522 129.
1795 1468 1812 1519 ⁵

436 1624 550 1692 1269.
592 1621 736 1692 Palatio
770 1621 951 1709 Benedilot,
987 1621 1092 1692 iudeo
1121 1623 1240 1694 wrioc
1270 1623 1329 1693 des
1364 1621 1499 1712 Kdoips
1525 1620 1677 1712 Stephon
1708 1623 1762 1693 als

359 1764 421 1813 rec
446 1743 572 1830 ierim,
600 1764 713 1814 comes
739 1742 780 1814 de
807 1741 949 1814 Cibinio.

518 1906 648 1961 (1666661
671 1922 725 1959 oon
749 1905 898 1960 Friedrich
922 1907 1005 1975 Pesty
1029 1908 1071 1960 As
1094 1907 1180 1960 6111161
1204 1907 1262 1976 rtpi
1279 1907 1439 1976 odmoepytlt
1457 1907 1501 1973 II,
1527 1911 1579 1961 102
1596 1906 1667 1961 eccle
1685 1906 1761 1962 einer

468 1992 689 2065 Ueberlieleraap
706 1993 745 2047 im
763 1993 978 2063 Majtact’cctee
995 1994 1106 2050 Aratio.

1015 2307 1107 2392 1311.
1796 2332 1831 2387 1o

436 2493 517 2559 127
522 2494 554 2560 0.
588 2490 740 2580 Stephon
757 2491 874 2561 ioumr
890 2514 952 2561 ren
969 2491 1110 2562 1161161111
1128 2514 1174 2561 oo
1198 2491 1314 2562 Comes
1333 2490 1531 2561 Demetrias
1548 2490 1622 2560 aad
1643 2489 1761 2561 Comes

358 2610 514 2682 Maliaci
531 2612 587 2681 dle
606 2610 707 2701 Bury
725 2611 838 2703 Fpeer
854 2613 927 2682 aad
944 2613 1054 2703 eioipe
1078 2611 1297 2699 Ortsoltoftco
1307 2614 1378 2700 fiir
1396 2613 1451 2683 die
1469 2617 1589 2682 treacle
1605 2610 1759 2696 Dieaste,

359 2753 447 2825 quae
464 2737 498 2803 et
515 2752 603 2826 quas
622 2730 726 2803 iidem
743 2732 842 2803 nobis
861 2755 884 2805 a
901 2732 1109 2827 temporibus
1123 2731 1295 2804 infantiae
1312 2737 1450 2804 nostrae
1467 2738 1501 2803 61
1518 2730 1701 2803 eorundem
1719 2731 1759 2802 in

359 2850 456 2925 domo
474 2857 595 2925 nostra
611 2851 738 2949 iugiter
754 2851 965 2946 famulando,
983 2853 1080 2926 mille
1094 2852 1214 2925 mortis
1233 2852 1374 2925 casibus
1394 2875 1430 2924 se
1444 2852 1648 2948 exponendo,
1674 2852 1757 2924 fide·

268 3070 271 3073 ,
359 2972 439 3045 liter
456 2973 687 3046 exhibuerunt
712 2980 745 3045 et
770 2974 886 3047 devote
903 2981 936 3046 et
955 2973 1149 3070 specialiter
1174 2979 1321 3067 tempore
1347 2972 1594 3068 persecutionis
1621 2980 1759 3045 nostrae
1796 2993 1828 3045 15

358 3100 391 3166 et
409 3094 578 3188 miseriae,
604 3096 739 3190 quando
758 3095 915 3168 videlicet
931 3096 1018 3168 dura
1036 3102 1069 3167 et
1086 3094 1234 3167 crudelis
1254 3095 1443 3190 persecutio
1470 3100 1651 3189 parentum
1678 3116 1758 3167 nos·

358 3222 489 3287 trorum
505 3238 567 3288 nos
581 3239 625 3288 ex
642 3216 785 3289 consilio
803 3216 993 3290 infidelium
1013 3217 1181 3289 baronum
1199 3215 1416 3311 quorundam
1433 3214 1534 3311 regni
1552 3215 1760 3311 Hungariae

360 3336 437 3409 sine
462 3337 565 3432 culpa
592 3343 710 3410 nostra
736 3344 834 3410 extra
860 3360 1006 3434 regnum
1034 3344 1190 3409 nostrum
1218 3336 1328 3410 voluit
1353 3336 1508 3432 effugare
1525 3358 1604 3408 cnm
1628 3336 1760 3431 effectu,

358 3462 392 3529 61
418 3457 623 3531 solennitate
650 3465 787 3531 nostrae
813 3482 955 3532 coronae
981 3459 1162 3551 denudare,
1196 3458 1299 3529 iidem
1326 3456 1521 3530 Demetrius
1548 3464 1582 3528 et
1607 3456 1757 3530 Michael

359 3577 499 3650 comites
525 3579 643 3652 fideles
670 3581 781 3652 nostri
799 3579 996 3675 praedilecti
1023 3578 1181 3651 omnibus
1209 3578 1366 3675 cognatis
1384 3578 1577 3672 eorundem,
1602 3579 1706 3651 rebus
1724 3584 1757 3651 et
1793 3595 1828 3649 20

357 3700 636 3795 possessionibus
651 3708 726 3796 post
738 3710 872 3797 tergum
892 3701 1030 3796 penitus
1044 3699 1215 3773 derelictis
1229 3699 1328 3771 nobis
1343 3699 1585 3773 adhaeserunt
1604 3700 1754 3788 Quorum

358 3843 451 3892 unos
487 3820 644 3894 videlicet
674 3844 785 3894 comes
813 3820 1008 3894 Demetrius
1036 3820 1079 3893 ad
1105 3828 1260 3893 castrum
1286 3818 1503 3892 Felreteholm
1530 3821 1636 3917 vulgo
1663 3845 1755 3894 nun·

356 3947 519 4037 copatum
554 3943 732 4015 nobiscum
767 3942 923 4034 intravit,
957 3941 1005 4014 ibi
1032 3942 1149 4014 omnia
1174 3964 1301 4037 genero
1329 3940 1547 4013 servitiorum
1571 3942 1670 4016 nobis
1694 3966 1755 4016 ex·

357 4062 471 4135 hibuit
496 4063 581 4136 bono
607 4063 724 4136 animo
750 4071 783 4136 et
808 4063 976 4158 patienter
1002 4063 1045 4135 ad
1071 4069 1230 4135 nostrum
1257 4062 1460 4135 mandatum
1478 4068 1511 4134 et
1528 4070 1757 4160 praeceptum,

358 4183 450 4256 alins
477 4206 558 4255 vero
584 4183 715 4256 scilicet
740 4206 852 4257 comes
870 4182 1022 4256 Michael
1049 4182 1114 4255 duo
1137 4190 1254 4256 castra
1271 4183 1453 4256 eorundem
1474 4191 1588 4257 nostro
1606 4184 1755 4277 nomine,
1791 4199 1825 4253 25

356 4312 510 4377 castrum
528 4304 640 4398 Fyzer
665 4313 698 4377 et
723 4311 877 4379 castrum
895 4300 1093 4397 Temethyn-
1111 4309 1359 4399 nuncupatum,
1385 4327 1429 4376 ex
1446 4312 1622 4399 praecepto
1639 4312 1756 4377 nostro

357 4433 475 4499 cenna
501 4448 636 4497 omnem
663 4426 848 4520 potentiam
874 4424 984 4520 patris
1012 4423 1122 4496 nostri
1148 4429 1181 4497 61
1207 4424 1402 4497 infidelium
1428 4424 1528 4520 regni
1546 4423 1658 4497 nostri
1676 4447 1756 4496 con·

358 4545 521 4638 servarit,
555 4546 643 4618 dona
680 4570 740 4619 seu
778 4545 1024 4642 promissiones
1052 4551 1234 4640 parentum
1260 4552 1456 4618 nostrorum
1482 4544 1620 4640 penitus
1647 4544 1759 4618 noluit

357 4668 529 4757 exaudire,
557 4667 614 4740 sed
642 4667 805 4740 fidelitate
831 4667 930 4739 nobis
957 4666 1149 4762 permansit
1174 4666 1342 4762 adoptata
1377 4666 1422 4739 Et
1448 4667 1584 4739 demum
1611 4689 1690 4739 cum
1717 4665 1757 4738 de

358 4796 471 4862 castro
488 4787 706 4861 Felreteholm
725 4786 881 4859 comitem
904 4786 1115 4860 Demetrium
1142 4786 1180 4857 in
1202 4786 1372 4882 legatione
1397 4794 1518 4861 nostra
1545 4785 1687 4880 speciali
1714 4786 1758 4858 ad
1795 4802 1830 4856 so

358 4917 518 5007 parentes
541 4916 677 4982 nostros
700 4932 809 4981 causa
830 4908 1066 5002 impetrandae
1085 4906 1338 4980 misericordiae
1355 4907 1588 5000 misissemus,
1614 4906 1759 4980 eundem

358 5029 572 5103 Laurencius
608 5030 706 5103 lilius
732 5029 882 5122 Kemyn,
916 5028 976 5123 qui
1013 5035 1168 5101 nostrum
1204 5034 1359 5101 casuum
1385 5028 1561 5101 obsidebat
1586 5034 1620 5099 61
1645 5026 1758 5099 vitam

359 5157 512 5224 nostram
536 5152 756 5247 exstinguere
782 5149 948 5245 cupiebat,
974 5149 1173 5245 captivavit,
1200 5149 1258 5220 nbi
1284 5172 1345 5244 pro
1371 5148 1536 5221 fidelitate
1561 5147 1663 5220 nobis
1690 5147 1758 5219 irn-

359 5271 537 5368 pendenda
553 5271 708 5367 gravitm
724 5270 793 5343 fuir
809 5277 1036 5343 tormentatus
1056 5270 1100 5343 ab
1113 5270 1237 5342 eodem.
1259 5269 1411 5342 Tandem
1428 5268 1602 5365 inspirata
1619 5267 1762 5340 caelesti

517 5454 537 5521 ¹)
556 5453 649 5507 Mum
666 5454 716 5520 fiir
734 5452 764 5506 D
783 5453 836 5506 laer
853 5452 985 5522 pelessae.
1463 5503 1466 5510 ,
1696 5504 1700 5512 ,
1797 5450 1832 5504 35
