4088 6292
929 609 1084 702 gm—

305 796 512 880 supremitata
526 800 576 860 est
596 800 750 860 renovata
764 816 830 860 una
851 801 936 861 meta
957 798 1099 879 antiqua,
1122 794 1237 860 abhinc
1250 814 1308 879 per
1322 794 1415 860 bercr
1431 796 1572 859 eiusdem
1589 796 1707 861 montis

305 919 419 964 versus
450 899 646 963 occidentem
673 894 780 963 eundo
803 905 852 964 ast
873 906 1026 964 renovata
1052 900 1114 963 alia
1134 906 1220 964 meta
1250 901 1390 981 antiqua
1423 899 1547 964 Deinde
1577 901 1707 965 venitur

305 1004 345 1067 ad
375 1003 535 1085 quendam
564 1003 784 1087 monticulum,
817 1005 852 1066 in
874 1004 966 1067 cuius
996 1004 1094 1067 latere
1124 1009 1201 1068 sunt
1230 1025 1249 1067 a
1278 1010 1368 1088 parte
1396 1004 1595 1067 meridionali
1624 1005 1706 1068 duae

304 1112 406 1172 metae
428 1108 588 1189 antiquae,
610 1112 643 1170 et
665 1107 783 1171 exinde
804 1127 940 1192 parvum
955 1107 1086 1190 girando
1109 1108 1175 1171 itur
1197 1108 1237 1170 ad
1260 1108 1420 1189 quendam
1442 1113 1583 1171 montem
1605 1108 1703 1171 altum

253 1219 270 1272 5
305 1212 468 1293 ulvosum,
489 1211 524 1273 in
547 1210 640 1274 cuius
663 1211 804 1295 suppede
826 1211 883 1274 ubi
906 1212 1061 1293 quaedam
1084 1212 1136 1273 via
1157 1211 1263 1295 ipsum
1285 1211 1377 1275 bercz
1402 1212 1515 1276 dividit
1532 1217 1610 1276 sunt
1624 1212 1706 1276 duae

304 1320 408 1379 metae
435 1315 595 1396 antiquae,
626 1333 763 1396 quarum
792 1335 859 1378 una
888 1322 937 1379 est
965 1320 1125 1378 renovata
1160 1314 1285 1378 Abhinc
1315 1316 1514 1379 ascendendo
1544 1317 1579 1378 in
1608 1316 1706 1380 latere

305 1418 406 1503 ipsius
427 1419 546 1482 montis
568 1418 676 1481 silvosi
706 1423 755 1482 θεῖ
777 1437 842 1483 una
862 1424 948 1483 meta
977 1419 1117 1500 antiqua,
1146 1419 1180 1481 in
1203 1418 1367 1483 cacumine
1398 1420 1540 1483 ciusdem
1562 1419 1707 1483 similiter

305 1542 371 1586 una
393 1526 477 1586 meta
504 1522 638 1604 antiqua
659 1529 821 1605 renovata,
850 1520 946 1606 ubil1)
969 1524 1182 1586 terndnantur
1208 1528 1310 1586 metae
1333 1528 1462 1607 aparte
1484 1543 1582 1607 supra
1604 1523 1706 1587 dictae

307 1625 470 1710 Chergeod
492 1625 634 1709 Bulgan‘j
666 1631 698 1689 θῖ
727 1626 842 1690 deinde
870 1627 982 1711 incipit
1013 1626 1146 1689 vicinari
1173 1627 1317 1689 terminis
1347 1631 1448 1691 terrae
1474 1627 1706 1710 Veresegyhan

237 1735 272 1790 10
308 1748 390 1812 quae
420 1734 468 1793 θεῖ
496 1727 637 1792 filiorum
658 1728 800 1794 Danielis
829 1737 862 1794 et
884 1729 1069 1811 salamonis
1099 1728 1154 1791 ubi
1184 1730 1295 1813 incipit
1323 1750 1454 1814 pergere
1485 1731 1706 1794 descendendo

305 1852 364 1918 per
385 1833 486 1915 bercz,
509 1832 565 1898 ubi
587 1834 621 1896 in
638 1834 775 1914 quodam
797 1835 972 1898 monticulo
995 1839 1044 1897 θεῖ
1058 1834 1161 1918 posita
1184 1853 1248 1897 una
1267 1839 1359 1915 meta,
1383 1839 1415 1898 θῖ
1429 1854 1486 1918 per
1508 1835 1591 1898 idem
1614 1835 1706 1898 bercz

306 1956 419 2001 versus
442 1938 638 2001 occidentem
661 1936 766 2000 eundo
790 1942 839 2001 θεῖ
860 1943 1014 2001 renovata
1035 1943 1068 2001 et
1085 1943 1191 2001 erecta
1212 1957 1278 2000 una
1300 1944 1384 2001 meta
1406 1958 1491 2002 nova
1512 1944 1545 2002 et
1566 1939 1610 2001 ibi
1632 1937 1707 2002 ilec-

306 2040 384 2104 titur
413 2059 527 2105 versus
557 2040 749 2122 aquilonem,
779 2040 835 2103 ubi
866 2042 899 2103 in
924 2042 1061 2123 quodam
1092 2041 1266 2104 monticulo
1290 2046 1339 2104 est
1368 2043 1472 2125 posita
1502 2047 1587 2106 meta
1613 2061 1706 2106 nova.

303 2143 346 2208 dt
367 2144 484 2209 exinde
506 2144 540 2207 in
563 2144 624 2207 alio
640 2144 814 2208 monticulo
838 2165 979 2209 concavo
987 2145 1009 2223 ²)
1032 2150 1081 2209 est
1095 2146 1198 2229 posita
1220 2166 1285 2208 uua
1307 2152 1392 2209 meta
1410 2166 1501 2229 nova,
1525 2146 1628 2210 adhuc
1649 2165 1707 2229 per

236 2254 269 2308 15
305 2249 442 2312 eundem
471 2248 564 2312 bercz
595 2249 738 2312 similiter
768 2248 801 2311 in
824 2249 924 2312 fracto
946 2248 1121 2311 monticulo
1148 2255 1197 2312 est
1218 2250 1321 2333 posita
1342 2269 1408 2313 una
1437 2257 1522 2314 meta
1553 2270 1646 2333 nova,
1675 2258 1707 2315 et

304 2352 418 2416 deinde
448 2352 607 2416 tendendo
637 2371 694 2436 per
723 2353 861 2416 eundem
892 2352 984 2416 beroa
1006 2353 1041 2416 in
1062 2353 1193 2436 planitie
1216 2359 1264 2417 est
1289 2373 1355 2416 una
1385 2359 1470 2417 meta
1499 2373 1584 2417 nova
1613 2354 1705 2418 iuxta

303 2456 396 2519 viam.
430 2455 553 2520 Deinde
575 2456 688 2519 iterato
711 2458 745 2519 in
768 2464 876 2521 monte
900 2462 975 2520 sunt
998 2458 1080 2519 duae
1102 2462 1204 2519 metae
1227 2456 1387 2538 autiquae,
1411 2477 1548 2539 quarum
1570 2477 1636 2521 una
1658 2462 1707 2521 est

303 2565 464 2642 renovata,
487 2579 570 2642 quac
593 2560 834 2643 distinguuntur
857 2580 875 2623 a
897 2567 986 2644 parte
1010 2564 1166 2623 terrarum
1185 2559 1343 2624 Herbardi
1366 2566 1398 2625 et
1419 2561 1542 2625 Nicolai
1564 2561 1705 2625 filiorum

303 2663 408 2728 Blasii.
441 2662 568 2727 Abhinc
597 2663 818 2727 descendendo
847 2683 904 2748 per
935 2684 1035 2728 unum
1063 2664 1155 2728 bercz
1185 2665 1250 2728 itur
1271 2666 1482 2748 perlongum
1515 2666 1652 2749 spatium
1675 2671 1708 2730 et

234 2771 270 2826 20
303 2765 416 2830 finitam
429 2768 534 2850 ipsum
548 2766 642 2831 bercz
658 2774 689 2831 et
703 2768 891 2851 pervenitur
906 2766 1146 2851 addimentum,
1168 2769 1224 2850 qui
1239 2766 1333 2832 fluvit
1347 2789 1405 2853 per
1419 2769 1528 2833 villam
1543 2769 1707 2852 Chergeod

303 2871 434 2954 capituli
456 2871 607 2935 ecclesiae
628 2871 853 2935 Transilvanae
870 2872 1064 2955 praedictam
1085 2890 1143 2954 per
1165 2891 1312 2955 magnam
1329 2873 1444 2937 vallem
1468 2878 1500 2937 et
1522 2873 1709 2957 pervenitur

303 2975 344 3037 ad
365 2980 498 3058 puteum
521 2974 652 3039 Pinicus
673 2976 881 3039 nummatum.
904 2974 1028 3052 Quibus
1046 2976 1091 3039 ita
1112 2976 1248 3060 peractis
1271 2996 1367 3061 super
1390 2978 1528 3059 quadam
1550 2976 1706 3061 particula

303 3083 407 3143 terrae
436 3079 579 3143 eiusdem
609 3078 774 3163 Chorgeod
804 3099 823 3143 a
851 3087 941 3163 parte
970 3078 1109 3142 filiorum
1139 3078 1236 3142 Blasii
1267 3079 1443 3144 Nicolauus
1474 3080 1513 3144 de
1543 3080 1708 3165 Monesen,

303 3181 455 3245 Albertus
477 3188 510 3246 et
531 3181 648 3247 Petrus
662 3183 760 3246 villici
782 3202 909 3247 necnon
932 3183 1100 3246 duodecim
1122 3183 1218 3246 iurati
1240 3203 1276 3247 ac
1296 3190 1363 3248 tota
1378 3185 1589 3249 communitas
1611 3184 1706 3248 villae

233 3288 268 3343 25
302 3284 458 3349 Monorad
479 3288 609 3350 nomine
639 3286 761 3351 abbatis
784 3288 823 3350 de
845 3287 946 3370 Egres
969 3287 1089 3350 domini
1120 3305 1231 3350 eorum
1254 3288 1532 3370 contradixissent
1562 3294 1595 3352 et
1618 3288 1705 3370 quod

303 3389 415 3453 eodem
436 3389 487 3452 die
509 3395 542 3452 et
563 3388 632 3453 loco
664 3391 830 3453 dominum
846 3390 997 3454 abbatem
1024 3410 1121 3473 supra
1150 3391 1315 3473 dictosque
1338 3391 1516 3472 Nicolaum,
1539 3391 1707 3455 Albertum

303 3498 335 3557 θῖ
349 3493 480 3557 Petrum
502 3493 682 3556 nominatos
706 3514 830 3558 necnon
854 3495 1021 3558 duodecim
1043 3495 1164 3558 iuratos
1188 3514 1224 3558 ac
1246 3500 1345 3557 totam
1365 3495 1473 3558 villam
1488 3495 1644 3559 Monorad
1664 3496 1708 3559 ci·

302 3601 424 3661 tasscnt
445 3602 556 3659 contra
578 3597 700 3660 dictum
714 3599 888 3681 capitulum
906 3599 1080 3662 Albensem
1097 3597 1248 3662 ecclesiae
1262 3599 1487 3663 lhansilvanaa
1509 3600 1544 3662 in
1558 3619 1707 3683 praesen·

303 3700 380 3764 tiam
402 3699 560 3783 magnifici
582 3702 643 3763 viri
658 3701 795 3764 Thomae
819 3702 973 3765 vaivodae
992 3701 1191 3765 Transilvaui
1218 3703 1257 3765 ad
1278 3708 1405 3765 octavas
1420 3703 1492 3766 festi
1508 3703 1707 3767 Pentecostis

234 3807 270 3862 30
304 3823 392 3867 nunc
406 3803 589 3881 venturae
612 3805 740 3868 eosdem
755 3805 932 3886 Nicolaum,
949 3805 1118 3868 Albertum
1137 3812 1170 3868 et
1183 3805 1316 3868 Petrum
1338 3825 1375 3868 ac
1398 3806 1565 3870 duodecim
1586 3807 1708 3870 iuratos

303 3906 432 3969 domino
465 3906 571 3970 abbati
604 3912 781 3972 statuentes
814 3909 1023 3973 comittentes.
1059 3907 1179 3972 Datum
1213 3913 1305 3972 sexta
1337 3909 1416 3973 ieria
1449 3910 1597 3992 proxima
1630 3916 1705 3974 ante

302 4009 421 4074 festum
434 4009 625 4075 Pentecoste
648 4030 745 4095 supra
768 4011 897 4093 dictum,
920 4031 1004 4075 anno
1028 4012 1148 4076 domini
1170 4011 1337 4076 millesimo
1359 4015 1580 4077 trecentesimo
1604 4021 1705 4078 sexto.

963 4304 1057 4386 305.

379 4468 488 4536 1306
514 4465 651 4557 depost
678 4469 736 4537 21.
777 4466 854 4538 Der
880 4468 1039 4539 Koooeat
1065 4491 1130 4539 oca
1156 4467 1252 4538 Kera
1288 4467 1425 4558 bercupt
1451 4469 1518 4540 dea
1542 4470 1708 4541 machera

231 4604 266 4659 35
302 4583 478 4657 Szakadct
495 4587 569 4659 wad
585 4586 776 4660 Kcraccacl
797 4587 931 4677 betreffl
949 4590 1045 4660 cicer
1070 4586 1183 4659 Wiesc
1200 4587 1494 4679 cbpcschlosscoea
1519 4588 1705 4678 Verplcicb.

456 4733 615 4801 Abachrift:
638 4733 761 4803 Kentlny
779 4734 902 4802 Diplom.
922 4736 1053 4803 supplem.
1072 4736 1098 4801 I,
1123 4740 1173 4790 151
1195 4752 1247 4789 aaa
1265 4736 1314 4789 cicr
1332 4735 1494 4805 Sammluop
1511 4736 1558 4789 dea
1576 4736 1707 4803 Biacltofs

405 4819 496 4889 Ipnaa
512 4819 646 4887 Battydn,
665 4824 745 4872 notar
763 4821 816 4874 den
834 4821 974 4888 Schriften
993 4823 1040 4875 dea
1058 4823 1188 4889 Propstea
1207 4821 1329 4889 Stephon
1347 4822 1458 4891 Fatoplt,
1476 4822 1636 4876 walcherio
1654 4822 1708 4876 dau

405 4904 513 4959 Jaoren
530 4908 600 4959 1782
617 4905 660 4959 bis
678 4910 746 4960 1825
764 4907 824 4960 dem
848 4908 1072 4977 Weisaeahurpar
1090 4907 1206 4976 Kapitel
1224 4908 1355 4977 copchdrt
1372 4908 1429 4961 bat.

456 5063 642 5128 Conventus
664 5066 848 5129 monasterii
871 5065 981 5130 beatae
1003 5065 1123 5129 Mariae
1150 5065 1283 5148 virginis
1306 5066 1340 5129 iu
1363 5065 1511 5130 Oandelis
1534 5067 1573 5131 de
1597 5066 1702 5130 Kerch

232 5173 267 5228 40
301 5166 473 5231 memoriae
495 5168 755 5232 commendamus
776 5169 945 5252 universis
970 5170 1057 5251 quod
1080 5169 1206 5232 villicus
1230 5176 1262 5233 et
1285 5169 1395 5253 populi
1420 5170 1459 5234 de
1482 5170 1642 5233 Zakadath
1666 5170 1706 5233 ab

461 5305 481 5369 ¹)
499 5302 578 5356 Blctt
598 5307 620 5357 7.

459 5389 481 5456 ²)
503 5387 636 5458 Vorlcpc:
654 5405 774 5444 concaco.

459 5476 482 5543 ⁸)
499 5474 565 5530 Mai
580 5479 623 5532 29.
666 5531 667 5534 ,
