4106 6294
969 631 1124 726 244—

348 819 411 883 loci
431 819 612 902 decanatus,
635 839 709 883 cum
730 821 832 884 nostri
854 821 947 903 sigilli
978 822 1154 885 munimine
1183 823 1362 906 praesentia
1383 822 1541 887 duximus
1561 823 1750 887 roboranda

348 921 468 986 Datum
491 943 575 986 anno
599 923 718 986 domini
742 902 958 1004 isodovlifl,
981 924 1052 987 Vll.
1074 924 1153 988 Idus
1175 926 1328 1009 Aprilis.¹)

176 1032 314 1086 Terminus
505 1024 629 1102 Quibus
651 1029 877 1112 procuratoriis
899 1029 973 1091 hinc
995 1029 1070 1092 inde
1086 1029 1235 1092 exhibitis
1258 1029 1362 1093 dictus
1381 1030 1530 1093 dominus
1553 1031 1680 1094 auditor
1701 1051 1750 1095 as‘

173 1112 206 1165 ω
225 1111 318 1179 recipi·
350 1130 489 1213 signavit
504 1132 677 1195 terminum
693 1132 784 1195 dictis
799 1132 1060 1215 procuratoribus
1071 1152 1175 1195 coram
1190 1152 1226 1195 eo
1244 1134 1464 1216 praesentibus
1479 1135 1519 1197 ad
1534 1136 1751 1219 recipiendum

167 1191 323 1328 {ffmumpffl
350 1235 473 1318 copiam
494 1235 647 1318 ipsorum,
670 1235 827 1299 sivolunt
848 1243 881 1299 et
903 1237 942 1298 ad
958 1237 1128 1300 dicendum
1144 1243 1255 1300 contra
1277 1238 1346 1320 ipsa
1367 1245 1399 1301 et
1414 1238 1491 1301 alias
1514 1239 1553 1301 ad
1576 1239 1749 1302 videndum
1786 1250 1803 1301 5

167 1337 324 1426 suammet
350 1344 531 1422 aperturam
554 1345 586 1402 et
607 1339 854 1423 publicationem
878 1341 1008 1403 testium
1031 1346 1063 1403 et
1078 1341 1241 1404 literarum
1264 1341 1406 1404 iudicum
1429 1362 1526 1425 supra
1541 1342 1698 1405 dictorum
1721 1350 1752 1405 et

179 1415 314 1549 {itfflg
350 1442 428 1506 alias
457 1443 497 1505 ad
527 1443 763 1525 procedendum
793 1444 827 1506 in
850 1463 955 1526 causa,
984 1451 1022 1508 ut
1044 1444 1083 1508 de
1105 1446 1175 1508 iure
1201 1446 1306 1523 fuerit,
1336 1446 1376 1508 ad
1399 1446 1482 1508 diem
1505 1445 1614 1509 Lunae
1636 1447 1674 1509 V.
1703 1447 1752 1509 in-

189 1574 305 1627 matium.
351 1548 464 1610 stantis
473 1546 495 1624 ²)
518 1548 636 1611 mensis
658 1547 733 1610 Maii
756 1550 993 1632 peremptoriae.

173 1659 319 1714 Publicatio
506 1650 566 1716 Die
588 1650 698 1715 Lunae
721 1651 759 1714 V.
781 1651 866 1729 Maii,
896 1654 1048 1736 septimae
1073 1653 1255 1716 indictionis
1285 1654 1541 1736 comparentibus
1564 1654 1657 1718 dictis
1679 1674 1752 1738 pro·

179 1738 314 1827 mmm
351 1756 552 1820 curatoribus
581 1756 752 1837 utriusque
781 1758 879 1840 partis
902 1759 935 1820 in
958 1758 1075 1821 iudicio
1098 1777 1204 1820 coram
1227 1756 1310 1819 dicto
1334 1757 1462 1820 domino
1493 1757 1637 1821 auditore
1667 1758 1751 1822 idem
1789 1768 1822 1822 10

169 1819 323 1871 mm
355 1859 503 1923 dominus
532 1860 660 1923 auditor
689 1859 728 1923 de
758 1861 898 1943 ipsorum
929 1867 1170 1945 procuratorum
1205 1880 1364 1925 consensu
1397 1862 1628 1945 pronunciavit,
1658 1883 1755 1947 supra

351 1963 453 2028 dictos
475 1970 572 2028 testes
595 1970 628 2028 et
649 1964 756 2028 literas
778 1965 846 2028 fore
861 1971 987 2048 apertos
1010 1970 1042 2028 et
1056 1964 1242 2047 publicatos,
1264 1972 1297 2028 et
1318 1986 1376 2049 pro
1399 1967 1516 2049 apertis
1532 1972 1564 2029 et
1585 1966 1754 2049 publicatis

351 2068 459 2132 haberi
482 2068 618 2132 offerens
640 2069 770 2150 utrique
792 2069 874 2152 parti
897 2069 1019 2152 copiam
1043 2069 1082 2132 de
1105 2069 1232 2133 eisdem.

174 2178 318 2237 Productio
506 2174 592 2237 Ante
609 2178 715 2237 tamen
730 2173 976 2257 publicationem
992 2174 1135 2256 ipsorum
1155 2173 1260 2237 dictus
1275 2174 1424 2237 dominas
1439 2173 1610 2238 Bertoldus
1625 2176 1754 2238 nomine

179 2259 315 2315 litem
351 2282 384 2340 et
404 2297 462 2361 pro
477 2282 567 2360 parte
590 2277 748 2340 dictorum
770 2277 981 2361 capitulorum
1002 2283 1035 2341 et
1053 2278 1309 2357 universitatum,
1334 2297 1471 2359 quorum
1487 2285 1674 2362 procurator
1697 2287 1753 2361 est,
1790 2289 1823 2341 15

192 2355 302 2472 effigi,
351 2382 504 2464 produxit
527 2387 559 2445 et
580 2381 726 2445 exhibuit
741 2383 774 2444 in
796 2382 914 2444 iudicio
938 2401 1043 2444 coram
1060 2382 1145 2445 dicto
1162 2382 1290 2445 domino
1306 2382 1452 2465 Philippo
1476 2389 1642 2466 praesente
1664 2403 1754 2467 prae-

352 2484 435 2548 dicto
452 2484 567 2549 Sancto
590 2490 796 2569 procuratore
819 2486 917 2568 partis
939 2485 1091 2549 adversae
1112 2486 1220 2549 literas
1242 2486 1326 2549 inira
1348 2487 1481 2569 scriptas
1496 2487 1536 2549 ad
1559 2487 1754 2551 fundandam

351 2596 384 2652 et
405 2588 600 2673 probandam
622 2591 832 2653 intentionem
854 2608 946 2652 suam
968 2589 1082 2652 melius
1105 2607 1202 2671 super
1224 2590 1401 2672 praedictis.
1425 2589 1568 2666 Quarum
1590 2591 1755 2654 literarum

352 2698 445 2757 tenor
467 2693 539 2757 talis
562 2698 617 2757 est

170 2809 326 2877 literaepro
508 2796 674 2861 Ladislaus
704 2797 840 2861 vaivoda
861 2798 1107 2862 Transsiluanus
1137 2803 1170 2861 et
1192 2816 1298 2860 comes
1324 2798 1363 2861 de
1386 2798 1521 2861 Zoulruk
1550 2798 1659 2860 amicis
1689 2798 1756 2861 suis
1790 2807 1825 2862 20

194 2886 303 2941 clericis.
353 2900 522 2964 carissimis
552 2902 752 2966 universitati
775 2901 941 2966 Saxonum
968 2902 1007 2966 de
1030 2901 1152 2965 Zibinio
1184 2901 1354 2964 amicitiam
1385 2902 1522 2966 debitam
1545 2908 1577 2966 et
1606 2909 1755 2986 paratam.

353 3005 469 3069 Vestra
498 3006 636 3069 amicitia
657 3006 739 3070 bene
762 3007 830 3088 scit,
861 3007 948 3087 quod
969 3026 1028 3069 vos
1057 3012 1089 3069 et
1110 3006 1151 3068 ad
1174 3025 1231 3068 vos
1263 3007 1459 3089 pertinentes
1482 3026 1607 3090 semper
1636 3007 1757 3071 fuimus

353 3109 513 3191 porsecuti
528 3129 602 3173 cum
617 3111 799 3173 omnimoda
821 3117 931 3174 nostra
945 3110 1122 3174 dilectione.
1150 3110 1312 3173 Petivistis
1327 3118 1434 3174 autem
1451 3130 1510 3174 nos
1526 3109 1626 3174 literis
1642 3112 1757 3175 vestris

353 3213 567 3277 mediantibus
585 3214 761 3297 diligenter,
784 3220 821 3278 ut
843 3214 1022 3278 sacerdotes
1044 3216 1077 3277 in
1101 3215 1204 3278 medio
1228 3215 1326 3277 vestri
1349 3214 1524 3277 existentes
1547 3214 1598 3279 vel
1620 3217 1756 3280 nuncios

352 3317 496 3400 ipsorum
510 3336 568 3401 per
589 3323 699 3381 nostra
720 3322 833 3382 tenuta
854 3318 894 3381 ad
917 3318 1081 3381 dominum
1099 3318 1241 3400 legatum
1263 3318 1353 3381 exire
1375 3317 1473 3381 libere
1490 3320 1755 3402 permitteremus,
1792 3326 1826 3381 25

355 3440 429 3485 cum
461 3441 519 3505 per
552 3428 661 3485 nostra
697 3425 808 3485 tenuta
837 3441 947 3485 omnes
977 3422 1185 3505 procedentes
1215 3421 1314 3485 libere
1345 3422 1558 3485 transiverint
1595 3423 1757 3487 Noveritis

357 3525 444 3607 quod
473 3544 534 3589 nos
562 3532 701 3589 vestram
731 3526 972 3589 universitatem
995 3531 1027 3589 et
1049 3525 1227 3608 praedictos
1250 3525 1431 3589 sacerdotes
1453 3527 1694 3591 exhortavimus
1718 3528 1757 3591 de

355 3648 449 3712 saepe
471 3631 606 3713 saepius
628 3637 666 3693 ut
687 3629 825 3713 capitulo
849 3629 888 3692 de
910 3629 1119 3713 proventibus
1140 3630 1283 3713 ipsorum
1307 3628 1518 3694 sufficientem
1537 3632 1758 3715 impenderent

355 3732 610 3813 satisfactionem,
639 3734 724 3814 quod
754 3733 907 3797 hactenus
930 3734 1033 3797 iacere
1063 3754 1129 3796 non
1159 3742 1321 3797 curarunt.
1360 3733 1462 3818 Super
1493 3754 1557 3815 quo
1588 3735 1757 3798 amicitiam

356 3841 480 3898 vestrae
510 3836 727 3901 universitatis
748 3838 942 3919 requirimus
968 3843 1001 3901 et
1022 3837 1240 3919 admonemus,
1271 3845 1432 3919 quatenus
1455 3838 1631 3922 praedictos
1655 3859 1757 3902 sacer-
1793 3847 1828 3899 30

356 3938 446 4001 dotes
469 3939 509 4001 ad
531 3938 590 4001 hoc
612 3940 764 4004 inducere
788 3941 901 4024 velitis,
917 3948 955 4005 ut
969 3942 1028 4025 ipsi
1044 3942 1183 4025 capitulo
1199 3947 1231 4006 et
1247 3943 1286 4006 de
1301 3941 1510 4025 proventibus
1525 3943 1758 4027 episcopalibus

356 4041 565 4106 sufficientem
580 4043 766 4127 impendant
781 4046 1028 4110 satisfactionem
1043 4053 1076 4109 et
1090 4047 1124 4108 in
1140 4047 1321 4109 huiusmodi
1339 4047 1476 4129 litigium
1496 4066 1561 4109 non
1576 4048 1758 4131 procedant,

356 4147 433 4228 quia
454 4164 495 4210 ne
517 4147 599 4211 forte
621 4148 740 4213 eisdem
762 4151 926 4233 contingat
947 4151 1077 4234 gravius
1100 4152 1205 4235 ipsum
1228 4151 1373 4233 litigium,
1396 4157 1428 4213 et
1451 4169 1511 4213 nos
1533 4151 1660 4214 eosdem
1684 4172 1758 4214 cum

358 4251 441 4314 dicto
465 4251 604 4334 capitulo
623 4252 867 4316 reformabimus
882 4259 1007 4316 nostras
1022 4260 1129 4337 partes
1144 4255 1376 4339 interponendo
1392 4256 1424 4316 in
1442 4254 1500 4316 hac
1515 4260 1612 4338 parte.
1640 4253 1759 4318 Datum

357 4355 391 4417 in
413 4354 513 4436 Deua,
539 4356 573 4417 in
596 4355 705 4438 vigilia
726 4354 836 4420 beatae
859 4356 1030 4421 Katerinae
1053 4359 1185 4442 virginis
1208 4366 1241 4423 et
1264 4359 1446 4441 martyris.³)
1794 4365 1828 4419 35

512 4459 593 4524 ltem
623 4459 735 4524 eodem
765 4459 816 4524 die
844 4466 876 4524 et
905 4461 939 4523 in
966 4462 1077 4525 eodem
1100 4463 1216 4526 iudicio
1240 4463 1389 4527 dominus
1411 4462 1547 4526 Sanctus
1569 4472 1758 4547 procurator

356 4564 487 4647 capituli
515 4564 759 4628 Transsiluanae
787 4566 1006 4648 procuratorio
1040 4568 1169 4631 nomine
1197 4569 1299 4652 ipsius
1333 4567 1496 4630 accusavit
1525 4569 1757 4633 contumaciam

356 4667 485 4731 illorum
508 4667 548 4732 de
572 4673 662 4752 parte
684 4668 827 4749 adversa,
852 4670 907 4751 qui
929 4675 1006 4733 sunt
1027 4677 1232 4736 contumaees
1254 4679 1286 4736 et
1307 4691 1367 4735 uec
1389 4691 1446 4755 per
1468 4691 1502 4736 se
1525 4692 1584 4736 nec
1606 4692 1664 4757 per
1685 4693 1758 4757 pro-

357 4777 536 4836 curatorem
557 4772 708 4836 idoneum
731 4792 912 4857 comparere
935 4781 1097 4855 curarunt,
1120 4781 1232 4859 petens
1255 4796 1327 4839 cum
1350 4777 1510 4858 instantia,
1537 4777 1758 4840 excommuni-

357 4875 490 4939 cationis
513 4876 703 4940 sententiam
733 4885 845 4942 contra
873 4898 928 4942 eos
957 4878 1053 4943 latam
1084 4880 1261 4944 secundum
1292 4881 1379 4962 quod
1407 4881 1487 4944 iuris
1519 4881 1595 4944 ordo
1618 4882 1760 4965 postulat
1793 4885 1829 4939 40

358 4980 531 5062 aggravari

206 5088 304 5159 legiti-
514 5083 690 5167 Postquam
720 5087 825 5150 statim
856 5089 890 5151 in
921 5088 1033 5152 eodem
1059 5087 1176 5152 iudicio
1207 5088 1392 5171 interrogati
1427 5089 1502 5153 dicti
1538 5095 1761 5173 procuratores

182 5167 263 5222 ΜΟ
271 5183 332 5236 1³¹⁰·
358 5205 416 5271 per
437 5187 559 5252 dictum
581 5188 753 5289 dominum,
774 5190 961 5273 auditorem,
991 5193 1018 5256 si
1050 5191 1198 5255 volebant
1228 5191 1349 5273 aliquid
1380 5192 1516 5257 obiicere
1547 5199 1659 5257 contra
1688 5213 1761 5276 pro·

190 5245 320 5300 auratorii

516 5340 536 5409 ι)
554 5340 639 5411 April
659 5347 681 5397 7.

513 5427 536 5496 ⁸)
558 5427 692 5500 Vorlope:
709 5429 819 5485 istantis.
1795 5432 1830 5486 45

513 5515 534 5586 ⁸)
554 5517 623 5569 1308
640 5514 792 5571 November
808 5520 852 5572 24.
869 5546 904 5559 -
922 5517 1035 5573 Druck:
1054 5517 1140 5586 rerer
1161 5518 1252 5575 codsa
1274 5518 1363 5588 VIII,
1380 5524 1406 5589 5,
1424 5523 1467 5575 51.
