4088 6292
959 604 1025 671 209

946 827 1041 913 280.

365 1014 473 1083 1298
488 1010 633 1084 Joaccr
649 1014 709 1084 13.
733 1012 811 1084 Dos
827 1010 1108 1102 Weisacubarper
1120 1011 1265 1104 Kapitcl
1282 1012 1427 1102 desumi,
1447 1011 1529 1083 dosa
1546 1011 1699 1101 Biacbof

288 1133 416 1206 Petrus
443 1133 503 1205 des
519 1132 645 1206 Bonus
661 1132 801 1225 Mykud
817 1133 1007 1226 Besitauap
1025 1132 1210 1209 caetea
1224 1156 1333 1225 pecca
1349 1133 1443 1205 scine
1459 1132 1692 1225 Becitauaqen

289 1254 518 1344 Morccrejvdr
542 1254 617 1326 used
641 1253 769 1327 Fotudi
795 1255 1026 1348 cinqctauscdt
1052 1255 1122 1328 bct.

238 1416 255 1471 5
448 1417 525 1488 Orio.
542 1419 624 1488 Perq.
642 1418 852 1488 Kapitezarettv
869 1419 1037 1489 Koreoura
1056 1418 1145 1489 Sieqcl
1161 1434 1221 1472 war
1239 1419 1403 1489 capddnpt.

446 1539 560 1595 Druck:
577 1539 695 1594 Katane
707 1541 783 1595 Hict.
795 1540 856 1595 crit.
871 1540 922 1609 VI,
940 1544 1017 1595 1189.
1037 1540 1124 1608 Fejtr
1139 1539 1229 1595 Codes
1245 1538 1296 1607 VI,
1308 1542 1335 1606 2,
1354 1542 1413 1595 149.
1436 1539 1549 1595 Teutsdt
1560 1557 1588 1596 a.
1602 1540 1691 1596 Firu-

393 1626 479 1682 tata
496 1626 569 1681 Stet.
592 1626 675 1681 Urso.
693 1626 719 1695 I,
736 1631 798 1683 204.
822 1626 1006 1682 Densusianu
1023 1627 1192 1682 Documeatc
1208 1630 1268 1681 530.
1326 1644 1328 1648 ⁴

447 1748 560 1819 aaut:
581 1748 745 1803 ruamus
763 1748 809 1802 ur
827 1752 904 1816 ress,
922 1752 983 1804 576.

447 1923 514 1989 Nos
537 1924 712 2009 capitulum
734 1924 884 1989 Albensis
906 1923 1057 1989 ecclesiae
1079 1924 1163 1989 beati
1185 1923 1359 2007 Mycbaelis
1382 1923 1561 2009 archangeli
1578 1923 1693 1989 Trans·

224 2034 258 2087 10
293 2027 435 2093 siluanac
451 2029 621 2093 memoriae
636 2029 894 2093 commendantes
910 2027 1124 2111 significamus
1140 2028 1258 2110 quibus
1276 2027 1407 2112 expedit
1422 2029 1589 2111 universis,
1606 2028 1694 2111 quod

293 2132 484 2196 venerabilis
505 2138 595 2216 pater
617 2132 733 2196 Petrus
756 2132 805 2196 dei
829 2133 930 2216 gratia
952 2132 1121 2216 episcopus
1134 2132 1379 2196 lbanssiluanus
1396 2132 1557 2217 praelatus
1572 2138 1689 2215 noster,

295 2236 351 2317 qui
373 2236 516 2319 diligenti
539 2235 644 2299 studio
668 2241 786 2299 statum
809 2235 960 2300 ecclesiae
981 2236 1067 2300 beati
1085 2234 1260 2319 Myohaelis
1283 2236 1501 2320 augmentavit
1522 2242 1555 2300 et
1576 2236 1610 2299 in
1626 2235 1694 2300 suis

292 2341 547 2424 possessionibus
570 2341 609 2405 de
632 2340 683 2403 die
705 2339 740 2402 in
762 2339 843 2402 diem
875 2341 983 2404 studet
1005 2341 1164 2424 ampliare,
1195 2341 1236 2404 ad
1266 2346 1407 2404 nostram
1429 2341 1583 2405 accedens
1604 2359 1695 2424 prae-

294 2445 428 2509 sentiam
458 2445 623 2508 coufessus
653 2445 744 2527 dixit,
776 2444 929 2525 quasdam
960 2445 1040 2507 duas
1070 2444 1162 2508 villas
1190 2464 1265 2508 suas
1295 2444 1490 2528 episcopales
1520 2445 1695 2528 contiguas,

225 2556 259 2607 15
294 2549 409 2631 Vyuar
430 2553 462 2612 et
484 2548 596 2612 Foludi
628 2555 764 2631 vocatae,
796 2568 853 2633 per
875 2549 1095 2613 concambium
1118 2569 1138 2612 a
1159 2549 1256 2613 Petro
1287 2548 1402 2613 comite
1423 2546 1488 2611 fflio
1512 2546 1696 2631 Sampsouis

295 2656 327 2716 et
348 2651 491 2733 Nycolao
521 2650 586 2715 filio
610 2652 753 2716 eiusdem
775 2672 901 2716 necnon
924 2659 956 2716 et
978 2672 998 2715 a
1019 2653 1169 2736 magistro
1192 2651 1288 2717 Saule
1319 2653 1417 2717 tratre
1445 2652 1547 2736 ipsius
1572 2651 1696 2715 comitis

295 2755 391 2837 Petri,
424 2775 482 2839 pro
506 2755 582 2818 villa
604 2757 706 2820 sancti
727 2756 824 2841 Regis
847 2757 886 2821 de
908 2758 1001 2821 iuxta
1021 2758 1156 2838 Aranas,
1180 2775 1262 2839 quae
1283 2755 1322 2820 ab
1346 2755 1479 2837 antiquo
1510 2754 1697 2838 episcopalis

295 2859 408 2939 iuerat,
431 2859 471 2922 ad
493 2879 567 2924 eum
590 2865 623 2923 ct
644 2879 702 2944 per
716 2880 791 2924 eum
813 2862 853 2925 ed
869 2861 1086 2945 episcopatum
1102 2860 1269 2925 devolutas
1283 2861 1427 2943 inspecta
1441 2858 1577 2923 utilitate
1593 2863 1696 2922 terrac

295 2969 328 3028 et
349 2963 444 3027 villae
458 2962 570 3027 leuna
591 2969 732 3047 vocatae,
756 2983 838 3046 quae
860 2965 945 3028 inter
964 2971 1064 3029 terras
1087 2971 1119 3029 et
1141 2966 1359 3049 possessiones
1384 2962 1577 3048 episcopales
1593 2961 1697 3045 (lycio

226 3074 261 3130 20
296 3073 328 3131 et
348 3068 452 3133 Feres
473 3069 534 3132 sita
556 3068 673 3149 existit,
696 3087 754 3151 pro
775 3069 846 3151 ipsa
868 3073 953 3132 terra
975 3087 1032 3132 seu
1055 3068 1133 3131 villa
1153 3067 1250 3153 lena,
1274 3068 1431 3133 celebrato
1454 3065 1698 3151 permutationis

296 3178 462 3237 contractu
483 3172 607 3254 Mykud
638 3172 720 3236 bauo
742 3170 995 3255 praesentialiter
1024 3190 1130 3235 coram
1153 3172 1245 3236 nobis
1266 3172 1466 3255 comparenti
1488 3177 1521 3236 et
1542 3190 1600 3255 per
1621 3190 1697 3235 eum

296 3277 364 3341 suis
385 3276 556 3341 heredibus
578 3276 772 3340 heredumvo
794 3294 928 3339 suorum
950 3276 1188 3341 successoribus
1217 3277 1251 3340 in
1274 3276 1495 3343 concambium
1517 3275 1643 3340 dedisse
1665 3280 1698 3339 et

296 3380 472 3461 tradidisse,
502 3385 534 3443 et
563 3398 620 3463 per
648 3379 754 3463 ipsum
784 3379 908 3460 Mylmd
939 3379 1058 3443 bunum
1089 3382 1219 3445 nomine
1249 3400 1308 3444 suo
1338 3387 1371 3444 et
1399 3380 1529 3444 nomine
1558 3378 1698 3443 liliorum

296 3504 429 3548 suorum
458 3483 593 3564 Nycolai
624 3482 772 3547 videlicet
799 3481 952 3547 Demetrii
983 3488 1015 3546 et
1035 3483 1132 3565 Petri,
1162 3489 1259 3566 prout
1293 3504 1335 3548 ex
1365 3484 1566 3548 confessione
1598 3484 1699 3567 ipsius

228 3593 262 3648 25
297 3587 440 3652 constitit
462 3605 532 3651 esse
554 3593 697 3671 receptas
720 3593 752 3651 et
775 3587 897 3650 habitas
919 3594 952 3651 et
974 3592 1090 3651 terram
1113 3587 1182 3651 sive
1204 3587 1312 3650 villam
1328 3586 1425 3669 Lona,
1449 3607 1547 3670 quam
1568 3608 1588 3650 a
1609 3593 1700 3670 parte

297 3691 481 3755 monasterii
501 3690 614 3773 Garab,
636 3691 692 3755 ubi
714 3692 799 3755 idem
821 3691 872 3755 ius
894 3696 1082 3774 patronatus
1105 3691 1235 3775 obtinet,
1265 3693 1380 3756 asserit
1399 3710 1458 3775 per
1479 3690 1700 3756 concambium

298 3794 338 3858 ad
360 3813 394 3859 se
417 3795 609 3876 devolutam,
631 3795 665 3858 in
688 3795 739 3858 ius
762 3800 794 3858 et
815 3794 1041 3878 proprietatem
1063 3794 1164 3877 ipsius
1187 3794 1308 3858 domiui
1330 3795 1470 3878 episcopi
1493 3801 1525 3859 et
1546 3814 1605 3879 por
1626 3814 1701 3859 eum

298 3919 432 3964 suornm
454 3918 675 3963 successorum
704 3899 954 3963 irrevocabiliter
975 3897 1176 3962 transtulisse
1198 3899 1252 3962 ius
1273 3899 1405 3963 dominii
1427 3905 1460 3962 et
1481 3898 1701 3984 possessionis,

300 4003 387 4085 quod
416 4003 476 4087 ipsi
498 4002 622 4085 Mykud
652 4001 735 4065 bano
766 4007 798 4065 et
826 4000 900 4065 filiis
930 4002 998 4064 suis
1026 4002 1061 4064 in
1091 4001 1252 4085 praedicta
1281 4002 1359 4066 uilla
1387 4004 1595 4086 competebat,
1626 4021 1701 4066 ase

230 4113 265 4168 30
298 4108 428 4191 penitus
450 4107 635 4171 abdicando.
679 4105 885 4169 Pactionibus
913 4111 946 4170 et
975 4105 1212 4171 conditionibus
1242 4106 1281 4170 ab
1304 4113 1441 4188 unaque
1471 4113 1561 4190 parte
1584 4105 1701 4171 talibus

298 4211 484 4293 intersertis,
516 4210 603 4292 quod
626 4209 653 4273 si
674 4208 798 4291 Mykud
821 4209 923 4274 banus
945 4215 977 4274 et
998 4209 1055 4273 filii
1078 4210 1128 4274 sui
1158 4229 1196 4273 ac
1216 4208 1357 4274 filiorum
1379 4209 1512 4274 heredes
1535 4208 1700 4273 dominum

299 4314 483 4399 episcopum
505 4318 538 4378 et
560 4333 636 4377 suos
658 4332 859 4378 successores
880 4313 915 4376 in
932 4312 1064 4398 pacifica
1077 4314 1279 4397 possessione
1300 4320 1404 4378 tarrae
1427 4333 1485 4377 seu
1501 4313 1596 4377 villae
1610 4311 1700 4377 Lona

299 4422 410 4482 tenere
432 4437 499 4481 non
520 4423 653 4502 possent
667 4416 721 4481 vel
742 4416 866 4482 nollent
881 4417 948 4482 suis
968 4416 1133 4481 laboribus
1148 4421 1181 4481 et
1194 4419 1345 4501 expensis
1368 4418 1542 4500 defensare,
1564 4435 1608 4480 ex
1623 4421 1702 4480 nunc

300 4522 341 4584 ad
362 4539 499 4605 poenam
521 4527 650 4586 centnm
672 4541 851 4586 marcarum
883 4525 1077 4603 tenerentur,
1106 4540 1164 4604 pro
1196 4520 1315 4603 quibus
1337 4526 1467 4585 centum
1489 4519 1604 4583 marcis
1626 4517 1704 4582 villa

232 4632 267 4687 35
301 4624 422 4708 Almus,
444 4624 501 4688 ubi
515 4625 650 4689 ecclesia
664 4625 788 4710 lapidea
808 4626 843 4689 in
865 4625 985 4689 honore
1004 4623 1089 4689 beati
1103 4623 1257 4689 Demetrii
1279 4633 1329 4691 est
1349 4629 1542 4705 constructa
1564 4623 1606 4686 ad
1627 4642 1703 4687 cau-

301 4728 398 4794 telam
428 4729 613 4793 futurorum
643 4729 839 4814 episcopatui
870 4748 912 4793 ex
946 4750 1033 4793 nunc
1066 4736 1210 4795 remanet
1239 4728 1377 4813 obligata
1406 4735 1439 4792 ct
1471 4726 1597 4811 pignori
1630 4727 1704 4790 data

301 4831 423 4896 tamdiu
445 4832 643 4915 retinebitur,
667 4833 769 4897 donec
792 4834 831 4897 de
853 4833 931 4918 ipsis
953 4840 1083 4898 centum
1105 4835 1220 4898 marcis
1238 4852 1296 4917 per
1315 4832 1495 4916 praedictos
1517 4829 1570 4895 vel
1592 4849 1704 4896 eorum

302 4935 435 4999 heredes
471 4936 569 4999 inerit
601 4936 814 5020 satisfactum,
852 4943 884 5001 et
921 4938 1127 5003 nihilominus
1163 4937 1343 5022 praedictae
1380 4936 1461 4999 duas
1496 4935 1590 4999 villae
1624 4953 1704 5016 quas

303 5039 453 5104 dominus
475 5041 643 5124 episcopus
673 5040 707 5102 in
737 5040 957 5104 concambium
987 5041 1107 5105 eisdem
1135 5041 1265 5105 tradidit
1290 5041 1330 5105 ad
1352 5041 1403 5105 ius
1424 5045 1458 5103 et
1478 5039 1704 5123 proprietatem

233 5150 269 5206 40
303 5143 505 5228 episcopatus
527 5144 596 5210 sine
619 5145 727 5227 aliqua
750 5145 936 5226 quaestione
958 5149 1169 5209 revertentur.
1207 5144 1240 5208 Si
1263 5163 1340 5209 voro
1363 5144 1512 5208 dominus
1534 5143 1704 5227 episcopus

302 5246 354 5310 vel
376 5249 427 5312 sui
449 5268 650 5313 successores
672 5249 850 5332 praefatum
865 5249 986 5330 Myknd
1011 5249 1129 5313 banum
1151 5248 1234 5313 filios
1256 5268 1333 5313 suos
1355 5254 1388 5312 et
1408 5247 1546 5311 filiorum
1570 5248 1704 5311 heredes

303 5351 336 5414 in
358 5351 489 5436 pacifica
509 5353 711 5437 possessione
726 5353 875 5417 villarum
897 5353 958 5417 iam
975 5353 1131 5417 dictarum
1151 5353 1234 5417 tueri
1257 5372 1323 5416 non
1345 5357 1476 5436 possent
1497 5351 1550 5416 rel
1571 5350 1705 5433 nollent,

303 5461 381 5520 tnnc
402 5476 460 5541 per
482 5457 620 5521 eundem
643 5457 809 5521 dominum
832 5456 1017 5541 episcopum
1039 5462 1072 5522 ot
1101 5476 1176 5521 suos
1199 5474 1399 5522 successores
1421 5457 1454 5520 in
1476 5455 1705 5542 proprietatem

410 5589 603 5639 urkundenbuch.
1569 5593 1604 5648 14
