4048 6284
1012 584 1056 648 46

333 771 393 834 hac
422 772 492 835 vice
521 791 581 835 nos
611 772 765 836 exaudire
794 773 966 855 curaveris,
996 793 1062 837 non
1092 781 1141 838 est
1162 774 1264 837 nostri
1292 774 1446 857 propositi
1476 775 1611 840 ulterius
1638 775 1737 840 rerba

335 876 467 958 perdere
490 895 587 959 super
609 877 736 958 negotio
761 877 944 942 huiusmodi
974 884 1004 942 te
1027 879 1196 959 monendo,
1219 879 1273 942 sed
1296 885 1394 961 prout
1414 880 1494 942 ratio
1517 880 1736 963 postulaverit

333 980 481 1043 assistere
503 980 537 1042 in
567 981 689 1044 iustitia
711 1000 770 1044 sua
791 982 943 1046 fratribus
966 1001 1059 1065 saepe
1082 981 1184 1062 dictis,
1214 1001 1287 1044 cum
1311 989 1431 1046 tantam
1454 1001 1565 1047 eorum
1586 985 1735 1047 iniuriam

335 1091 368 1146 et
390 1084 616 1147 detrimentum
639 1084 772 1147 subsidii
795 1091 897 1148 terrae
920 1090 1048 1148 sanctae
1064 1085 1262 1149 dissimulare
1278 1086 1414 1169 amplius
1434 1106 1639 1169 nequeamus.
1662 1087 1735 1151 Non

332 1193 441 1250 autem
463 1187 595 1250 moleste
618 1187 700 1250 ierat
721 1194 778 1250 tua
799 1187 986 1269 sublimitas,
1018 1189 1104 1269 quod
1135 1189 1270 1253 dilectus
1293 1189 1380 1253 iilius
1409 1190 1507 1254 frater
1528 1191 1735 1255 Hermannus
1770 1200 1786 1252 5

334 1291 484 1372 magister
506 1292 620 1354 domus
634 1291 795 1374 predictae
810 1291 851 1355 ad
867 1297 955 1355 tuam
969 1294 1181 1375 praesentiam
1197 1313 1264 1357 non
1278 1295 1419 1375 accessit
1436 1297 1589 1376 quoniam
1606 1296 1735 1378 quidem

334 1394 367 1456 id
389 1394 493 1458 tacere
515 1394 628 1476 voluit,
650 1395 706 1458 sed
728 1401 858 1479 propter
881 1396 1036 1476 quaedam
1060 1398 1187 1479 negotia
1209 1398 1360 1462 ecclesiae
1376 1418 1412 1461 ae
1434 1399 1567 1482 imperii
1590 1401 1630 1463 ad
1653 1419 1736 1482 quae

335 1499 500 1561 mactanda
521 1498 711 1562 industriam
733 1504 766 1562 et
782 1498 1026 1564 sollicitudinem
1044 1502 1113 1564 eius
1135 1520 1205 1564 esse
1227 1502 1374 1565 ridemus
1388 1504 1607 1584 necessariam,
1630 1504 1735 1588 ipsum

335 1601 489 1665 duximus
511 1602 723 1685 retinendum,
747 1605 950 1668 serenitatem
973 1612 1060 1668 tuam
1087 1610 1207 1669 attente
1229 1613 1386 1688 rogantes,
1410 1612 1447 1670 ut
1469 1609 1538 1671 eius
1560 1607 1735 1672 absentiam

335 1706 419 1788 apud
442 1706 664 1771 celsitudinem
693 1713 781 1771 tuam
811 1708 980 1791 suppleant
1009 1727 1120 1792 preces
1150 1715 1286 1773 nostrae.
1323 1708 1442 1773 Datum
1463 1709 1620 1793 Laterani,
1643 1710 1734 1775 ΧΠΙ.
1771 1716 1804 1770 10

335 1808 496 1873 Kalendas
519 1808 633 1890 Martii,
656 1830 741 1875 anno
765 1811 895 1874 decimo.

1002 2141 1070 2223 54.

412 2317 502 2393 Rom
527 2320 577 2389 im
602 2318 771 2392 Lotcraa.
785 2323 892 2391 1226
918 2321 1078 2393 Februor
1095 2325 1156 2392 17.
1193 2321 1303 2413 Popst
1321 2322 1498 2394 Honorum
1516 2321 1594 2392 ΙΙΙ.
1615 2321 1733 2410 beauf-

337 2447 431 2530 tropt
449 2441 516 2511 deo
536 2441 686 2530 Bisaltas
704 2465 768 2513 ooo
794 2439 970 2532 Vesaprim
991 2441 1066 2513 aad
1087 2442 1153 2513 dea
1170 2443 1297 2534 Propst
1314 2467 1378 2516 voa
1396 2442 1733 2534 &emmerammum

337 2561 389 2633 bei
415 2561 659 2632 Andreos'II.
680 2562 751 2648 sicr
777 2562 843 2633 deo
870 2562 1051 2635 declam
1083 2562 1198 2634 Ordcn
1225 2565 1445 2637 maratrctco.
1769 2582 1801 2635 15

492 2724 618 2794 Raptam
640 2724 850 2779 Valikam'scbea
868 2726 979 2780 Arabio.

490 2844 602 2899 Druck:
620 2846 707 2913 Fejtr
722 2846 812 2912 dodae
824 2846 887 2913 ΠΙ,
904 2851 930 2913 2,
951 2850 991 2902 78.
1016 2846 1139 2901 Scbullcr
1151 2847 1253 2902 Arabio
1271 2848 1298 2915 I,
1315 2852 1375 2903 253.
1403 2850 1515 2913 Tautacb
1533 2867 1560 2903 a.
1574 2849 1736 2904 Firnbaber

438 2931 511 2987 Sco.
530 2931 616 2987 ‚Urtb
635 2933 661 2999 1,
678 2937 722 2986 41.
750 2934 866 2988 iltetner
883 2933 962 2987 Mon.
981 2933 1077 3004 Harey.
1096 2935 1122 3000 1,
1140 2938 1182 2988 66.
1207 2934 1391 2988 Dcarusioau
1408 2934 1575 2990 Documentc
1593 2939 1636 2990 99.

491 3053 604 3122 Repcst:
622 3053 750 3108 Potlbort
767 3053 885 3124 Reperio
904 3054 957 3109 Nr.
973 3058 1048 3110 7532.

489 3229 654 3293 Honorius
677 3230 845 3313 episcopus
868 3280 996 3293 .....
1020 3230 1193 3295 venerabili
1215 3231 1306 3294 trani
1328 3276 1337 3292 .
1361 3229 1402 3309 .¹)
1433 3232 1581 3316 episcopo
1603 3231 1734 3316 Vespri·
1769 3236 1805 3292 20

336 3333 449 3397 miensi
472 3339 504 3398 et
526 3332 641 3397 dilecto
663 3332 729 3397 filio
752 3377 761 3395 .
784 3378 793 3396 .
816 3333 996 3417 praeposito
1026 3332 1158 3397 Albensi
1181 3332 1417 3417 Vesprimensis
1439 3335 1573 3400 diocesis
1600 3335 1735 3400 salutem

334 3486 463 3499 .....
487 3435 576 3500 Sicut
602 3437 763 3500 carissimo
794 3437 828 3500 in
850 3436 975 3500 Christo
997 3435 1063 3499 filio
1086 3442 1196 3500 nostro
1220 3482 1228 3501 .
1252 3436 1294 3515 st)
1324 3436 1441 3501 illustri
1477 3440 1544 3523 regi
1574 3439 1734 3522 Ungariae

334 3540 398 3603 iam
420 3540 582 3603 multoties
609 3540 709 3604 literis
731 3540 849 3603 nostris
878 3539 1059 3610 insinuasse
1080 3540 1259 3621 recolimus,
1289 3542 1451 3624 inspectis
1464 3542 1639 3626 privilegiis
1665 3543 1735 3606 eius

335 3643 457 3725 liquido
488 3643 735 3724 continentibus,
765 3644 866 3726 ipsam
897 3648 1013 3706 terram
1035 3643 1152 3721 Boze³)
1175 3693 1303 3707 .....
1331 3664 1537 3726 nequeamus.
1580 3645 1735 3723 Quocirca

334 3746 517 3811 discretioni
538 3754 664 3811 vestrae
685 3766 742 3830 per
765 3746 937 3830 apostolica
955 3747 1071 3829 scripta
1085 3742 1285 3829 mandamus,
1309 3754 1469 3829 quatenus
1491 3768 1597 3831 regem
1619 3749 1734 3833 ipsum,
1769 3751 1803 3806 25

334 3851 577 3935 archiepiscopis
607 3858 640 3914 et
670 3851 825 3933 episcopis
854 3850 955 3932 ipsius
985 3850 1075 3933 regni
1103 3850 1333 3933 praesentibus,
1356 3852 1397 3915 ad
1418 3871 1464 3932 ea
1489 3871 1571 3933 quae
1601 3853 1735 3935 praemi-

335 3956 435 4019 simus
464 3955 616 4037 tacienda,
646 3973 776 4018 monere
806 3954 982 4037 prudenter
1010 3960 1043 4016 et
1072 3952 1242 4017 efficaciter
1271 3954 1422 4018 inducere
1453 3956 1616 4037 studeatis,
1648 3956 1735 4037 quod

335 4058 409 4122 inde
434 4058 573 4122 feceritis
595 4078 632 4121 ac
654 4058 894 4141 responsionem
923 4057 1024 4140 ipsius
1047 4056 1139 4121 nobis
1170 4059 1360 4139 quantocius
1381 4057 1517 4122 fideliter
1538 4060 1734 4142 rescripturi.

328 4153 454 4226 ‘Datum
476 4161 634 4244 laterani,
656 4160 747 4224 XHI.
771 4159 931 4224 Kalendas
954 4159 1069 4241 Martii,
1091 4160 1296 4244 pontificatus
1318 4162 1420 4225 nostri
1442 4181 1526 4225 anno
1549 4162 1680 4226 decimo.

1000 4505 1066 4588 55.
1769 4527 1805 4584 eo

413 4688 502 4760 Rom
527 4689 576 4758 im
594 4686 751 4760 Lotaron
773 4689 880 4757 1226
901 4679 1055 4757 Febracr
1072 4689 1134 4757 17.
1162 4684 1272 4776 Popst
1289 4684 1467 4758 Honorius
1494 4683 1572 4756 ΙΙΙ.
1600 4685 1736 4757 creucbt

335 4810 391 4880 dis
417 4809 573 4898 Kdnipin
596 4808 767 4880 Yoloatba
793 4807 846 4878 lei
862 4805 1025 4878 Andreas
1047 4805 1102 4877 II.
1123 4806 1195 4894 fiir
1221 4805 1287 4878 den
1314 4807 1496 4878 daucum
1519 4805 1636 4877 ordeo
1662 4806 1734 4878 cia·

334 4935 497 5002 cereae.

491 5091 617 5162 Rectam
640 5091 848 5146 Vatibuniecbea
866 5091 976 5146 Archiv.

492 5270 512 5334 1)
531 5266 642 5320 mom.
743 5230 746 5235 ξ

490 5354 513 5421 ¹)
530 5353 660 5407 nuaram
678 5352 722 5406 11.

490 5440 513 5509 ⁸)
535 5438 637 5494 Weitcr
653 5439 704 5493 wic
721 5440 789 5494 oben
806 5438 861 5493 Nr.
878 5441 921 5506 53,
938 5437 1007 5493 doct
1023 5437 1073 5491 mu
1090 5436 1283 5506 moprecbend
1298 5431 1460 5508 pacemne
1476 5434 1689 5493 Korastrubtioa.
