4084 6302
897 647 1051 741 „Q

276 835 423 899 iecerunt
444 833 646 898 concordiam
668 832 785 897 bonam
807 839 841 898 et
856 838 981 898 maturo
1004 834 1137 900 consilio
1159 854 1197 900 eo
1214 836 1318 919 modo,
1341 835 1429 917 quod
1451 834 1616 919 praemissi
1639 834 1678 899 de

276 937 373 1002 Helta
393 937 567 1021 praefatam
590 938 777 1021 particulam
801 938 864 1002 illis
886 939 926 1003 de
941 938 1166 1022 Schellenberg
1187 939 1286 1004 libere
1308 945 1340 1004 et
1361 944 1515 1023 perpetue
1537 939 1678 1021 resigna

277 1028 410 1105 verunt
425 1041 459 1102 in
489 1039 571 1104 filios
599 1040 740 1105 filiorum
770 1042 1002 1125 possidendam.
1036 1043 1143 1107 Prima
1151 1040 1173 1112 ¹)
1203 1043 1315 1126 incipit
1343 1043 1376 1105 in
1406 1062 1473 1106 uno
1504 1040 1585 1107 colle
1614 1062 1677 1124 eya

275 1143 414 1228 puchil¹)
436 1145 497 1207 sito
520 1163 619 1228 prope
641 1144 747 1209 locum
771 1146 827 1227 qui
850 1145 965 1209 dicitur
987 1145 1181 1228 Rcmpden‚⁸)
1206 1165 1248 1210 ex
1270 1147 1332 1210 ista
1353 1150 1443 1231 parte
1465 1146 1581 1210 deinde
1603 1166 1676 1230 pro·

224 1257 241 1309 o
277 1247 419 1312 cedendo
449 1266 548 1332 penes
578 1248 663 1312 viam
685 1267 789 1331 usque
812 1250 852 1312 ad
874 1250 970 1313 alium
1001 1250 1114 1314 collem
1137 1251 1205 1315 sive
1228 1249 1439 1313 monticulum
1469 1250 1565 1314 situm
1595 1250 1679 1314 circa

275 1352 381 1416 locum
396 1351 625 1436 langendryes
640 1358 798 1435 vocatum,
821 1352 860 1416 ab
878 1353 1023 1418 hocloco
1047 1354 1166 1418 directo
1190 1353 1284 1417 modo
1299 1354 1500 1437 procedendo
1519 1354 1679 1436 usquead

276 1475 379 1520 unum
400 1456 554 1520 fossatum
578 1456 665 1538 quod
680 1456 834 1521 fossatum
849 1456 967 1520 dicitur
981 1455 1204 1540 lcmulgrabo
1228 1463 1260 1522 et
1278 1458 1437 1539 usquead
1458 1457 1550 1521 illum
1572 1457 1677 1522 locum

277 1560 331 1623 ubi
354 1559 460 1643 ipsum
482 1560 637 1624 fossatum
659 1543 743 1624 cadit
764 1560 849 1624 inira
867 1560 905 1623 ad
922 1561 993 1624 ima
1015 1560 1097 1625 Item
1118 1561 1299 1626 ordinatum
1322 1567 1372 1626 est
1394 1562 1482 1644 quod
1504 1561 1543 1625 ab
1566 1562 1678 1627 eodem

277 1664 395 1728 fossato
418 1663 503 1727 ultra
524 1683 641 1746 aquam
663 1663 752 1740 Zeti)
782 1670 927 1729 vocatam
957 1684 1070 1729 versus
1095 1665 1291 1742 Tbolmacz⁶l
1324 1665 1570 1748 qualiacumque
1591 1666 1679 1749 ligna

210 1776 243 1828 10
277 1768 395 1833 ibidem
417 1773 567 1832 crescunt
596 1768 664 1832 sive
686 1768 806 1833 fuerint
828 1788 944 1851 magna
969 1768 1037 1833 sive
1058 1787 1159 1852 parva
1180 1773 1213 1832 et
1232 1769 1465 1852 cuiuscumque
1486 1770 1679 1834 conditionis

277 1870 427 1936 arborum
449 1872 519 1956 ipsa
540 1873 627 1957 ligna
648 1873 776 1955 tuerint
798 1873 859 1956 ipsi
883 1873 923 1936 de
944 1870 1169 1955 Schellenberg
1189 1872 1229 1936 de
1251 1873 1369 1937 eisdem
1392 1873 1488 1956 lignis
1510 1873 1557 1937 uti
1579 1871 1679 1937 libere

277 1973 415 2040 debeant
443 1974 565 2057 absque
595 1976 683 2039 omni
710 1975 937 2060 impedimento
959 1975 1088 2040 illorum
1115 1976 1154 2040 de
1175 1975 1272 2040 Helta
1300 1977 1433 2041 aliarum
1465 1976 1680 2059 quarumlibet

276 2098 493 2163 personarum.
525 2079 604 2144 Post
626 2080 685 2144 hoo
708 2081 901 2144 universitas
923 2081 963 2144 de
985 2079 1081 2144 Helta
1107 2079 1194 2144 misit
1214 2079 1335 2144 Rufum
1356 2080 1513 2146 Jacobum
1535 2079 1678 2143 villicum

278 2184 348 2247 eius
370 2189 403 2247 et
424 2182 575 2248 Mathiam
598 2182 781 2248 Shnidebok
789 2183 811 2260 ⁷)
834 2190 867 2248 et
888 2184 1081 2248 universitas
1103 2183 1143 2248 de
1165 2181 1390 2267 Schellenberg
1411 2183 1498 2247 misit
1526 2184 1676 2248 iuvenem

210 2296 242 2349 15
278 2287 472 2352 cristianum
487 2292 520 2352 et
530 2286 561 2351 N
562 2286 711 2369 yoolaum
722 2307 763 2351 an
779 2287 850 2352 dem
867 2286 972 2363 veld⁸i
987 2288 1027 2353 ad
1042 2288 1253 2372 praesentiam
1270 2293 1411 2351 cosmam
1425 2292 1571 2371 petentes
1582 2305 1680 2370 supra

277 2397 362 2456 tacta
383 2390 564 2457 confirmari
586 2396 715 2475 propter
730 2392 881 2455 maiorem
896 2392 1030 2456 tutelam
1044 2397 1077 2457 et
1098 2390 1265 2473 cautelam,
1288 2409 1424 2473 quarum
1447 2390 1584 2455 duarum
1606 2389 1679 2454 uni·

276 2495 466 2560 versitatum
488 2494 637 2578 precibus
651 2496 832 2559 annuimus.
855 2495 898 2559 Et
913 2488 1009 2577 quod
1023 2515 1120 2578 supra
1141 2499 1227 2559 tacta
1240 2494 1443 2559 concordatio
1466 2498 1499 2560 et
1521 2494 1678 2558 ordinatio

277 2603 430 2683 perpetue
453 2598 643 2663 inconvulsa
656 2604 839 2683 perseverat
853 2599 990 2682 ideoque
1004 2599 1037 2661 in
1058 2603 1246 2683 perpetuum
1263 2598 1481 2663 testimonium
1496 2599 1678 2683 pariterque

277 2707 529 2786 perpetuamque
557 2701 738 2767 firmitatem
769 2703 990 2788 praesentibus
1016 2703 1116 2768 literis
1138 2702 1277 2786 sigillum
1307 2707 1453 2767 nostrum
1483 2700 1679 2788 provinciale

208 2812 243 2867 00
278 2807 432 2871 duximus
454 2807 707 2891 appendendum.
738 2806 857 2872 Datum
885 2808 919 2871 in
942 2807 1089 2891 proxima
1114 2808 1192 2872 teria
1213 2807 1307 2872 tertia
1328 2812 1403 2872 ante
1428 2807 1546 2872 testum
1567 2824 1678 2870 ascen-

277 2910 376 2977 sionis
399 2911 528 2993 domini,
551 2930 635 2974 anno
658 2889 826 2974 dominifl
849 2888 931 2975 000
949 2911 1191 2995 quadragesimo
1214 2913 1364 2978 secundo.

930 3203 1020 3287 573.

356 3367 628 3441 Tlcrda1342
653 3368 736 3439 Mai
765 3370 801 3440 8.
845 3366 1003 3456 lbomaa,
1039 3365 1211 3440 Woiwodc
1235 3391 1300 3440 von
1328 3367 1589 3460 Siebcabaimea,
1617 3391 1677 3439 ar-

276 3489 404 3562 tuadet
434 3491 508 3580 auf
532 3490 595 3562 der
629 3488 891 3579 Veracmmluap
926 3488 985 3560 des
1017 3487 1332 3580 enumquam
1362 3488 1470 3562 Adclr
1503 3488 1589 3562 tiber
1623 3489 1680 3562 die

207 3628 242 3683 25
276 3610 511 3703 Rccttspflcpc
536 3613 695 3684 inmittor
721 3611 781 3683 dea
807 3609 924 3683 Adeo.

432 3775 544 3829 Druck:
570 3774 735 3829 -Toniacim'
752 3774 798 3828 tdr
820 3776 897 3840 1886,
921 3776 975 3827 202
998 3772 1069 3827 accii
1092 3773 1153 3827 dem
1173 3770 1249 3841 Oris.
1267 3773 1348 3842 Pero.
1366 3773 1470 3828 Arcba‘o
1495 3775 1544 3828 der
1569 3774 1679 3842 (iresca

383 3859 473 3915 Talabi
489 3876 526 3914 aa
538 3859 791 3929 Maroracrcraay.
803 3891 837 3900 -
857 3859 944 3926 chir
964 3858 1055 3914 Codes
1071 3857 1160 3925 VIII,
1178 3861 1203 3925 4,
1221 3861 1281 3914 619.
1303 3860 1503 3915 licasilcaaiu
1522 3863 1599 3928 1871,
1618 3864 1678 3916 194.

381 3945 565 4001 Deaeasiaaa
582 3945 750 4001 Demonacte
767 3950 827 4001 673.

432 4119 501 4186 Nos
521 4120 657 4184 Thomas
679 4120 816 4184 vaivoda
832 4119 1062 4184 lbansiluanus
1084 4125 1117 4183 et
1138 4139 1245 4184 comes
1267 4120 1307 4184 de
1329 4120 1442 4185 Zonulr
1463 4120 1679 4205 significamus

209 4232 244 4287 30
280 4223 398 4307 quibus
413 4223 544 4308 expedit
559 4224 719 4288 universis
734 4224 905 4288 memoriae
919 4225 1187 4306 commendantes,
1211 4224 1297 4306 quod
1313 4243 1386 4288 cum
1402 4243 1487 4288 anno
1502 4224 1679 4290 dominicae

277 4327 504 4392 incarnationis
524 4326 690 4391 millesimo
706 4326 792 4392 000.
814 4326 911 4392 11Ιῶ
933 4328 1084 4408 secundo,
1106 4328 1141 4390 in
1161 4326 1332 4410 quindenis
1354 4327 1427 4392 festi
1449 4327 1532 4392 boati
1550 4327 1678 4412 Georgii

278 4432 429 4513 martyris
458 4430 658 4494 universitati
688 4430 841 4495 nobilium
869 4431 968 4516 partis
988 4430 1244 4513 Transsyluanae
1273 4432 1551 4513 congregationem
1580 4450 1677 4515 gene·

277 4534 376 4598 ralem
398 4534 519 4598 Tordae
548 4533 806 4617 celebrassemus,
836 4535 945 4599 eadem
969 4534 1161 4599 universitas
1183 4533 1338 4597 nobilium
1362 4553 1428 4597 nou
1449 4535 1519 4598 sine
1548 4535 1680 4617 querela

279 4638 371 4702 nobis
393 4638 560 4723 proposuit
575 4638 774 4721 declarando,
798 4638 885 4722 quod
900 4657 942 4703 ex
958 4638 1018 4701 hoc
1033 4637 1067 4699 in
1085 4656 1201 4721 magna
1223 4641 1330 4700 essent
1343 4637 1540 4719 necessitate,
1562 4638 1680 4701 iniuria

209 4750 243 4805 35
279 4747 312 4807 et
331 4742 496 4823 iniustitia,
527 4747 564 4806 ut
592 4742 743 4807 causidici
766 4761 824 4806 seu
847 4761 975 4807 causam
1001 4747 1113 4805 contra
1134 4741 1220 4825 ipsos
1243 4746 1374 4824 agentes
1403 4746 1435 4805 et
1463 4747 1679 4825 proponentes

434 4914 455 4982 ⁸)
472 4912 594 4968 murt:
611 4915 690 4967 meta

433 5001 456 5068 ¹)
474 5003 558 5054 1408·
575 4998 680 5068 pdohal.

432 5088 455 5151 ⁸)
473 5089 558 5140 1408·
574 5084 739 5153 Rcrseyrea

432 5172 455 5241 ⁴)
473 5175 556 5228 1408·
573 5169 739 5242 Iamblgrrb.

207 5259 244 5315 40
434 5261 455 5329 ⁸)
474 5262 557 5315 1408·
574 5254 646 5314 crit

433 5348 455 5416 ⁸)
474 5351 557 5402 1408·
573 5344 701 5401 fflmacz.

432 5434 455 5503 ¹)
473 5436 556 5489 1408·
573 5430 756 5501 Schyndebob

433 5514 1135 5594 bimeffltanumsillioohumndtnwlt
