4088 6292
961 576 1116 670 jas—

494 762 677 848 Oapitulum
688 762 1069 845 ecclesiaeWaradyensis
1080 762 1353 827 omnibusOhristi
1363 762 1512 827 fidelibus
1523 763 1737 846 praesentium

323 868 482 950 ,notitiam
505 868 660 932 habituris
683 868 819 931 salutem
841 868 876 930 in
899 869 1041 930 omnium
1068 867 1234 931 salvatore.
1269 866 1322 930 Ad
1343 867 1568 931 universorum
1592 867 1738 931 notitiam

339 977 449 1036 tenore
469 973 685 1055 praesentium
701 971 850 1035 volumus
865 974 1042 1055 pervenire,
1066 972 1151 1053 quod
1168 971 1306 1053 quidam,
1330 972 1385 1053 qui
1406 990 1440 1034 se
1455 970 1623 1034 Nicolaum
1637 970 1739 1034 filium

337 1075 457 1156 Tywan
481 1075 520 1139 de
535 1074 679 1156 Wasyan
694 1094 764 1138 esse
787 1076 877 1157 dixit,
898 1096 956 1159 pro
979 1095 1014 1140 se
1036 1081 1068 1139 et
1090 1095 1147 1160 pro
1162 1076 1231 1159 ipso
1254 1082 1344 1159 patre
1359 1094 1418 1139 suo
1433 1095 1470 1138 ac
1490 1074 1625 1157 Georgia
1642 1076 1739 1139 tratre

287 1186 303 1237 5
339 1198 398 1242 suo
414 1179 538 1242 iuniore
553 1198 660 1242 coram
675 1178 768 1242 nobis
783 1179 991 1262 personaliter
1005 1180 1187 1244 constitutis
1202 1199 1336 1261 aequam
1356 1184 1389 1243 et
1403 1184 1523 1243 rectam
1538 1178 1739 1243 medietatem

338 1283 504 1346 cuiusdam
534 1282 744 1366 possessionis
774 1301 884 1347 eorum
915 1284 1120 1348 hereditariae
1148 1283 1344 1367 Gregoriaye
1373 1288 1504 1346 vaceae
1532 1282 1567 1345 in
1595 1282 1739 1366 partibus

337 1386 569 1451 Transsiluanis
583 1386 616 1448 in
632 1386 702 1449 loco
719 1385 818 1450 Zekes
834 1386 917 1449 dicto
933 1387 1109 1468 existentis,
1132 1392 1169 1451 ut
1183 1388 1320 1451 asseruit
1335 1406 1354 1449 a
1369 1392 1510 1470 tempore
1533 1387 1739 1468 antiquorum

338 1489 560 1554 Tartharorum
589 1489 628 1552 ab
660 1490 736 1573 ipsis
758 1490 913 1555 alienatae
935 1496 968 1554 et
989 1511 1009 1553 a
1030 1491 1327 1575 praedecessoribus
1349 1497 1382 1555 et
1403 1491 1442 1555 ed
1471 1490 1657 1574 petitionem
1686 1507 1740 1553 eo-

339 1593 484 1674 rundem,
514 1598 552 1657 nt
574 1594 669 1657 etiam
699 1595 948 1678 propinquietati
974 1596 1115 1677 attineat,
1145 1614 1202 1678 per
1223 1595 1414 1679 probitatem
1437 1614 1473 1658 ae
1502 1593 1669 1657 sollicitam
1690 1593 1739 1656 in-

272 1703 305 1758 10
339 1696 493 1761 dustriam
517 1716 590 1759 cum
613 1697 749 1780 propriis
771 1697 934 1762 laboribus
957 1705 989 1762 et
1011 1699 1161 1782 expensis
1184 1699 1326 1781 magistri
1347 1698 1513 1762 Benedicti
1535 1697 1611 1761 dicti
1629 1695 1739 1760 Solum

338 1800 476 1883 proximi
506 1819 617 1864 eorum
647 1801 686 1863 od
709 1801 852 1865 valorem
875 1802 1108 1885 quinquaginta
1133 1821 1311 1865 marcarum
1332 1802 1431 1884 factis,
1460 1807 1587 1885 praeter
1615 1801 1740 1865 labores

338 1909 542 1988 recuperatae
565 1909 597 1967 et
619 1904 779 1969 rehabitae
794 1924 868 1968 cum
884 1906 951 1969 suis
969 1905 1160 1970 utilitatibus
1180 1913 1212 1970 et
1234 1906 1434 1989 pertinentiis
1455 1905 1615 1970 universis
1637 1904 1739 1969 eidem

340 2009 487 2090 magistro
509 2007 684 2071 Benedicto
714 2008 804 2071 fratri
834 2010 976 2092 magistri
998 2009 1085 2073 Been
1116 2010 1263 2094 proximo
1287 2028 1398 2073 eorum
1421 2015 1453 2074 et
1481 2030 1539 2093 per
1568 2028 1642 2073 eum
1673 2008 1739 2073 suis

338 2112 507 2176 heredibus
528 2131 565 2174 ac
588 2112 826 2177 successoribus
849 2114 981 2195 dedisse,
1004 2114 1140 2177 donasse
1162 2118 1194 2178 et
1219 2118 1374 2198 perpetuo
1396 2112 1570 2177 contulisse
1593 2117 1642 2176 est
1663 2132 1740 2176 con-

271 2224 304 2276 15
339 2215 451 2296 fessus,
475 2215 665 2278 assumendo
688 2215 773 2279 idem
788 2217 939 2281 Nicolaus
960 2218 999 2282 ab
1023 2217 1171 2281 omnibus
1186 2217 1308 2281 ratione
1323 2217 1501 2282 medietatis
1523 2222 1626 2281 terrae
1647 2235 1739 2300 prae-

334 2319 440 2383 dictae
470 2318 712 2383 molestantibus
735 2320 787 2384 vel
809 2321 1063 2404 inquietantibus
1093 2321 1212 2384 dictum
1235 2321 1420 2404 magistrum
1442 2321 1653 2385 Benedictum
1682 2339 1740 2384 ex·

336 2423 445 2506 pedire
467 2422 630 2487 laboribus
659 2425 795 2507 propriis
817 2431 849 2488 et
871 2425 1028 2509 expensis.
1062 2423 1181 2488 Datum
1203 2424 1236 2487 in
1264 2424 1422 2489 dominica
1445 2423 1739 2506 Circumdederunt,

337 2546 421 2590 enno
444 2526 564 2591 domini
586 2528 754 2593 millesimo
782 2506 881 2594 ddd.
906 2534 1028 2610 quarto.

998 2820 1089 2905 301.

269 3001 304 3056 20
415 2987 520 3055 1304
548 2984 743 3076 September
769 2989 828 3056 18.
871 2986 948 3058 Dos
983 2983 1263 3073 Weissenbaroer
1289 2983 1435 3076 Kapitel
1459 2984 1631 3056 urlandet
1656 2982 1743 3059 aba*

337 3105 402 3177 den
437 3104 613 3197 Verpleich
647 3107 810 3178 ewisoben
846 3129 959 3179 eomes
994 3104 1170 3178 Renoldus
1204 3104 1303 3176 filius
1337 3100 1511 3176 Johannis
1547 3103 1588 3176 de
1618 3103 1738 3176 lhlrud

336 3226 512 3298 eiaerseits
538 3228 612 3299 aad
638 3226 827 3323 Gregorius
855 3250 967 3299 comes
993 3225 1092 3298 filius
1120 3227 1199 3321 Apa
1225 3226 1299 3298 aad
1328 3224 1501 3298 &moeson
1527 3225 1740 3298 andrenseits

337 3347 521 3437 hetreffend
555 3350 610 3420 die
636 3348 779 3438 Mitpijt
814 3349 876 3419 der
904 3347 1114 3420 Schwestern
1141 3347 1302 3435 Reoolds,
1338 3347 1460 3419 welche
1495 3349 1534 3418 in
1564 3348 1620 3421 die
1654 3346 1738 3419 Ver·

337 3468 569 3556 wandtsohafi
595 3469 657 3540 der
684 3463 794 3559 Apn’s
818 3469 1030 3559 peletrotbet
1056 3468 1173 3539 habeo.

270 3606 303 3660 25
415 3587 544 3660 Datum
573 3595 671 3671 senta
688 3589 775 3661 feria
792 3589 951 3683 proxima
969 3595 1044 3683 post
1061 3589 1189 3660 festum
1211 3587 1435 3660 exaltationis
1455 3594 1595 3660 sanctae
1613 3587 1738 3681 crucia,

338 3731 429 3780 anno
460 3709 591 3781 domini
616 3708 674 3780 Μ0
701 3682 783 3781 0Οό
808 3716 938 3804 quarto.

493 3856 696 3925 Einpescbaltet
718 3873 771 3910 oon
794 3856 854 3910 ἀννν
878 3857 1102 3926 Weissenburper
1119 3856 1234 3925 Kapitel
1254 3860 1322 3911 1329
1345 3857 1405 3910 und
1429 3856 1478 3910 mit
1495 3856 1585 3911 dieser
1609 3856 1738 3912 Urkancle

441 3959 493 3996 oon
511 3943 660 3996 demselben
677 3942 792 4010 Kopitel
810 3947 886 4008 1360,
912 3942 987 4012 Θήρ.
1006 3942 1109 3996 Archiv
1126 3944 1175 3996 der
1195 3943 1303 4010 Grafen
1325 3942 1413 3997 Telelti
1430 3959 1466 3996 su
1484 3942 1737 4013 Marosodsdrbely.

996 4217 1089 4302 302.

269 4403 304 4457 so
415 4387 522 4454 1305
541 4384 646 4475 April
673 4387 730 4454 15.
763 4383 841 4455 Das
867 4382 1148 4473 Weissenborper
1174 4382 1318 4473 Kopitel
1344 4383 1489 4474 bessam,
1518 4385 1600 4457 dass
1622 4384 1740 4457 Comes

342 4506 485 4595 (ἔνεμον,
514 4498 623 4596 Apa’s
642 4503 744 4590 Sota,
772 4506 846 4575 ond
864 4505 982 4575 dassen
1000 4504 1143 4575 Brader
1160 4502 1273 4575 Joltob
1290 4504 1364 4575 aad
1385 4504 1528 4594 Gregor,
1558 4498 1738 4577 Nikolatas'

339 4624 441 4711 θοὴν,
468 4626 703 4697 oerecbiedene
725 4624 836 4696 Gater
852 4626 890 4696 in
910 4623 1161 4716 Siebenbiirqen
1186 4632 1288 4697 ννιενν
1304 4625 1376 4696 siclt
1400 4625 1602 4715 ansqetbeiit
1619 4624 1737 4698 buben.

494 4771 650 4839 Absebrist:
669 4772 790 4840 Keminy
808 4771 931 4839 Diplom.
950 4771 1080 4839 supplens.
1099 4772 1125 4837 I,
1151 4775 1204 4825 147
1220 4771 1289 4825 noch
1307 4771 1382 4825 νίννν
1400 4770 1543 4838 Abscbrist
1561 4770 1593 4825 in
1613 4771 1739 4827 Collectio

442 4857 632 4925 manuscripto
651 4857 830 4926 Sestelyiaao
855 4856 1029 4910 bibliothecae
1047 4856 1153 4925 collegii
1171 4857 1383 4922 reformatorum
1404 4856 1643 4925 Claudiopolitani
1665 4858 1738 4913 Tora,

442 4944 505 5011 III,
524 4948 583 4998 124.
601 4975 635 4983 —
654 4944 715 4998 Aue
732 4944 871 4998 derseiben
890 4941 981 5011 Qaelie
999 4942 1147 5012 Repetitio
1167 4942 1294 4997 Collectio
1313 4943 1463 5011 Rosenseld
1480 4944 1737 5000 Bromanenses

441 5031 569 5085 Massam
587 5031 816 5085 Hemonnstadt.
844 5031 953 5085 Ferner
970 5028 1115 5096 Abscbrift
1133 5029 1203 5083 aad
1220 5030 1252 5082 in
1269 5028 1392 5099 Καινίνη
1409 5030 1533 5098 Diplont.
1557 5028 1589 5097 V,
1617 5035 1649 5087 79
1667 5031 1739 5086 nodi

441 5119 490 5171 der
513 5117 836 5186 Bestdtiqanpsurknnde
862 5118 909 5172 des
932 5117 1042 5186 Kdnips
1066 5117 1181 5172 Jobann
1204 5117 1249 5171 II.
1272 5133 1326 5172 oon
1351 5120 1427 5183 1660,
1456 5114 1533 5186 Otia.
1560 5115 1663 5171 Arrisit>
1689 5117 1739 5172 der

443 5203 551 5271 θναίενν
568 5204 691 5257 Bethlen.

494 5362 674 5446 Capitulum
697 5363 848 5428 ccclesiae
870 5368 998 5427 nostrae
1019 5362 1182 5428 Michaelis
1205 5361 1384 5446 archangeli
1405 5359 1648 5425 lhanssiluanae
1671 5379 1738 5423 om·

270 5473 305 5527 40
339 5466 434 5531 nibus
461 5466 576 5531 Christi
605 5464 753 5531 fidehbus
781 5486 933 5552 praesens
963 5467 1117 5551 scriptum
1145 5465 1337 5551 inspecturis
1366 5464 1502 5531 salutem
1531 5465 1567 5529 in'
1595 5464 1739 5529 omnium
