<?xml version="1.0" encoding="UTF-8"?>
<!DOCTYPE html PUBLIC "-//W3C//DTD XHTML 1.0 Transitional//EN"
    "http://www.w3.org/TR/xhtml1/DTD/xhtml1-transitional.dtd">
<html xmlns="http://www.w3.org/1999/xhtml" xml:lang="en" lang="en">
 <head>
  <title>
</title>
<meta http-equiv="Content-Type" content="text/html;charset=utf-8" />
  <meta name='ocr-system' content='tesseract 3.04.00' />
  <meta name='ocr-capabilities' content='ocr_page ocr_carea ocr_par ocr_line ocrx_word'/>
</head>
<body>
  <div class='ocr_page' id='page_1' title='image "./urkundenbuchzur00mlgoog_0541.png"; bbox 0 0 4084 6302; ppageno 0'>
   <div class='ocr_carea' id='block_1_1' title="bbox 933 518 1085 613">
    <p class='ocr_par' dir='ltr' id='par_1_1' title="bbox 933 518 1085 613">
     <span class='ocr_line' id='line_1_1' title="bbox 933 518 1085 613; baseline 0.013 -1"><span class='ocrx_word' id='word_1_1' title='bbox 933 518 1085 613; x_wconf 52' lang='lat' dir='ltr'>Affl-</span> 
     </span>
    </p>
   </div>
   <div class='ocr_carea' id='block_1_2' title="bbox 309 707 1763 1418">
    <p class='ocr_par' dir='ltr' id='par_1_2' title="bbox 309 707 1763 1418">
     <span class='ocr_line' id='line_1_2' title="bbox 311 707 1710 773; baseline 0.001 -1"><span class='ocrx_word' id='word_1_2' title='bbox 311 708 457 772; x_wconf 85' lang='lat' dir='ltr'>lentibus.</span> <span class='ocrx_word' id='word_1_3' title='bbox 496 707 596 771; x_wconf 87' lang='lat' dir='ltr'>Vobis</span> <span class='ocrx_word' id='word_1_4' title='bbox 626 715 733 772; x_wconf 90' lang='lat' dir='ltr'>autem</span> <span class='ocrx_word' id='word_1_5' title='bbox 755 709 892 772; x_wconf 81' lang='lat' dir='ltr'>Thomas</span> <span class='ocrx_word' id='word_1_6' title='bbox 922 709 1076 772; x_wconf 84' lang='lat' dir='ltr'>vaivodae</span> <span class='ocrx_word' id='word_1_7' title='bbox 1097 709 1321 772; x_wconf 82' lang='lat' dir='ltr'>Transsilnano</span> <span class='ocrx_word' id='word_1_8' title='bbox 1352 716 1384 772; x_wconf 87' lang='lat' dir='ltr'>et</span> <span class='ocrx_word' id='word_1_9' title='bbox 1406 710 1512 773; x_wconf 90' lang='lat' dir='ltr'>comiti</span> <span class='ocrx_word' id='word_1_10' title='bbox 1536 710 1575 773; x_wconf 91' lang='lat' dir='ltr'>de</span> <span class='ocrx_word' id='word_1_11' title='bbox 1598 710 1710 773; x_wconf 82' lang='lat' dir='ltr'>Zonnlr</span> 
     </span>
     <span class='ocr_line' id='line_1_3' title="bbox 311 812 1710 897; baseline 0.003 -21"><span class='ocrx_word' id='word_1_12' title='bbox 311 814 457 896; x_wconf 80' lang='lat' dir='ltr'>proximo</span> <span class='ocrx_word' id='word_1_13' title='bbox 481 820 589 876; x_wconf 90' lang='lat' dir='ltr'>nostro</span> <span class='ocrx_word' id='word_1_14' title='bbox 605 812 690 877; x_wconf 89' lang='lat' dir='ltr'>fideli</span> <span class='ocrx_word' id='word_1_15' title='bbox 713 820 747 877; x_wconf 89' lang='lat' dir='ltr'>et</span> <span class='ocrx_word' id='word_1_16' title='bbox 768 814 917 897; x_wconf 85' lang='lat' dir='ltr'>magistro</span> <span class='ocrx_word' id='word_1_17' title='bbox 934 813 1080 877; x_wconf 84' lang='lat' dir='ltr'>Ladizlao</span> <span class='ocrx_word' id='word_1_18' title='bbox 1103 814 1209 876; x_wconf 90' lang='lat' dir='ltr'>comiti</span> <span class='ocrx_word' id='word_1_19' title='bbox 1226 813 1417 894; x_wconf 79' lang='lat' dir='ltr'>Syculonrm</span> <span class='ocrx_word' id='word_1_20' title='bbox 1434 820 1465 876; x_wconf 90' lang='lat' dir='ltr'>et</span> <span class='ocrx_word' id='word_1_21' title='bbox 1488 815 1527 877; x_wconf 87' lang='lat' dir='ltr'>de</span> <span class='ocrx_word' id='word_1_22' title='bbox 1543 815 1710 896; x_wconf 79' lang='lat' dir='ltr'>Byztriciu</span> 
     </span>
     <span class='ocr_line' id='line_1_4' title="bbox 311 917 1709 1001; baseline 0.001 -20"><span class='ocrx_word' id='word_1_23' title='bbox 311 917 367 981; x_wconf 88' lang='lat' dir='ltr'>tibi</span> <span class='ocrx_word' id='word_1_24' title='bbox 389 922 497 981; x_wconf 84' lang='lat' dir='ltr'>autern</span> <span class='ocrx_word' id='word_1_25' title='bbox 519 918 670 1000; x_wconf 84' lang='lat' dir='ltr'>magistro</span> <span class='ocrx_word' id='word_1_26' title='bbox 686 917 845 1001; x_wconf 85' lang='lat' dir='ltr'>Stephano</span> <span class='ocrx_word' id='word_1_27' title='bbox 869 917 952 979; x_wconf 90' lang='lat' dir='ltr'>dicto</span> <span class='ocrx_word' id='word_1_28' title='bbox 972 917 1076 999; x_wconf 76' lang='lat' dir='ltr'>Pogon</span> <span class='ocrx_word' id='word_1_29' title='bbox 1101 917 1186 980; x_wconf 83' lang='lat' dir='ltr'>fideli</span> <span class='ocrx_word' id='word_1_30' title='bbox 1209 919 1365 980; x_wconf 85' lang='lat' dir='ltr'>nostruin</span> <span class='ocrx_word' id='word_1_31' title='bbox 1388 939 1523 1001; x_wconf 82' lang='lat' dir='ltr'>persona</span> <span class='ocrx_word' id='word_1_32' title='bbox 1545 921 1709 982; x_wconf 84' lang='lat' dir='ltr'>memorati</span> 
     </span>
     <span class='ocr_line' id='line_1_5' title="bbox 309 1021 1708 1108; baseline 0.001 -23"><span class='ocrx_word' id='word_1_33' title='bbox 309 1021 446 1085; x_wconf 87' lang='lat' dir='ltr'>Thomae</span> <span class='ocrx_word' id='word_1_34' title='bbox 469 1021 623 1086; x_wconf 83' lang='lat' dir='ltr'>vaivodae</span> <span class='ocrx_word' id='word_1_35' title='bbox 646 1022 835 1085; x_wconf 88' lang='lat' dir='ltr'>firmissimis</span> <span class='ocrx_word' id='word_1_36' title='bbox 857 1022 952 1103; x_wconf 80' lang='lat' dir='ltr'>regiis</span> <span class='ocrx_word' id='word_1_37' title='bbox 975 1022 1035 1084; x_wconf 92' lang='lat' dir='ltr'>snb</span> <span class='ocrx_word' id='word_1_38' title='bbox 1058 1022 1169 1085; x_wconf 88' lang='lat' dir='ltr'>edictis</span> <span class='ocrx_word' id='word_1_39' title='bbox 1192 1022 1304 1085; x_wconf 90' lang='lat' dir='ltr'>damus</span> <span class='ocrx_word' id='word_1_40' title='bbox 1319 1022 1418 1085; x_wconf 89' lang='lat' dir='ltr'>firmis</span> <span class='ocrx_word' id='word_1_41' title='bbox 1441 1023 1500 1085; x_wconf 90' lang='lat' dir='ltr'>snb</span> <span class='ocrx_word' id='word_1_42' title='bbox 1524 1025 1708 1108; x_wconf 80' lang='lat' dir='ltr'>praeceptis.</span> 
     </span>
     <span class='ocr_line' id='line_1_6' title="bbox 311 1125 1763 1210; baseline -0.001 -21"><span class='ocrx_word' id='word_1_43' title='bbox 311 1131 470 1209; x_wconf 90' lang='lat' dir='ltr'>quatenus</span> <span class='ocrx_word' id='word_1_44' title='bbox 492 1131 689 1209; x_wconf 82' lang='lat' dir='ltr'>praetactum</span> <span class='ocrx_word' id='word_1_45' title='bbox 713 1125 887 1189; x_wconf 88' lang='lat' dir='ltr'>Martinum</span> <span class='ocrx_word' id='word_1_46' title='bbox 909 1146 981 1189; x_wconf 90' lang='lat' dir='ltr'>cum</span> <span class='ocrx_word' id='word_1_47' title='bbox 1008 1126 1165 1189; x_wconf 88' lang='lat' dir='ltr'>universis</span> <span class='ocrx_word' id='word_1_48' title='bbox 1195 1127 1263 1189; x_wconf 90' lang='lat' dir='ltr'>suis</span> <span class='ocrx_word' id='word_1_49' title='bbox 1286 1126 1378 1189; x_wconf 90' lang='lat' dir='ltr'>bonis</span> <span class='ocrx_word' id='word_1_50' title='bbox 1401 1134 1433 1190; x_wconf 89' lang='lat' dir='ltr'>et</span> <span class='ocrx_word' id='word_1_51' title='bbox 1455 1128 1709 1210; x_wconf 80' lang='lat' dir='ltr'>possessionibus</span> <span class='ocrx_word' id='word_1_52' title='bbox 1747 1138 1763 1188; x_wconf 82' lang='lat'>5</span> 
     </span>
     <span class='ocr_line' id='line_1_7' title="bbox 311 1229 1709 1313; baseline 0.001 -20"><span class='ocrx_word' id='word_1_53' title='bbox 311 1236 343 1293; x_wconf 88' lang='lat' dir='ltr'>et</span> <span class='ocrx_word' id='word_1_54' title='bbox 365 1229 534 1312; x_wconf 84' lang='lat' dir='ltr'>quibusvis</span> <span class='ocrx_word' id='word_1_55' title='bbox 556 1229 595 1293; x_wconf 90' lang='lat' dir='ltr'>ad</span> <span class='ocrx_word' id='word_1_56' title='bbox 612 1249 686 1293; x_wconf 89' lang='lat' dir='ltr'>eum</span> <span class='ocrx_word' id='word_1_57' title='bbox 702 1230 919 1313; x_wconf 75' lang='lat' dir='ltr'>spectantibus</span> <span class='ocrx_word' id='word_1_58' title='bbox 941 1250 959 1293; x_wconf 91' lang='lat' dir='ltr'>a</span> <span class='ocrx_word' id='word_1_59' title='bbox 976 1249 1254 1313; x_wconf 89' lang='lat' dir='ltr'>quorumcumque</span> <span class='ocrx_word' id='word_1_60' title='bbox 1265 1232 1286 1307; x_wconf 80' lang='lat'>¹)</span> <span class='ocrx_word' id='word_1_61' title='bbox 1302 1230 1443 1293; x_wconf 89' lang='lat' dir='ltr'>indebita</span> <span class='ocrx_word' id='word_1_62' title='bbox 1451 1232 1473 1306; x_wconf 68' lang='lat' dir='ltr'>lt</span> <span class='ocrx_word' id='word_1_63' title='bbox 1489 1231 1709 1295; x_wconf 77' lang='lat' dir='ltr'>molestatione</span> 
     </span>
     <span class='ocr_line' id='line_1_8' title="bbox 309 1335 1710 1418; baseline 0.002 -21"><span class='ocrx_word' id='word_1_64' title='bbox 309 1335 343 1397; x_wconf 93' lang='lat' dir='ltr'>in</span> <span class='ocrx_word' id='word_1_65' title='bbox 365 1354 502 1418; x_wconf 89' lang='lat' dir='ltr'>persona</span> <span class='ocrx_word' id='word_1_66' title='bbox 531 1335 704 1398; x_wconf 81' lang='lat' dir='ltr'>maiestatis</span> <span class='ocrx_word' id='word_1_67' title='bbox 733 1340 861 1399; x_wconf 86' lang='lat' dir='ltr'>nostrae</span> <span class='ocrx_word' id='word_1_68' title='bbox 891 1335 1061 1399; x_wconf 85' lang='lat' dir='ltr'>detondere</span> <span class='ocrx_word' id='word_1_69' title='bbox 1091 1340 1124 1399; x_wconf 88' lang='lat' dir='ltr'>et</span> <span class='ocrx_word' id='word_1_70' title='bbox 1145 1341 1310 1418; x_wconf 83' lang='lat' dir='ltr'>protegere</span> <span class='ocrx_word' id='word_1_71' title='bbox 1342 1335 1482 1398; x_wconf 84' lang='lat' dir='ltr'>debeatis</span> <span class='ocrx_word' id='word_1_72' title='bbox 1504 1356 1541 1398; x_wconf 90' lang='lat' dir='ltr'>ac</span> <span class='ocrx_word' id='word_1_73' title='bbox 1564 1343 1710 1400; x_wconf 90' lang='lat' dir='ltr'>manute-</span> 
     </span>
    </p>
   </div>
   <div class='ocr_carea' id='block_1_3' title="bbox 310 1438 1707 1628">
    <p class='ocr_par' dir='ltr' id='par_1_3' title="bbox 310 1438 1707 1628">
     <span class='ocr_line' id='line_1_9' title="bbox 310 1438 1707 1522; baseline 0.001 -19"><span class='ocrx_word' id='word_1_74' title='bbox 310 1445 424 1503; x_wconf 88' lang='lat' dir='ltr'>nentes</span> <span class='ocrx_word' id='word_1_75' title='bbox 446 1439 642 1502; x_wconf 86' lang='lat' dir='ltr'>conservetis</span> <span class='ocrx_word' id='word_1_76' title='bbox 657 1439 811 1503; x_wconf 87' lang='lat' dir='ltr'>illaesum.</span> <span class='ocrx_word' id='word_1_77' title='bbox 834 1438 952 1503; x_wconf 87' lang='lat' dir='ltr'>Datum</span> <span class='ocrx_word' id='word_1_78' title='bbox 975 1441 1006 1502; x_wconf 92' lang='lat' dir='ltr'>in</span> <span class='ocrx_word' id='word_1_79' title='bbox 1024 1440 1228 1522; x_wconf 78' lang='lat' dir='ltr'>Wyssegrad,</span> <span class='ocrx_word' id='word_1_80' title='bbox 1252 1440 1283 1502; x_wconf 89' lang='lat' dir='ltr'>in</span> <span class='ocrx_word' id='word_1_81' title='bbox 1309 1441 1429 1503; x_wconf 79' lang='lat' dir='ltr'>octrmis</span> <span class='ocrx_word' id='word_1_82' title='bbox 1450 1441 1521 1504; x_wconf 83' lang='lat' dir='ltr'>testi</span> <span class='ocrx_word' id='word_1_83' title='bbox 1544 1440 1707 1505; x_wconf 90' lang='lat' dir='ltr'>beatorum</span> 
     </span>
     <span class='ocr_line' id='line_1_10' title="bbox 310 1522 1597 1628; baseline 0 -21"><span class='ocrx_word' id='word_1_84' title='bbox 310 1543 397 1607; x_wconf 87' lang='lat' dir='ltr'>Petri</span> <span class='ocrx_word' id='word_1_85' title='bbox 421 1550 453 1607; x_wconf 91' lang='lat' dir='ltr'>et</span> <span class='ocrx_word' id='word_1_86' title='bbox 475 1542 567 1606; x_wconf 89' lang='lat' dir='ltr'>Pauli</span> <span class='ocrx_word' id='word_1_87' title='bbox 590 1543 815 1626; x_wconf 80' lang='lat' dir='ltr'>apostolorum,</span> <span class='ocrx_word' id='word_1_88' title='bbox 846 1564 930 1606; x_wconf 90' lang='lat' dir='ltr'>anno</span> <span class='ocrx_word' id='word_1_89' title='bbox 955 1545 1083 1625; x_wconf 73' lang='lat' dir='ltr'>omnini,</span> <span class='ocrx_word' id='word_1_90' title='bbox 1109 1565 1193 1608; x_wconf 90' lang='lat' dir='ltr'>anno</span> <span class='ocrx_word' id='word_1_91' title='bbox 1218 1522 1432 1608; x_wconf 62' lang='lat' dir='ltr'>ilociilirli</span> <span class='ocrx_word' id='word_1_92' title='bbox 1454 1546 1597 1628; x_wconf 88' lang='lat' dir='ltr'>septimo.</span> 
     </span>
    </p>
   </div>
   <div class='ocr_carea' id='block_1_4' title="bbox 475 1678 1784 1768">
    <p class='ocr_par' dir='ltr' id='par_1_4' title="bbox 475 1678 1784 1768">
     <span class='ocr_line' id='line_1_11' title="bbox 475 1678 1784 1768; baseline -0.003 -21"><span class='ocrx_word' id='word_1_93' title='bbox 475 1678 570 1747; x_wconf 77' lang='lat' dir='ltr'>Untcr</span> <span class='ocrx_word' id='word_1_94' title='bbox 592 1682 659 1745; x_wconf 79' lang='lat' dir='ltr'>dem</span> <span class='ocrx_word' id='word_1_95' title='bbox 683 1680 800 1767; x_wconf 68' lang='lat' dir='ltr'>Siepel:</span> <span class='ocrx_word' id='word_1_96' title='bbox 822 1683 944 1747; x_wconf 87' lang='lat' dir='ltr'>Relatio</span> <span class='ocrx_word' id='word_1_97' title='bbox 954 1683 975 1761; x_wconf 78' lang='lat'>³)</span> <span class='ocrx_word' id='word_1_98' title='bbox 999 1683 1152 1748; x_wconf 85' lang='lat' dir='ltr'>vaivodae</span> <span class='ocrx_word' id='word_1_99' title='bbox 1174 1703 1232 1768; x_wconf 90' lang='lat' dir='ltr'>per</span> <span class='ocrx_word' id='word_1_100' title='bbox 1255 1684 1439 1768; x_wconf 85' lang='lat' dir='ltr'>magistrum</span> <span class='ocrx_word' id='word_1_101' title='bbox 1463 1683 1572 1748; x_wconf 91' lang='lat' dir='ltr'>Peteu.</span> <span class='ocrx_word' id='word_1_102' title='bbox 1751 1693 1784 1744; x_wconf 84' lang='lat' dir='ltr'>lo</span> 
     </span>
    </p>
   </div>
   <div class='ocr_carea' id='block_1_5' title="bbox 969 2033 1062 2117">
    <p class='ocr_par' dir='ltr' id='par_1_5' title="bbox 969 2033 1062 2117">
     <span class='ocr_line' id='line_1_12' title="bbox 969 2033 1062 2117; baseline 0.022 -2"><span class='ocrx_word' id='word_1_103' title='bbox 969 2033 1062 2117; x_wconf 81' lang='lat'><strong>535.</strong></span> 
     </span>
    </p>
   </div>
   <div class='ocr_carea' id='block_1_6' title="bbox 311 2195 1712 2427">
    <p class='ocr_par' dir='ltr' id='par_1_6' title="bbox 311 2195 1712 2427">
     <span class='ocr_line' id='line_1_13' title="bbox 396 2195 1712 2307; baseline 0 -21"><span class='ocrx_word' id='word_1_104' title='bbox 396 2195 600 2306; x_wconf 75' lang='lat' dir='ltr'>Wisseprod</span> <span class='ocrx_word' id='word_1_105' title='bbox 632 2218 741 2288; x_wconf 84' lang='lat'><em>1337</em></span> <span class='ocrx_word' id='word_1_106' title='bbox 765 2215 845 2287; x_wconf 76' lang='lat' dir='ltr'>Juli</span> <span class='ocrx_word' id='word_1_107' title='bbox 885 2222 918 2287; x_wconf 84' lang='lat'>6.</span> <span class='ocrx_word' id='word_1_108' title='bbox 965 2217 1081 2307; x_wconf 74' lang='lat' dir='ltr'>Konip</span> <span class='ocrx_word' id='word_1_109' title='bbox 1107 2217 1202 2288; x_wconf 87' lang='lat' dir='ltr'>Knrl</span> <span class='ocrx_word' id='word_1_110' title='bbox 1236 2218 1359 2288; x_wconf 80' lang='lat' dir='ltr'>nimmt</span> <span class='ocrx_word' id='word_1_111' title='bbox 1384 2216 1534 2303; x_wconf 79' lang='lat' dir='ltr'>Martio,</span> <span class='ocrx_word' id='word_1_112' title='bbox 1571 2208 1712 2287; x_wconf 73' lang='lat' dir='ltr'>Henels</span> 
     </span>
     <span class='ocr_line' id='line_1_14' title="bbox 311 2336 1071 2427; baseline 0.001 -20"><span class='ocrx_word' id='word_1_113' title='bbox 311 2336 416 2423; x_wconf 72' lang='lat' dir='ltr'>Soio,</span> <span class='ocrx_word' id='word_1_114' title='bbox 441 2358 549 2427; x_wconf 72' lang='lat' dir='ltr'>pepon</span> <span class='ocrx_word' id='word_1_115' title='bbox 575 2336 632 2409; x_wconf 75' lang='lat' dir='ltr'>die</span> <span class='ocrx_word' id='word_1_116' title='bbox 658 2338 847 2409; x_wconf 76' lang='lat' dir='ltr'>Bistritaer</span> <span class='ocrx_word' id='word_1_117' title='bbox 872 2339 910 2409; x_wconf 80' lang='lat' dir='ltr'>in</span> <span class='ocrx_word' id='word_1_118' title='bbox 937 2337 1071 2410; x_wconf 71' lang='lat' dir='ltr'>Sobata.</span> 
     </span>
    </p>
   </div>
   <div class='ocr_carea' id='block_1_7' title="bbox 414 2498 1783 2659">
    <p class='ocr_par' dir='ltr' id='par_1_7' title="bbox 414 2498 1783 2659">
     <span class='ocr_line' id='line_1_15' title="bbox 470 2498 1711 2571; baseline 0.002 -18"><span class='ocrx_word' id='word_1_119' title='bbox 470 2498 545 2570; x_wconf 77' lang='lat' dir='ltr'>Orip.</span> <span class='ocrx_word' id='word_1_120' title='bbox 565 2501 645 2570; x_wconf 78' lang='lat' dir='ltr'>Perp.</span> <span class='ocrx_word' id='word_1_121' title='bbox 669 2501 773 2571; x_wconf 77' lang='lat' dir='ltr'>Unpor.</span> <span class='ocrx_word' id='word_1_122' title='bbox 799 2501 1057 2556; x_wconf 79' lang='lat' dir='ltr'>Nationolmuaeum</span> <span class='ocrx_word' id='word_1_123' title='bbox 1076 2501 1227 2570; x_wconf 79' lang='lat' dir='ltr'>Budopeat.</span> <span class='ocrx_word' id='word_1_124' title='bbox 1255 2500 1343 2571; x_wconf 72' lang='lat' dir='ltr'>Siepcl</span> <span class='ocrx_word' id='word_1_125' title='bbox 1367 2502 1448 2568; x_wconf 72' lang='lat' dir='ltr'>ruod,</span> <span class='ocrx_word' id='word_1_126' title='bbox 1473 2503 1580 2556; x_wconf 77' lang='lat' dir='ltr'>weissen</span> <span class='ocrx_word' id='word_1_127' title='bbox 1602 2502 1711 2570; x_wconf 76' lang='lat' dir='ltr'>Woclra,</span> 
     </span>
     <span class='ocr_line' id='line_1_16' title="bbox 414 2587 1783 2659; baseline 0.001 -18"><span class='ocrx_word' id='word_1_128' title='bbox 414 2604 474 2642; x_wconf 85' lang='lat' dir='ltr'>wor</span> <span class='ocrx_word' id='word_1_129' title='bbox 492 2589 549 2655; x_wconf 79' lang='lat' dir='ltr'>auf</span> <span class='ocrx_word' id='word_1_130' title='bbox 561 2589 610 2642; x_wconf 80' lang='lat' dir='ltr'>der</span> <span class='ocrx_word' id='word_1_131' title='bbox 629 2587 772 2643; x_wconf 67' lang='lat' dir='ltr'>Ructaeite</span> <span class='ocrx_word' id='word_1_132' title='bbox 790 2590 977 2659; x_wconf 72' lang='lat' dir='ltr'>auspedrttckt.</span> <span class='ocrx_word' id='word_1_133' title='bbox 1750 2591 1783 2643; x_wconf 79' lang='lat'>15</span> 
     </span>
    </p>
   </div>
   <div class='ocr_carea' id='block_1_8' title="bbox 466 2709 1025 2777">
    <p class='ocr_par' dir='ltr' id='par_1_8' title="bbox 466 2709 1025 2777">
     <span class='ocr_line' id='line_1_17' title="bbox 466 2709 1025 2777; baseline 0.002 -14"><span class='ocrx_word' id='word_1_134' title='bbox 466 2709 578 2764; x_wconf 76' lang='lat' dir='ltr'>Druck:</span> <span class='ocrx_word' id='word_1_135' title='bbox 597 2710 683 2776; x_wconf 65' lang='lat' dir='ltr'>Pejor</span> <span class='ocrx_word' id='word_1_136' title='bbox 704 2709 794 2766; x_wconf 70' lang='lat' dir='ltr'>mccx</span> <span class='ocrx_word' id='word_1_137' title='bbox 816 2710 904 2777; x_wconf 85' lang='lat' dir='ltr'><strong><em>VIII,</em></strong></span> <span class='ocrx_word' id='word_1_138' title='bbox 922 2714 947 2777; x_wconf 76' lang='lat'>4,</span> <span class='ocrx_word' id='word_1_139' title='bbox 965 2715 1025 2765; x_wconf 87' lang='grc'><strong><em>222.</em></strong></span> 
     </span>
    </p>
   </div>
   <div class='ocr_carea' id='block_1_9' title="bbox 311 2884 1783 4844">
    <p class='ocr_par' dir='ltr' id='par_1_9' title="bbox 311 2884 1783 4844">
     <span class='ocr_line' id='line_1_18' title="bbox 467 2884 1712 2969; baseline 0.001 -21"><span class='ocrx_word' id='word_1_140' title='bbox 467 2884 606 2949; x_wconf 85' lang='lat' dir='ltr'>Karolns</span> <span class='ocrx_word' id='word_1_141' title='bbox 636 2887 686 2949; x_wconf 90' lang='lat' dir='ltr'>dei</span> <span class='ocrx_word' id='word_1_142' title='bbox 717 2888 818 2969; x_wconf 84' lang='lat' dir='ltr'>gratia</span> <span class='ocrx_word' id='word_1_143' title='bbox 847 2906 904 2950; x_wconf 84' lang='lat' dir='ltr'>rex</span> <span class='ocrx_word' id='word_1_144' title='bbox 927 2886 1112 2969; x_wconf 85' lang='lat' dir='ltr'>Hungariae</span> <span class='ocrx_word' id='word_1_145' title='bbox 1134 2886 1281 2950; x_wconf 88' lang='lat' dir='ltr'>fidelibus</span> <span class='ocrx_word' id='word_1_146' title='bbox 1312 2887 1378 2950; x_wconf 89' lang='lat' dir='ltr'>suis</span> <span class='ocrx_word' id='word_1_147' title='bbox 1400 2886 1506 2961; x_wconf 73' lang='lat' dir='ltr'>iudici,</span> <span class='ocrx_word' id='word_1_148' title='bbox 1536 2888 1649 2949; x_wconf 90' lang='lat' dir='ltr'>iuratis</span> <span class='ocrx_word' id='word_1_149' title='bbox 1679 2894 1712 2949; x_wconf 83' lang='lat' dir='ltr'>et</span> 
     </span>
     <span class='ocr_line' id='line_1_19' title="bbox 312 2990 1710 3073; baseline -0.002 -19"><span class='ocrx_word' id='word_1_150' title='bbox 312 2991 470 3054; x_wconf 81' lang='lat' dir='ltr'>universis</span> <span class='ocrx_word' id='word_1_151' title='bbox 493 2990 672 3054; x_wconf 89' lang='lat' dir='ltr'>senioribus</span> <span class='ocrx_word' id='word_1_152' title='bbox 695 3009 731 3053; x_wconf 91' lang='lat' dir='ltr'>ac</span> <span class='ocrx_word' id='word_1_153' title='bbox 754 2990 880 3073; x_wconf 89' lang='lat' dir='ltr'>populis</span> <span class='ocrx_word' id='word_1_154' title='bbox 903 2991 1079 3054; x_wconf 84' lang='lat' dir='ltr'>Saxonicae</span> <span class='ocrx_word' id='word_1_155' title='bbox 1106 2991 1244 3055; x_wconf 89' lang='lat' dir='ltr'>nationis</span> <span class='ocrx_word' id='word_1_156' title='bbox 1266 2992 1305 3054; x_wconf 89' lang='lat' dir='ltr'>de</span> <span class='ocrx_word' id='word_1_157' title='bbox 1328 2991 1489 3072; x_wconf 78' lang='lat' dir='ltr'>Byztricia</span> <span class='ocrx_word' id='word_1_158' title='bbox 1511 2997 1543 3054; x_wconf 88' lang='lat' dir='ltr'>et</span> <span class='ocrx_word' id='word_1_159' title='bbox 1565 2990 1605 3052; x_wconf 88' lang='lat' dir='ltr'>ad</span> <span class='ocrx_word' id='word_1_160' title='bbox 1628 2990 1710 3071; x_wconf 81' lang='lat' dir='ltr'><strong>Byz-</strong></span> 
     </span>
     <span class='ocr_line' id='line_1_20' title="bbox 311 3093 1710 3178; baseline -0.004 -17"><span class='ocrx_word' id='word_1_161' title='bbox 311 3094 434 3161; x_wconf 83' lang='lat' dir='ltr'>triciam</span> <span class='ocrx_word' id='word_1_162' title='bbox 463 3094 697 3178; x_wconf 83' lang='lat' dir='ltr'>pertinentibus</span> <span class='ocrx_word' id='word_1_163' title='bbox 726 3093 845 3176; x_wconf 89' lang='lat' dir='ltr'>quibus</span> <span class='ocrx_word' id='word_1_164' title='bbox 874 3100 1056 3177; x_wconf 78' lang='lat' dir='ltr'>praesentes</span> <span class='ocrx_word' id='word_1_165' title='bbox 1086 3096 1301 3159; x_wconf 89' lang='lat' dir='ltr'>ostenduntur</span> <span class='ocrx_word' id='word_1_166' title='bbox 1334 3095 1469 3159; x_wconf 83' lang='lat' dir='ltr'>salutem</span> <span class='ocrx_word' id='word_1_167' title='bbox 1504 3102 1537 3157; x_wconf 94' lang='lat' dir='ltr'>et</span> <span class='ocrx_word' id='word_1_168' title='bbox 1570 3095 1710 3177; x_wconf 81' lang='lat' dir='ltr'>gratiam.</span> 
     </span>
     <span class='ocr_line' id='line_1_21' title="bbox 311 3198 1783 3281; baseline -0.004 -18"><span class='ocrx_word' id='word_1_169' title='bbox 311 3198 483 3279; x_wconf 72' lang='lat' dir='ltr'>Noveritis</span> <span class='ocrx_word' id='word_1_170' title='bbox 508 3200 593 3281; x_wconf 90' lang='lat' dir='ltr'>qnod</span> <span class='ocrx_word' id='word_1_171' title='bbox 618 3218 676 3261; x_wconf 92' lang='lat' dir='ltr'>nos</span> <span class='ocrx_word' id='word_1_172' title='bbox 696 3198 868 3261; x_wconf 87' lang='lat' dir='ltr'>recordatis</span> <span class='ocrx_word' id='word_1_173' title='bbox 884 3200 1022 3262; x_wconf 79' lang='lat' dir='ltr'>servitiis</span> <span class='ocrx_word' id='word_1_174' title='bbox 1036 3199 1193 3263; x_wconf 79' lang='lat' dir='ltr'>Iohannis</span> <span class='ocrx_word' id='word_1_175' title='bbox 1216 3200 1291 3262; x_wconf 85' lang='lat' dir='ltr'>dicti</span> <span class='ocrx_word' id='word_1_176' title='bbox 1314 3199 1417 3262; x_wconf 87' lang='lat' dir='ltr'>Henel</span> <span class='ocrx_word' id='word_1_177' title='bbox 1440 3199 1479 3262; x_wconf 87' lang='lat' dir='ltr'>de</span> <span class='ocrx_word' id='word_1_178' title='bbox 1501 3198 1610 3262; x_wconf 87' lang='lat' dir='ltr'>eadem</span> <span class='ocrx_word' id='word_1_179' title='bbox 1627 3198 1711 3279; x_wconf 81' lang='lat' dir='ltr'><strong>Byz-</strong></span> <span class='ocrx_word' id='word_1_180' title='bbox 1747 3204 1783 3257; x_wconf 69' lang='lat'>‘20</span> 
     </span>
     <span class='ocr_line' id='line_1_22' title="bbox 312 3301 1711 3386; baseline -0.001 -19"><span class='ocrx_word' id='word_1_181' title='bbox 312 3303 403 3367; x_wconf 87' lang='lat' dir='ltr'>tricia</span> <span class='ocrx_word' id='word_1_182' title='bbox 424 3303 598 3367; x_wconf 77' lang='lat' dir='ltr'>Martinam</span> <span class='ocrx_word' id='word_1_183' title='bbox 620 3301 721 3365; x_wconf 92' lang='lat' dir='ltr'>filium</span> <span class='ocrx_word' id='word_1_184' title='bbox 744 3322 839 3366; x_wconf 88' lang='lat' dir='ltr'>suurn</span> <span class='ocrx_word' id='word_1_185' title='bbox 862 3323 936 3366; x_wconf 91' lang='lat' dir='ltr'>cum</span> <span class='ocrx_word' id='word_1_186' title='bbox 960 3303 1107 3366; x_wconf 89' lang='lat' dir='ltr'>omnibns</span> <span class='ocrx_word' id='word_1_187' title='bbox 1131 3304 1198 3366; x_wconf 90' lang='lat' dir='ltr'>suis</span> <span class='ocrx_word' id='word_1_188' title='bbox 1219 3303 1482 3386; x_wconf 78' lang='lat' dir='ltr'>possessionibus,</span> <span class='ocrx_word' id='word_1_189' title='bbox 1511 3303 1658 3367; x_wconf 90' lang='lat' dir='ltr'>domibus</span> <span class='ocrx_word' id='word_1_190' title='bbox 1680 3311 1711 3366; x_wconf 87' lang='lat' dir='ltr'>et</span> 
     </span>
     <span class='ocr_line' id='line_1_23' title="bbox 312 3406 1710 3491; baseline -0.002 -21"><span class='ocrx_word' id='word_1_191' title='bbox 312 3406 463 3470; x_wconf 86' lang='lat' dir='ltr'>aedificiis</span> <span class='ocrx_word' id='word_1_192' title='bbox 488 3406 621 3471; x_wconf 89' lang='lat' dir='ltr'>ubilibet</span> <span class='ocrx_word' id='word_1_193' title='bbox 651 3408 833 3470; x_wconf 86' lang='lat' dir='ltr'>constitutis</span> <span class='ocrx_word' id='word_1_194' title='bbox 856 3408 888 3469; x_wconf 92' lang='lat' dir='ltr'>in</span> <span class='ocrx_word' id='word_1_195' title='bbox 913 3408 1080 3491; x_wconf 81' lang='lat' dir='ltr'>specialem</span> <span class='ocrx_word' id='word_1_196' title='bbox 1104 3414 1245 3471; x_wconf 88' lang='lat' dir='ltr'>nostram</span> <span class='ocrx_word' id='word_1_197' title='bbox 1272 3408 1501 3491; x_wconf 87' lang='lat' dir='ltr'>protectionem</span> <span class='ocrx_word' id='word_1_198' title='bbox 1525 3414 1556 3470; x_wconf 88' lang='lat' dir='ltr'>et</span> <span class='ocrx_word' id='word_1_199' title='bbox 1579 3407 1710 3470; x_wconf 87' lang='lat' dir='ltr'>tutelam</span> 
     </span>
     <span class='ocr_line' id='line_1_24' title="bbox 312 3510 1710 3594; baseline -0.001 -20"><span class='ocrx_word' id='word_1_200' title='bbox 312 3510 503 3593; x_wconf 75' lang='lat' dir='ltr'>recipiendo,</span> <span class='ocrx_word' id='word_1_201' title='bbox 535 3512 604 3574; x_wconf 84' lang='lat' dir='ltr'>vice</span> <span class='ocrx_word' id='word_1_202' title='bbox 635 3516 761 3574; x_wconf 81' lang='lat' dir='ltr'>nostrae</span> <span class='ocrx_word' id='word_1_203' title='bbox 793 3530 946 3594; x_wconf 84' lang='lat' dir='ltr'>personae</span> <span class='ocrx_word' id='word_1_204' title='bbox 978 3511 1144 3593; x_wconf 82' lang='lat' dir='ltr'>magnifico</span> <span class='ocrx_word' id='word_1_205' title='bbox 1168 3512 1236 3574; x_wconf 81' lang='lat' dir='ltr'>viro</span> <span class='ocrx_word' id='word_1_206' title='bbox 1258 3512 1394 3575; x_wconf 81' lang='lat' dir='ltr'>Thomas</span> <span class='ocrx_word' id='word_1_207' title='bbox 1422 3511 1576 3575; x_wconf 87' lang='lat' dir='ltr'>vaivodac</span> <span class='ocrx_word' id='word_1_208' title='bbox 1597 3511 1710 3573; x_wconf 80' lang='lat' dir='ltr'>Trans-</span> 
     </span>
     <span class='ocr_line' id='line_1_25' title="bbox 312 3614 1710 3698; baseline -0.001 -21"><span class='ocrx_word' id='word_1_209' title='bbox 312 3614 436 3677; x_wconf 89' lang='lat' dir='ltr'>siluano</span> <span class='ocrx_word' id='word_1_210' title='bbox 460 3619 491 3677; x_wconf 89' lang='lat' dir='ltr'>et</span> <span class='ocrx_word' id='word_1_211' title='bbox 513 3614 620 3676; x_wconf 88' lang='lat' dir='ltr'>comiti</span> <span class='ocrx_word' id='word_1_212' title='bbox 640 3615 679 3678; x_wconf 93' lang='lat' dir='ltr'>de</span> <span class='ocrx_word' id='word_1_213' title='bbox 695 3614 807 3677; x_wconf 85' lang='lat' dir='ltr'>Zonuk</span> <span class='ocrx_word' id='word_1_214' title='bbox 822 3614 907 3678; x_wconf 89' lang='lat' dir='ltr'>fideli</span> <span class='ocrx_word' id='word_1_215' title='bbox 929 3616 1075 3698; x_wconf 82' lang='lat' dir='ltr'>proximo</span> <span class='ocrx_word' id='word_1_216' title='bbox 1090 3623 1208 3693; x_wconf 71' lang='lat' dir='ltr'>nostru</span> <span class='ocrx_word' id='word_1_217' title='bbox 1233 3615 1378 3678; x_wconf 72' lang='lat' dir='ltr'>ladislao</span> <span class='ocrx_word' id='word_1_218' title='bbox 1395 3615 1502 3677; x_wconf 91' lang='lat' dir='ltr'>comiti</span> <span class='ocrx_word' id='word_1_219' title='bbox 1518 3614 1710 3695; x_wconf 87' lang='lat' dir='ltr'>Syculornm</span> 
     </span>
     <span class='ocr_line' id='line_1_26' title="bbox 312 3716 1782 3801; baseline 0 -20"><span class='ocrx_word' id='word_1_220' title='bbox 312 3723 345 3781; x_wconf 90' lang='lat' dir='ltr'>et</span> <span class='ocrx_word' id='word_1_221' title='bbox 367 3717 407 3780; x_wconf 91' lang='lat' dir='ltr'>de</span> <span class='ocrx_word' id='word_1_222' title='bbox 429 3716 589 3798; x_wconf 83' lang='lat' dir='ltr'>Byztricia</span> <span class='ocrx_word' id='word_1_223' title='bbox 611 3738 647 3780; x_wconf 90' lang='lat' dir='ltr'>ao</span> <span class='ocrx_word' id='word_1_224' title='bbox 671 3719 821 3800; x_wconf 82' lang='lat' dir='ltr'>magistro</span> <span class='ocrx_word' id='word_1_225' title='bbox 845 3717 1004 3801; x_wconf 86' lang='lat' dir='ltr'>Stephano</span> <span class='ocrx_word' id='word_1_226' title='bbox 1028 3719 1111 3781; x_wconf 91' lang='lat' dir='ltr'>dicto</span> <span class='ocrx_word' id='word_1_227' title='bbox 1131 3718 1238 3801; x_wconf 82' lang='lat' dir='ltr'>Pogon</span> <span class='ocrx_word' id='word_1_228' title='bbox 1263 3719 1296 3780; x_wconf 87' lang='lat' dir='ltr'>in</span> <span class='ocrx_word' id='word_1_229' title='bbox 1320 3738 1456 3801; x_wconf 86' lang='lat' dir='ltr'>persona</span> <span class='ocrx_word' id='word_1_230' title='bbox 1478 3718 1552 3782; x_wconf 90' lang='lat' dir='ltr'>dicti</span> <span class='ocrx_word' id='word_1_231' title='bbox 1575 3718 1712 3781; x_wconf 78' lang='lat' dir='ltr'>Thomas</span> <span class='ocrx_word' id='word_1_232' title='bbox 1748 3724 1782 3775; x_wconf 70' lang='lat'>25&gt;</span> 
     </span>
     <span class='ocr_line' id='line_1_27' title="bbox 313 3820 1711 3906; baseline 0.001 -24"><span class='ocrx_word' id='word_1_233' title='bbox 313 3820 467 3884; x_wconf 82' lang='lat' dir='ltr'>vaivodae</span> <span class='ocrx_word' id='word_1_234' title='bbox 489 3820 713 3900; x_wconf 65' lang='lat' dir='ltr'>&#39;Ibanssilneni</span> <span class='ocrx_word' id='word_1_235' title='bbox 744 3823 775 3884; x_wconf 91' lang='lat' dir='ltr'>in</span> <span class='ocrx_word' id='word_1_236' title='bbox 800 3842 937 3906; x_wconf 87' lang='lat' dir='ltr'>persona</span> <span class='ocrx_word' id='word_1_237' title='bbox 959 3830 1065 3885; x_wconf 89' lang='lat' dir='ltr'>autem</span> <span class='ocrx_word' id='word_1_238' title='bbox 1088 3823 1229 3905; x_wconf 81' lang='lat' dir='ltr'>magistri</span> <span class='ocrx_word' id='word_1_239' title='bbox 1252 3822 1387 3885; x_wconf 82' lang='lat' dir='ltr'>Larlizlai</span> <span class='ocrx_word' id='word_1_240' title='bbox 1419 3823 1542 3885; x_wconf 89' lang='lat' dir='ltr'>comitis</span> <span class='ocrx_word' id='word_1_241' title='bbox 1567 3823 1605 3885; x_wconf 84' lang='lat' dir='ltr'>dc</span> <span class='ocrx_word' id='word_1_242' title='bbox 1629 3822 1711 3903; x_wconf 78' lang='lat' dir='ltr'>Byz-</span> 
     </span>
     <span class='ocr_line' id='line_1_28' title="bbox 313 3925 1712 4007; baseline 0.001 -19"><span class='ocrx_word' id='word_1_243' title='bbox 313 3925 403 3988; x_wconf 88' lang='lat' dir='ltr'>tricia</span> <span class='ocrx_word' id='word_1_244' title='bbox 435 3932 468 3989; x_wconf 85' lang='lat' dir='ltr'>et</span> <span class='ocrx_word' id='word_1_245' title='bbox 498 3925 621 3988; x_wconf 90' lang='lat' dir='ltr'>comitis</span> <span class='ocrx_word' id='word_1_246' title='bbox 651 3925 841 4007; x_wconf 87' lang='lat' dir='ltr'>Syculorum</span> <span class='ocrx_word' id='word_1_247' title='bbox 873 3926 1012 3989; x_wconf 90' lang='lat' dir='ltr'>Johanni</span> <span class='ocrx_word' id='word_1_248' title='bbox 1042 3925 1170 3990; x_wconf 88' lang='lat' dir='ltr'>Horoch</span> <span class='ocrx_word' id='word_1_249' title='bbox 1205 3927 1288 3989; x_wconf 90' lang='lat' dir='ltr'>dicto</span> <span class='ocrx_word' id='word_1_250' title='bbox 1324 3926 1362 3989; x_wconf 85' lang='lat' dir='ltr'>ab</span> <span class='ocrx_word' id='word_1_251' title='bbox 1395 3927 1542 3990; x_wconf 89' lang='lat' dir='ltr'>omnibns</span> <span class='ocrx_word' id='word_1_252' title='bbox 1573 3926 1712 3989; x_wconf 87' lang='lat' dir='ltr'>indebite</span> 
     </span>
     <span class='ocr_line' id='line_1_29' title="bbox 311 4029 1712 4114; baseline 0.001 -21"><span class='ocrx_word' id='word_1_253' title='bbox 311 4030 480 4094; x_wconf 88' lang='lat' dir='ltr'>molestare</span> <span class='ocrx_word' id='word_1_254' title='bbox 503 4029 683 4094; x_wconf 89' lang='lat' dir='ltr'>volentibus</span> <span class='ocrx_word' id='word_1_255' title='bbox 709 4030 940 4114; x_wconf 84' lang='lat' dir='ltr'>protegendum</span> <span class='ocrx_word' id='word_1_256' title='bbox 971 4030 1186 4093; x_wconf 83' lang='lat' dir='ltr'>commisimus</span> <span class='ocrx_word' id='word_1_257' title='bbox 1208 4037 1305 4112; x_wconf 88' lang='lat' dir='ltr'>atque</span> <span class='ocrx_word' id='word_1_258' title='bbox 1328 4031 1572 4095; x_wconf 80' lang='lat' dir='ltr'>defendendum.</span> <span class='ocrx_word' id='word_1_259' title='bbox 1610 4031 1712 4114; x_wconf 84' lang='lat' dir='ltr'>Super</span> 
     </span>
     <span class='ocr_line' id='line_1_30' title="bbox 314 4133 1712 4217; baseline -0.001 -19"><span class='ocrx_word' id='word_1_260' title='bbox 314 4154 378 4217; x_wconf 91' lang='lat' dir='ltr'>quo</span> <span class='ocrx_word' id='word_1_261' title='bbox 408 4133 553 4198; x_wconf 84' lang='lat' dir='ltr'>fidelitati</span> <span class='ocrx_word' id='word_1_262' title='bbox 583 4141 707 4198; x_wconf 84' lang='lat' dir='ltr'>vestrae</span> <span class='ocrx_word' id='word_1_263' title='bbox 737 4135 870 4198; x_wconf 88' lang='lat' dir='ltr'>firmiter</span> <span class='ocrx_word' id='word_1_264' title='bbox 900 4134 1129 4217; x_wconf 87' lang='lat' dir='ltr'>praecipientes</span> <span class='ocrx_word' id='word_1_265' title='bbox 1159 4134 1327 4198; x_wconf 80' lang='lat' dir='ltr'>demusin</span> <span class='ocrx_word' id='word_1_266' title='bbox 1357 4134 1521 4213; x_wconf 81' lang='lat' dir='ltr'>mandatis,</span> <span class='ocrx_word' id='word_1_267' title='bbox 1553 4142 1712 4216; x_wconf 75' lang='lat' dir='ltr'>quatenus</span> 
     </span>
     <span class='ocr_line' id='line_1_31' title="bbox 312 4237 1782 4323; baseline -0.005 -21"><span class='ocrx_word' id='word_1_268' title='bbox 312 4258 371 4302; x_wconf 86' lang='lat' dir='ltr'>vos</span> <span class='ocrx_word' id='word_1_269' title='bbox 393 4243 425 4302; x_wconf 90' lang='lat' dir='ltr'>et</span> <span class='ocrx_word' id='word_1_270' title='bbox 453 4239 630 4322; x_wconf 87' lang='lat' dir='ltr'>specialiter</span> <span class='ocrx_word' id='word_1_271' title='bbox 660 4238 800 4323; x_wconf 80' lang='lat' dir='ltr'>populi⁴)</span> <span class='ocrx_word' id='word_1_272' title='bbox 823 4238 916 4303; x_wconf 82' lang='lat' dir='ltr'>villae</span> <span class='ocrx_word' id='word_1_273' title='bbox 938 4238 1018 4301; x_wconf 86' lang='lat' dir='ltr'>Jaad</span> <span class='ocrx_word' id='word_1_274' title='bbox 1049 4239 1088 4301; x_wconf 89' lang='lat' dir='ltr'>ab</span> <span class='ocrx_word' id='word_1_275' title='bbox 1119 4258 1182 4301; x_wconf 90' lang='lat' dir='ltr'>usn</span> <span class='ocrx_word' id='word_1_276' title='bbox 1204 4238 1305 4321; x_wconf 86' lang='lat' dir='ltr'>campi</span> <span class='ocrx_word' id='word_1_277' title='bbox 1328 4237 1492 4321; x_wconf 81' lang='lat' dir='ltr'>Ependorf</span> <span class='ocrx_word' id='word_1_278' title='bbox 1521 4244 1553 4301; x_wconf 88' lang='lat' dir='ltr'>et</span> <span class='ocrx_word' id='word_1_279' title='bbox 1578 4238 1712 4301; x_wconf 90' lang='lat' dir='ltr'>aliarum</span> <span class='ocrx_word' id='word_1_280' title='bbox 1748 4244 1782 4295; x_wconf 84' lang='lat'>30</span> 
     </span>
     <span class='ocr_line' id='line_1_32' title="bbox 312 4342 1712 4427; baseline -0.001 -21"><span class='ocrx_word' id='word_1_281' title='bbox 312 4343 551 4427; x_wconf 86' lang='lat' dir='ltr'>possessionum</span> <span class='ocrx_word' id='word_1_282' title='bbox 585 4361 861 4425; x_wconf 88' lang='lat' dir='ltr'>quarumcumque</span> <span class='ocrx_word' id='word_1_283' title='bbox 894 4343 1036 4407; x_wconf 89' lang='lat' dir='ltr'>eiusdem</span> <span class='ocrx_word' id='word_1_284' title='bbox 1067 4342 1195 4406; x_wconf 85' lang='lat' dir='ltr'>Martini</span> <span class='ocrx_word' id='word_1_285' title='bbox 1205 4344 1227 4421; x_wconf 79' lang='lat'>⁶)</span> <span class='ocrx_word' id='word_1_286' title='bbox 1260 4343 1410 4425; x_wconf 87' lang='lat' dir='ltr'>deinceps</span> <span class='ocrx_word' id='word_1_287' title='bbox 1445 4362 1503 4405; x_wconf 87' lang='lat' dir='ltr'>vos</span> <span class='ocrx_word' id='word_1_288' title='bbox 1536 4342 1712 4415; x_wconf 82' lang='lat' dir='ltr'>retrahatis,</span> 
     </span>
     <span class='ocr_line' id='line_1_33' title="bbox 313 4444 1713 4530; baseline -0.001 -20"><span class='ocrx_word' id='word_1_289' title='bbox 313 4447 442 4510; x_wconf 89' lang='lat' dir='ltr'>omnino</span> <span class='ocrx_word' id='word_1_290' title='bbox 474 4453 643 4528; x_wconf 84' lang='lat' dir='ltr'>cessantes,</span> <span class='ocrx_word' id='word_1_291' title='bbox 673 4466 748 4509; x_wconf 88' lang='lat' dir='ltr'>nam</span> <span class='ocrx_word' id='word_1_292' title='bbox 778 4448 805 4511; x_wconf 93' lang='lat' dir='ltr'>si</span> <span class='ocrx_word' id='word_1_293' title='bbox 836 4466 959 4511; x_wconf 87' lang='lat' dir='ltr'>cessare</span> <span class='ocrx_word' id='word_1_294' title='bbox 989 4447 1164 4528; x_wconf 80' lang='lat' dir='ltr'>nolueritis,</span> <span class='ocrx_word' id='word_1_295' title='bbox 1193 4447 1427 4530; x_wconf 87' lang='lat' dir='ltr'>protectoribus</span> <span class='ocrx_word' id='word_1_296' title='bbox 1458 4446 1558 4530; x_wconf 91' lang='lat' dir='ltr'>ipsius</span> <span class='ocrx_word' id='word_1_297' title='bbox 1583 4444 1713 4509; x_wconf 83' lang='lat' dir='ltr'>Martini</span> 
     </span>
     <span class='ocr_line' id='line_1_34' title="bbox 312 4550 1714 4635; baseline -0.001 -21"><span class='ocrx_word' id='word_1_298' title='bbox 312 4570 410 4635; x_wconf 88' lang='lat' dir='ltr'>supra</span> <span class='ocrx_word' id='word_1_299' title='bbox 431 4551 523 4615; x_wconf 87' lang='lat' dir='ltr'>dictis</span> <span class='ocrx_word' id='word_1_300' title='bbox 546 4551 762 4615; x_wconf 90' lang='lat' dir='ltr'>commisimus</span> <span class='ocrx_word' id='word_1_301' title='bbox 783 4551 1022 4634; x_wconf 81' lang='lat' dir='ltr'>praecipientes,</span> <span class='ocrx_word' id='word_1_302' title='bbox 1056 4557 1092 4613; x_wconf 93' lang='lat' dir='ltr'>nt</span> <span class='ocrx_word' id='word_1_303' title='bbox 1114 4569 1172 4613; x_wconf 87' lang='lat' dir='ltr'>vos</span> <span class='ocrx_word' id='word_1_304' title='bbox 1194 4569 1318 4612; x_wconf 90' lang='lat' dir='ltr'>cessare</span> <span class='ocrx_word' id='word_1_305' title='bbox 1344 4550 1471 4631; x_wconf 73' lang='lat' dir='ltr'>faciant</span> <span class='ocrx_word' id='word_1_306' title='bbox 1502 4551 1714 4614; x_wconf 82' lang='lat' dir='ltr'>communiter</span> 
     </span>
     <span class='ocr_line' id='line_1_35' title="bbox 313 4653 1713 4739; baseline 0.001 -22"><span class='ocrx_word' id='word_1_307' title='bbox 313 4675 371 4720; x_wconf 87' lang='lat' dir='ltr'>vos</span> <span class='ocrx_word' id='word_1_308' title='bbox 393 4657 433 4720; x_wconf 86' lang='lat' dir='ltr'>ad</span> <span class='ocrx_word' id='word_1_309' title='bbox 456 4655 533 4720; x_wconf 82' lang='lat' dir='ltr'>hacc</span> <span class='ocrx_word' id='word_1_310' title='bbox 556 4663 713 4739; x_wconf 85' lang='lat' dir='ltr'>cogentes.</span> <span class='ocrx_word' id='word_1_311' title='bbox 752 4654 869 4719; x_wconf 90' lang='lat' dir='ltr'>Datum</span> <span class='ocrx_word' id='word_1_312' title='bbox 892 4656 925 4717; x_wconf 92' lang='lat' dir='ltr'>in</span> <span class='ocrx_word' id='word_1_313' title='bbox 950 4654 1154 4738; x_wconf 76' lang='lat' dir='ltr'>Wyssegrad,</span> <span class='ocrx_word' id='word_1_314' title='bbox 1182 4653 1214 4717; x_wconf 92' lang='lat' dir='ltr'>in</span> <span class='ocrx_word' id='word_1_315' title='bbox 1239 4655 1361 4717; x_wconf 86' lang='lat' dir='ltr'>octavis</span> <span class='ocrx_word' id='word_1_316' title='bbox 1385 4655 1548 4718; x_wconf 85' lang='lat' dir='ltr'>beatorum</span> <span class='ocrx_word' id='word_1_317' title='bbox 1572 4654 1658 4718; x_wconf 89' lang='lat' dir='ltr'>Petri</span> <span class='ocrx_word' id='word_1_318' title='bbox 1681 4663 1713 4718; x_wconf 91' lang='lat' dir='ltr'>et</span> 
     </span>
     <span class='ocr_line' id='line_1_36' title="bbox 313 4736 1781 4844; baseline -0.002 -20"><span class='ocrx_word' id='word_1_319' title='bbox 313 4760 405 4825; x_wconf 84' lang='lat' dir='ltr'>Pauli</span> <span class='ocrx_word' id='word_1_320' title='bbox 428 4761 652 4844; x_wconf 81' lang='lat' dir='ltr'>apostolorum,</span> <span class='ocrx_word' id='word_1_321' title='bbox 683 4779 767 4823; x_wconf 90' lang='lat' dir='ltr'>anno</span> <span class='ocrx_word' id='word_1_322' title='bbox 791 4760 911 4824; x_wconf 91' lang='lat' dir='ltr'>domini</span> <span class='ocrx_word' id='word_1_323' title='bbox 934 4736 1148 4824; x_wconf 63' lang='lat' dir='ltr'>ilocb&#39;xxi</span> <span class='ocrx_word' id='word_1_324' title='bbox 1172 4759 1313 4842; x_wconf 90' lang='lat' dir='ltr'>septimo.</span> <span class='ocrx_word' id='word_1_325' title='bbox 1747 4763 1781 4814; x_wconf 83' lang='lat'>35</span> 
     </span>
    </p>
   </div>
   <div class='ocr_carea' id='block_1_10' title="bbox 476 4896 1542 4983">
    <p class='ocr_par' dir='ltr' id='par_1_10' title="bbox 476 4896 1542 4983">
     <span class='ocr_line' id='line_1_37' title="bbox 476 4896 1542 4983; baseline -0.003 -20"><span class='ocrx_word' id='word_1_326' title='bbox 476 4896 571 4964; x_wconf 80' lang='lat' dir='ltr'>Uuter</span> <span class='ocrx_word' id='word_1_327' title='bbox 593 4898 660 4962; x_wconf 76' lang='lat' dir='ltr'>dem</span> <span class='ocrx_word' id='word_1_328' title='bbox 684 4896 799 4983; x_wconf 67' lang='lat' dir='ltr'>sequ:</span> <span class='ocrx_word' id='word_1_329' title='bbox 822 4897 945 4962; x_wconf 83' lang='lat' dir='ltr'>Relatio</span> <span class='ocrx_word' id='word_1_330' title='bbox 968 4899 1122 4961; x_wconf 85' lang='lat' dir='ltr'>vaivodae</span> <span class='ocrx_word' id='word_1_331' title='bbox 1145 4915 1202 4980; x_wconf 88' lang='lat' dir='ltr'>per</span> <span class='ocrx_word' id='word_1_332' title='bbox 1225 4898 1412 4980; x_wconf 78' lang='lat' dir='ltr'>magistrum</span> <span class='ocrx_word' id='word_1_333' title='bbox 1434 4897 1542 4960; x_wconf 81' lang='lat' dir='ltr'>Peteu.</span> 
     </span>
    </p>
   </div>
   <div class='ocr_carea' id='block_1_11' title="bbox 467 5069 937 5486">
    <p class='ocr_par' dir='ltr' id='par_1_11' title="bbox 467 5069 937 5486">
     <span class='ocr_line' id='line_1_38' title="bbox 470 5069 836 5140; baseline -0.005 -15"><span class='ocrx_word' id='word_1_334' title='bbox 470 5072 490 5139; x_wconf 87' lang='lat'>¹)</span> <span class='ocrx_word' id='word_1_335' title='bbox 512 5069 645 5140; x_wconf 71' lang='lat' dir='ltr'>Vorlopc:</span> <span class='ocrx_word' id='word_1_336' title='bbox 663 5085 836 5140; x_wconf 87' lang='lat' dir='ltr'>quocumque.</span> 
     </span>
     <span class='ocr_line' id='line_1_39' title="bbox 468 5155 768 5228; baseline -0.013 -15"><span class='ocrx_word' id='word_1_337' title='bbox 468 5160 490 5225; x_wconf 87' lang='lat'>¹)</span> <span class='ocrx_word' id='word_1_338' title='bbox 511 5156 646 5228; x_wconf 74' lang='lat' dir='ltr'>Vorlape:</span> <span class='ocrx_word' id='word_1_339' title='bbox 664 5155 768 5210; x_wconf 87' lang='lat' dir='ltr'>idebite.</span> 
     </span>
     <span class='ocr_line' id='line_1_40' title="bbox 467 5231 729 5314; baseline -0.004 -16"><span class='ocrx_word' id='word_1_340' title='bbox 467 5244 491 5311; x_wconf 87' lang='lat'>⁸)</span> <span class='ocrx_word' id='word_1_341' title='bbox 512 5241 646 5314; x_wconf 72' lang='lat' dir='ltr'>Vorlaye:</span> <span class='ocrx_word' id='word_1_342' title='bbox 663 5231 729 5313; x_wconf 64' lang='lat' dir='ltr'>leg-0.</span> 
     </span>
     <span class='ocr_line' id='line_1_41' title="bbox 468 5328 937 5400; baseline -0.006 -15"><span class='ocrx_word' id='word_1_343' title='bbox 468 5330 490 5398; x_wconf 82' lang='lat'>⁴)</span> <span class='ocrx_word' id='word_1_344' title='bbox 511 5328 645 5400; x_wconf 75' lang='lat' dir='ltr'>Vorlapo:</span> <span class='ocrx_word' id='word_1_345' title='bbox 661 5329 740 5385; x_wconf 83' lang='lat' dir='ltr'>villae</span> <span class='ocrx_word' id='word_1_346' title='bbox 757 5328 847 5400; x_wconf 89' lang='lat' dir='ltr'>populi</span> <span class='ocrx_word' id='word_1_347' title='bbox 863 5330 937 5385; x_wconf 81' lang='lat' dir='ltr'>laad.</span> 
     </span>
     <span class='ocr_line' id='line_1_42' title="bbox 471 5414 751 5486; baseline -0.014 -14"><span class='ocrx_word' id='word_1_348' title='bbox 471 5418 492 5485; x_wconf 86' lang='lat'>¹)</span> <span class='ocrx_word' id='word_1_349' title='bbox 515 5415 634 5486; x_wconf 75' lang='lat' dir='ltr'>Vorlopc</span> <span class='ocrx_word' id='word_1_350' title='bbox 651 5414 751 5471; x_wconf 82' lang='lat' dir='ltr'>Matini.</span> 
     </span>
    </p>
   </div>
   <div class='ocr_carea' id='block_1_12' title="bbox 0 0 2046 6292">
    <p class='ocr_par' dir='ltr' id='par_1_12' title="bbox 0 0 2046 6292">
     <span class='ocr_line' id='line_1_43' title="bbox 0 0 2046 6292; baseline 0 0"><span class='ocrx_word' id='word_1_351' title='bbox 0 0 2046 6292; x_wconf 95' lang='lat' dir='ltr'> </span> 
     </span>
    </p>
   </div>
  </div>
 </body>
</html>
