4064 6288
1055 579 1098 642 st

376 768 498 831 cienter
528 767 717 830 instructam
751 767 790 830 ad
824 766 931 830 sedem
964 767 1169 850 apostolicam
1201 767 1378 849 remittatis,
1411 765 1621 852 praefigentes
1654 770 1773 835 eisdem

375 871 520 955 partibus
542 870 715 934 terminum
736 870 994 953 peremptorium,
1015 870 1134 935 festum
1163 870 1311 935 videlicet
1336 871 1420 935 beati
1441 869 1604 937 Michaelis
1625 874 1772 957 proximo

376 981 559 1053 venturum,
590 992 654 1055 quo
684 991 742 1056 per
771 991 805 1036 se
835 972 886 1035 vel
915 980 1138 1057 procuratores
1165 975 1298 1038 idoneos
1320 993 1394 1037 cum
1421 975 1628 1040 munimentis
1650 983 1682 1042 et
1703 977 1773 1042 aliis

376 1077 553 1141 rationibus
574 1076 642 1140 suis
664 1082 867 1160 compareant
888 1096 995 1140 eoram
1017 1077 1118 1158 nobis,
1140 1078 1257 1142 iustam
1279 1082 1409 1142 auctore
1431 1077 1560 1143 domino
1582 1081 1772 1145 sententiam

375 1187 569 1265 recepturae.
590 1179 699 1243 Testes
718 1228 817 1242 .....
833 1178 976 1256 Quodsi
998 1199 1190 1245 nonomnes
1213 1229 1312 1244 .....
1334 1178 1454 1245 Datum
1464 1179 1608 1263 Viterbii,
1630 1181 1741 1246 Idibus
1749 1184 1771 1260 ²)
1807 1189 1824 1242 5

375 1283 575 1365 Novembris,
598 1301 682 1346 anno
705 1302 799 1347 nono.

1045 1506 1108 1588 73.

461 1668 597 1742 Viterbo
622 1670 729 1740 1235
764 1667 951 1741 Deeemder
975 1671 1036 1740 18.
1078 1669 1188 1760 Papot
1218 1666 1352 1759 (ἔνεμον
1377 1666 1449 1739 ΙΧ.
1479 1667 1676 1761 barastrapt
1707 1670 1774 1743 dea

375 1791 529 1880 Bieetof
547 1790 610 1862 der
627 1789 813 1860 Kambre
839 1789 912 1860 aad
937 1789 993 1861 die
1010 1787 1155 1881 eopse
1179 1811 1244 1861 voa
1271 1788 1411 1861 Gscaad
1435 1789 1509 1861 aad
1526 1789 1681 1878 Betblea,
1705 1792 1771 1863 dea

376 1912 484 1985 Struit
509 1911 673 1983 meten
699 1910 776 1981 dem
801 1908 1117 2000 §centuplicare
1142 1908 1296 1997 Bbebof
1313 1910 1388 1981 aad
1411 1910 1475 1982 der
1500 1909 1603 1982 Abtei
1628 1911 1769 1984 Kobar-
1806 1927 1841 1982 10

373 2038 545 2107 menmtor
569 2055 613 2103 aa
639 2029 861 2102 eatsebeidca.

531 2193 642 2250 nme.-
664 2192 779 2247 raam
796 2192 875 2247 moe.
899 2192 995 2263 nea.
1013 2193 1039 2261 ι,
1064 2197 1116 2248 141
1139 2193 1211 2248 aaa
1234 2192 1360 2263 maner
1383 2192 1593 2249 veterascere
1609 2194 1720 2249 aare.
1738 2225 1772 2235 -

484 2279 593 2335 veae
613 2278 678 2335 eoa.
696 2279 805 2348 Arpos
823 2279 868 2346 rr,
886 2283 929 2334 ee.
947 2279 1130 2335 nemeaea
1148 2280 1315 2335 noemam
1333 2284 1392 2335 ια.

413 2436 417 2445 ·
531 2400 644 2470 Regem
661 2400 789 2455 Poetae
807 2400 924 2470 Repeetu
943 2404 1036 2457 10068.

531 2576 704 2660 Gregorius
726 2576 893 2660 episcopus
909 2625 1007 2639 .....
1023 2575 1197 2641 venerabili
1219 2574 1309 2640 tratri
1332 2577 1530 2661 ..episcopo
1553 2576 1770 2642 Cumanorum
1806 2585 1839 2638 15

375 2687 408 2746 et
430 2680 552 2745 dilectis
573 2678 647 2743 filiis
663 2724 671 2742 .
688 2725 696 2742 .
713 2678 901 2744 Cenadiensi
924 2685 956 2743 et
971 2727 978 2742 .
995 2724 1004 2742 .
1021 2680 1060 2744 de
1081 2679 1245 2745 Bethleem
1266 2679 1502 2744 Uitrasilvanae
1524 2679 1659 2745 diocesis
1680 2701 1770 2766 prae-

374 2785 486 2869 positis
515 2783 650 2847 salutem
674 2831 774 2845 .....
798 2782 881 2846 Olim
910 2782 1085 2847 venerabili
1117 2783 1214 2846 tratre
1248 2788 1357 2847 nostro
1381 2829 1389 2847 .
1413 2782 1456 2861 .⁸)
1488 2784 1635 2869 episcopo
1665 2784 1772 2848 Ultra·

375 2888 497 2952 silvano
529 2888 706 2969 deponente
737 2905 843 2949 coram
873 2886 1047 2950 venerabili
1077 2885 1167 2949 tratri
1190 2931 1198 2948 .
1225 2883 1267 2963 .⁸)
1299 2886 1446 2971 episcopo
1476 2885 1664 2951 Penestrino
1695 2894 1772 2951 tunc

374 2990 564 3075 apostolicae
588 2989 672 3053 sedis
694 2988 797 3072 legato
814 2993 925 3053 contra
940 3035 948 3052 .
965 3034 973 3052 .
989 2987 1135 3054 abbatem
1158 2995 1189 3052 et
1204 2994 1398 3052 conventum
1416 2989 1600 3053 monasterii
1622 2990 1661 3053 de
1677 2988 1773 3053 Clusa

375 3093 607 3159 Uitrasilvanae
623 3093 757 3157 diocesis
768 3092 927 3176 duplicem
943 3092 1171 3176 quaestionem,
1186 3113 1285 3156 unam
1301 3092 1449 3156 videlicet
1469 3110 1566 3175 super
1582 3091 1771 3174 quibusdam
1806 3097 1841 3152 20

374 3197 504 3262 decimis
526 3203 559 3261 et
581 3196 712 3260 alteram
742 3214 839 3280 super
865 3194 1061 3260 subiectione
1082 3196 1183 3280 ipsius
1204 3194 1397 3277 monasterii,
1428 3194 1608 3259 obedientia
1629 3201 1661 3260 et
1682 3215 1772 3260 reve-

373 3301 477 3365 rentia
506 3306 538 3364 et
560 3299 630 3363 aliis
659 3298 784 3362 iuribus
814 3297 1059 3382 episcopalibus,
1089 3299 1130 3362 ad
1153 3317 1235 3381 quae
1257 3298 1343 3382 ipsos
1370 3296 1430 3361 sibi
1452 3298 1554 3362 teneri
1576 3297 1709 3380 dicebat,
1731 3299 1771 3362 de

374 3423 512 3486 quarum
533 3422 600 3466 una
621 3400 741 3466 scilicet
762 3420 859 3486 super
877 3401 1007 3465 decimis
1028 3407 1067 3466 ut
1087 3401 1219 3485 legatus,
1243 3400 1282 3465 de
1304 3400 1430 3483 reliqua
1450 3419 1527 3464 vero
1550 3406 1588 3463 ut
1608 3400 1771 3486 delegatus

374 3507 413 3571 ab
436 3507 609 3592 apostolica
630 3506 705 3570 sede
727 3505 885 3589 cognovit
907 3507 956 3569 Ac
972 3504 1028 3569 lite
1051 3524 1158 3569 coram
1172 3523 1210 3569 eo
1234 3523 1331 3588 super
1352 3503 1413 3569 hiis
1434 3502 1574 3586 legitime
1596 3508 1772 3568 contestata

374 3615 406 3675 et
427 3611 563 3693 receptis
586 3607 795 3672 demandato
818 3608 920 3690 ipsius
942 3608 1134 3690 quibusdam
1156 3606 1291 3672 testibus
1313 3606 1352 3670 ab
1375 3607 1488 3671 eodem
1510 3604 1714 3670 Utrasilvano
1736 3608 1771 3669 in
1806 3612 1840 3668 25

373 3717 513 3795 utraque
535 3731 632 3776 causa
653 3730 751 3795 super
770 3710 938 3795 principali
959 3712 1132 3795 productis,
1155 3711 1284 3775 demum
1305 3710 1390 3774 inter
1411 3714 1532 3773 ceteras
1554 3708 1634 3773 duas
1656 3728 1772 3793 excep

373 3816 485 3899 tiones,
515 3815 795 3900 praescriptionem
819 3814 967 3879 videlicet
995 3820 1107 3878 contra
1132 3815 1318 3898 petitionem
1341 3814 1535 3878 decimarum
1557 3817 1589 3876 et
1611 3813 1772 3894 quoddam

373 3918 539 3983 arbitrium
568 3918 669 3983 latum
690 3936 748 4002 per
768 3917 939 3981 Albertum
962 3916 1170 3981 Orodiensem
1192 3923 1224 3982 et
1252 3917 1413 3999 quondam
1443 3916 1576 3980 Petrum
1597 3915 1771 3980 Albensem

373 4041 410 4085 ac
428 4022 649 4086 Florentinum
668 4020 896 4084 Scibiniensem
917 4021 1115 4104 praepositos
1136 4026 1248 4084 eontra
1270 4019 1410 4101 alteram,
1432 4036 1490 4102 per
1513 4019 1599 4100 quod
1620 4040 1679 4104 pro
1701 4019 1770 4103 ipso

372 4126 565 4190 monasterio
596 4124 739 4188 decisum
769 4125 933 4206 negotium
963 4122 1134 4206 dicebatur,
1157 4128 1311 4206 exparte
1336 4122 1571 4207 praedictorum
1593 4120 1715 4185 abbatis
1737 4126 1770 4185 et
1804 4128 1840 4182 30

373 4233 552 4292 conventus
582 4227 730 4310 obiectas,
759 4226 844 4290 idem
865 4225 990 4309 legatus
1019 4225 1153 4290 admisit.
1198 4224 1261 4290 Sed
1283 4230 1455 4307 antequam
1484 4224 1647 4309 imponere
1674 4223 1771 4288 finem

374 4331 510 4415 negotiis
530 4331 696 4415 potuisset,
726 4348 800 4392 cum
821 4328 885 4392 iam
907 4334 991 4393 esset
1012 4346 1089 4392 suae
1111 4328 1279 4413 legationis
1308 4329 1461 4393 terminos
1483 4346 1681 4410 egressurus,
1703 4326 1769 4411 tibi,

372 4434 471 4498 frater
492 4434 648 4518 episcopo,
674 4432 888 4517 receptionem
911 4432 1041 4495 testium
1063 4449 1160 4515 super
1181 4430 1438 4515 praescriptionis
1468 4430 1657 4514 exceptione
1678 4448 1770 4514 prae-

373 4537 470 4601 missa
491 4542 524 4601 et
544 4536 763 4620 probationem
784 4554 843 4620 per
870 4535 1083 4598 instrumenta
1104 4553 1201 4618 super
1223 4534 1322 4598 altera
1343 4533 1473 4597 testium
1494 4531 1681 4617 probatione
1704 4550 1769 4615 quo

373 4640 413 4703 ad
442 4640 542 4724 ipsam
573 4639 793 4723 exceptionem
827 4638 948 4701 arbitrii
969 4637 1052 4721 parti
1080 4637 1255 4701 eorumdem
1288 4635 1411 4699 abbatis
1440 4641 1473 4699 et
1505 4641 1684 4699 conventus
1713 4653 1771 4718 per
1805 4644 1839 4699 35

372 4742 644 4806 interlocutoriam
660 4742 816 4826 denegata
837 4743 1002 4807 commisit
1035 4738 1302 4806 Procuratoribus
1323 4736 1422 4822 igitur
1443 4737 1582 4823 partium
1603 4737 1637 4799 in
1660 4742 1770 4801 nostra

372 4851 502 4930 propter
531 4845 591 4908 hcc
617 4845 797 4929 praesentia
826 4847 1016 4926 constitutis,
1046 4844 1158 4910 eodem
1180 4842 1368 4906 Penestiino
1399 4842 1589 4924 quibusdam
1619 4839 1770 4904 ecclesiae

371 4948 533 5013 Romanae
562 4948 698 5033 negotiis
720 4956 883 5033 occupato,
914 4950 1064 5013 dilectum
1089 4947 1191 5011 filium
1219 4951 1364 5009 nostrum
1394 4943 1430 5007 0.
1453 4944 1555 5008 sancti
1584 4943 1707 5008 Nicolai
1736 4943 1771 5006 in

373 5071 499 5117 carcere
520 5051 665 5116 Tulliano
692 5052 860 5115 diaconum
882 5051 1074 5115 cardinalem
1098 5049 1243 5113 dedimus
1272 5046 1458 5131 auditorem,
1481 5067 1587 5112 coram
1611 5066 1674 5129 quo
1705 5045 1770 5110 dic-

372 5161 481 5219 torum
495 5154 617 5219 abbatis
633 5161 665 5219 et
679 5160 858 5219 conventus
872 5154 1038 5238 proposuit
1052 5158 1247 5236 procurator,
1271 5150 1358 5232 quod
1372 5150 1606 5234 impedimentis
1622 5150 1770 5215 detentus
1804 5160 1840 5216 40

527 5294 548 5359 ¹)
571 5289 703 5360 Vorlape:
719 5290 791 5344 Idne.

526 5377 549 5444 ¹)
567 5374 743 5446 &pauca

525 5464 548 5536 ⁸>
564 5460 695 5518 amau.
