4048 6284
891 630 1047 727 „il-
1085 712 1089 723 .

267 841 338 887 esse
359 816 538 886 noscuntur
559 828 592 885 et
614 823 740 886 noviter
761 821 938 885 inhabitare
961 826 1123 905 ceperunt,
1154 820 1296 903 ipsorum
1324 840 1520 904 paganorum
1551 820 1672 904 impetu

267 916 333 989 noh
354 927 424 989 sine
446 925 547 988 multo
570 944 780 1008 personarum
803 944 934 987 suarum
957 925 1139 988 discrimine
1160 924 1320 987 refrenato
1343 924 1374 985 in
1398 923 1449 986 ius
1472 930 1504 987 et
1531 924 1673 1006 proprie·

269 1036 364 1094 tatem
379 1028 570 1114 apostolicae
585 1029 670 1092 sedis
685 1028 825 1111 recipere
845 1028 1057 1110 dignaremur,
1081 1024 1259 1092 asserentes
1283 1028 1369 1109 quod
1390 1026 1500 1090 fideles
1522 1027 1674 1092 libentius

269 1134 450 1197 hansibuut
471 1134 505 1196 in
528 1133 597 1197 eius
619 1133 785 1212 coloniam,
816 1132 842 1196 si
863 1131 935 1197 eam
957 1132 1097 1196 viderint
1119 1131 1310 1215 apostolicae
1333 1131 1417 1194 sedis
1445 1151 1515 1195 esse
1545 1133 1673 1216 speciali

215 1247 232 1299 5
268 1238 476 1302 dominationi
487 1237 507 1312 ¹)
531 1236 705 1300 subiectam
722 1237 831 1317 sicque
846 1235 901 1299 fiet
922 1240 960 1298 ut
982 1242 1075 1317 terra,
1099 1255 1181 1318 quae
1196 1235 1260 1299 lata
1282 1240 1314 1298 et
1336 1236 1474 1318 spatiosa
1495 1236 1673 1301 cultoribus

268 1342 389 1425 indiget
404 1340 495 1405 facile
509 1340 681 1424 populetur
700 1346 732 1404 et
753 1359 907 1435 numerus
929 1340 1139 1403 habitantium
1162 1339 1195 1401 in
1219 1339 1329 1402 eadem
1351 1338 1391 1400 ad
1414 1339 1557 1422 ipsorum
1578 1360 1673 1423 paga-

268 1465 384 1509 norum
407 1451 561 1509 terrorem
584 1450 617 1508 et
638 1444 841 1507 securitatem
862 1442 1004 1507 fidefium
1027 1450 1124 1525 atque
1154 1443 1193 1506 ad
1224 1443 1391 1506 utilitatem
1423 1462 1488 1505 non
1517 1444 1672 1507 modicam

269 1556 371 1612 terrae
397 1555 524 1613 sanctim
554 1548 687 1612 feliciter
717 1554 880 1631 augeatur.
928 1548 1076 1632 Ipsorum
1107 1566 1182 1631 ergo
1214 1546 1356 1630 magistri
1386 1555 1418 1610 et
1447 1547 1582 1611 fratrum
1612 1548 1673 1631 piis

269 1653 417 1737 precibus
431 1652 602 1735 benignius
617 1657 796 1715 annuentes
822 1652 994 1735 praefatam
1019 1658 1135 1715 terram
1158 1652 1191 1713 in
1215 1650 1266 1713 ius
1289 1658 1321 1713 et
1343 1651 1568 1733 proprietatem
1590 1651 1674 1715 beafi

199 1764 235 1817 10
269 1756 357 1820 Petri
372 1756 563 1840 suscipimus
585 1761 618 1819 et
640 1775 709 1818 eam
732 1755 791 1818 sub
815 1755 943 1839 speciali
965 1756 1156 1840 apostolicae
1178 1756 1263 1818 sedis
1285 1754 1481 1838 protectione
1505 1775 1541 1818 ac
1564 1756 1672 1819 defen-

269 1861 358 1923 sione
373 1860 535 1943 perpetuis
552 1851 748 1942 temporibus
770 1878 956 1942 permanere
979 1861 1147 1923 sancimus.
1185 1858 1237 1921 Ad
1259 1859 1336 1921 haec
1359 1877 1433 1921 cum
1456 1859 1565 1923 eadem
1589 1866 1675 1923 terra

269 1964 446 2028 secundum
468 1963 682 2046 indulgentias
705 1962 782 2046 ipsis
804 1962 955 2027 tratribus
978 1964 1016 2026 ab
1046 1963 1218 2047 apostolica
1248 1962 1322 2026 sede
1352 1981 1518 2026 concessas
1548 1963 1673 2027 nullum

269 2074 395 2151 praeter
423 2067 603 2131 Romanum
633 2065 815 2150 pontificem
845 2067 958 2131 habeat
988 2068 1172 2151 episcopum
1207 2066 1258 2129 vel
1291 2066 1467 2150 praelatum
1501 2067 1674 2130 districtius

270 2171 423 2235 duximus
441 2171 659 2250 inhibendum,
682 2189 723 2234 ne
744 2170 816 2252 quis
837 2171 1091 2255 archiepiscopus
1114 2170 1165 2234 vel
1188 2171 1355 2254 episcopus
1378 2171 1412 2233 in
1435 2179 1551 2234 terram
1573 2171 1674 2254 ipsam

200 2284 234 2335 15
272 2276 322 2339 vel
336 2275 457 2339 incolas
472 2264 541 2338 eius
556 2274 715 2338 interdicti
731 2274 783 2337 rel
799 2274 1137 2338 excommunicationis
1154 2275 1344 2338 sententiam
1363 2274 1432 2338 sine
1451 2274 1579 2358 speciali
1597 2295 1672 2338 auc-

271 2379 398 2442 toritate
413 2378 604 2462 apostolicae
626 2377 711 2441 sedis
725 2376 927 2461 promulgare
948 2385 1140 2461 praesumat,
1159 2377 1211 2441 vel
1230 2378 1479 2441 iurisdictionem
1501 2379 1676 2460 quamlibet

270 2501 429 2561 exercere,
445 2482 501 2545 sed
516 2482 555 2544 ad
571 2480 881 2565 archipresbyterum
898 2500 992 2562 quem
1009 2502 1066 2566 per
1081 2478 1295 2546 venerabilem
1310 2482 1439 2545 tratrem
1456 2490 1601 2547 nostrum
1613 2530 1621 2548 .
1635 2484 1675 2562 .²)

270 2583 519 2668 Strigoniensem
542 2585 822 2669 arehiepiscopum,
854 2592 931 2648 tunc
961 2587 1145 2669 episcopum
1167 2586 1356 2669 Agriensem
1385 2585 1513 2669 praefici
1542 2588 1676 2652 fecimus

268 2688 330 2771 ipsi
352 2693 463 2770 lenae,
494 2688 607 2752 habeat
633 2688 738 2752 clerus
762 2689 905 2752 eiusdem
927 2690 1131 2772 populusque
1161 2709 1321 2771 recursus,
1351 2710 1409 2774 pro
1435 2692 1676 2773 quaestionibus

199 2799 237 2854 20
271 2792 506 2875 emergentibus
520 2792 604 2856 inter
618 2812 673 2856 eos
688 2792 822 2874 aliisque
837 2792 988 2873 artictdis
1009 2793 1065 2874 qui
1080 2793 1324 2858 ecclesiasticam
1342 2795 1562 2859 auctoritatem
1581 2796 1675 2860 iuris·

273 2895 484 2959 dictionemve
514 2896 685 2978 requirunt
714 2902 746 2959 et
773 2900 910 2979 possunt
930 2915 988 2979 per
1010 2896 1108 2960 alium
1131 2917 1228 2980 quarn
1250 2898 1434 2983 episcopum
1457 2899 1609 2983 expediri,
1639 2919 1677 2964 ea

271 3018 357 3082 vero,
373 3018 456 3081 quae
471 2999 652 3063 desiderant
673 2999 862 3083 pontificalis
885 2999 1047 3083 dignitatis
1070 3001 1218 3083 officium,
1245 3008 1282 3065 ut
1303 3007 1382 3085 puta
1402 3003 1547 3085 chrisma,
1570 3004 1676 3069 oleum

271 3109 425 3185 sanctum
455 3104 670 3167 ordinationes
692 3104 880 3167 clericorum
903 3110 935 3167 et
962 3104 1175 3169 dedicationes
1206 3106 1411 3170 ecclesiarum
1441 3126 1498 3170 seu
1529 3108 1675 3171 altarium

271 3228 292 3271 a
306 3226 510 3289 quocumque
531 3208 707 3287 malueritis
722 3208 890 3291 recipietis,
906 3209 1053 3292 episcopo
1069 3209 1259 3294 apostohcae
1282 3210 1366 3274 sedis
1376 3210 1397 3287 ⁸)
1420 3213 1675 3276 communionem

201 3319 237 3373 25
273 3319 305 3375 et
318 3312 452 3395 gratiam
467 3312 639 3393 obtinente,
662 3331 832 3394 quousque
847 3313 948 3396 ipsius
964 3320 1066 3377 terrae
1081 3314 1219 3397 populus
1235 3315 1344 3377 divina
1360 3314 1487 3378 favente
1509 3317 1610 3398 gratia
1632 3318 1676 3380 sic

271 3416 368 3480 brerit
382 3422 615 3499 augmentatus,
635 3422 672 3479 ut
686 3417 818 3500 dignum
837 3417 878 3481 sit
898 3418 1061 3500 proprium
1081 3419 1111 3480 ei
1130 3418 1313 3501 episcopum
1333 3419 1501 3501 provideri.
1534 3419 1677 3501 Ideoque

272 3520 500 3584 haternitatem
526 3527 666 3583 vestram
692 3520 923 3584 sollicitandam
953 3521 1107 3585 duximus
1137 3526 1169 3585 et
1199 3521 1389 3585 monendam
1419 3541 1476 3605 per
1505 3523 1678 3605 apostolica

275 3623 364 3686 vobis
386 3624 503 3706 scripta
533 3624 728 3703 mandantes,
759 3630 919 3705 quatenus
941 3625 1043 3688 dictos
1068 3625 1182 3688 fratres
1211 3625 1264 3688 vel
1294 3626 1395 3708 ipsius
1425 3632 1527 3689 terrae
1556 3627 1677 3690 incolas

272 3732 384 3789 contra
406 3732 533 3789 nostrae
555 3727 791 3790 constitutionis
820 3734 852 3790 et
879 3728 1077 3791 inhibitionis
1108 3734 1250 3792 tenorem
1280 3728 1464 3793 nullatenus
1493 3730 1677 3812 molestetis,

203 3836 240 3891 30
276 3830 354 3912 quin
376 3831 472 3892 immo
495 3829 581 3914 ipsos
604 3830 756 3895 habentes
779 3831 957 3915 specialiter
978 3852 1036 3915 pro
1066 3833 1150 3896 sedis
1179 3832 1371 3916 apostolicae
1399 3835 1580 3899 reverentia
1604 3854 1678 3919 pro·

273 3934 404 4017 pensius
426 3934 663 3998 commendatos
686 3955 759 3999 cum
781 3955 839 4018 pro
863 3934 1051 4000 clericorum
1073 3936 1328 4000 ordinationibus
1355 3943 1388 4001 et
1416 3938 1495 4019 aliis,
1526 3957 1608 4021 quae
1638 3939 1678 4002 ad

274 4037 453 4122 pontificale
471 4044 616 4121 spectant
637 4039 785 4119 officium,
809 4039 848 4102 ab
871 4039 917 4103 eis
939 4041 1084 4121 requisiti
1107 4040 1241 4121 fueritis,
1263 4040 1400 4123 benigne
1422 4040 1563 4123 ipsorum
1586 4042 1678 4105 iustis

273 4141 541 4225 postulationibus
559 4143 718 4225 annuatis,
740 4150 827 4207 utet
848 4144 909 4226 ipsi
931 4145 1055 4227 possint
1076 4144 1115 4208 de
1139 4144 1223 4208 hono
1245 4145 1279 4206 in
1301 4142 1416 4207 melius
1439 4144 1548 4209 favore
1570 4151 1677 4209 vestro

275 4246 374 4309 adiuti
389 4245 543 4329 proficere
557 4266 681 4328 nosque
700 4249 863 4310 caritatem
886 4252 1024 4311 vestram
1047 4247 1218 4313 debeamus
1240 4247 1274 4309 in
1297 4247 1425 4311 domino
1448 4249 1678 4313 commendare.

205 4355 241 4409 35
277 4346 397 4412 Datum
418 4348 574 4432 laterani,
596 4349 636 4413 Π.
658 4349 819 4415 Kalendas
841 4350 926 4433 Maii,
948 4371 1033 4414 anno
1056 4351 1203 4431 octar0.⁴)

944 4610 1011 4692 42.

354 4770 444 4845 Rom
469 4773 519 4843 im
541 4771 700 4845 Loleron
725 4775 830 4843 1224
848 4773 954 4864 April
974 4777 1036 4845 30.
1065 4774 1174 4866 Papst
1191 4774 1368 4849 Honorius
1395 4775 1473 4847 ΙΙΙ.
1501 4774 1680 4866 iibertrdpt

277 4892 355 4964 dem
390 4892 654 4966 Baraealdader
688 4892 813 4964 Daton
854 4895 910 4966 die
946 4896 1121 4986 peiatliobe
1165 4896 1456 4969 Gericttaborkeit
1494 4896 1579 4970 tiber
1617 4897 1681 4968 doe

277 5013 514 5086 Bursenland.

206 5143 243 5197 ro
435 5142 560 5212 nepem
582 5142 790 5198 resumam
808 5143 918 5198 Archiv.

434 5302 455 5366 ι)
473 5302 559 5352 rara:
576 5298 674 5353 neoni.

433 5387 455 5452 ³)
477 5384 603 5438 ihomas.

434 5473 456 5538 ⁸)
475 5473 559 5525 1278.-
576 5470 610 5525 ab
626 5470 769 5541 apostolica
785 5472 855 5526 sede.

434 5560 456 5626 ⁴)
474 5559 544 5612 1278
559 5556 626 5625 sebit
643 5558 688 5613 dic
706 5558 860 5630 Βαιὶνυπρ.
