4088 6292
899 608 1056 702 —aru-

280 795 498 860 ascendissent
519 801 552 858 et
574 795 728 877 quasdam
751 795 881 860 arbores
910 797 996 860 tiliae
1026 799 1260 877 cousequenter
1291 797 1475 879 existentes,
1503 817 1563 880 pro
1590 797 1682 862 metis

281 899 522 963 commisissent
545 898 689 963 Ulterius
711 899 745 961 in
761 899 873 963 eodem
888 898 1013 978 berch1)
1036 899 1203 983 paululum
1216 899 1418 982 procedendo
1433 919 1532 983 penes
1554 901 1682 965 easdem

281 1002 410 1067 arbores
439 1004 627 1087 pervenitur
656 1003 696 1066 ad
725 1004 940 1067 summitatem
969 1004 1112 1067 eiusdem
1134 1002 1239 1085 berch,
1274 1003 1328 1066 nbi
1350 1004 1385 1066 in
1417 1003 1515 1067 latere
1538 1005 1682 1069 eiusdem

282 1106 363 1170 duas
397 1111 498 1171 metas
531 1112 650 1170 terreas
683 1107 875 1189 posuissent
908 1125 1045 1187 quarum
1074 1127 1140 1170 una
1170 1105 1218 1185 aa)
1247 1108 1371 1191 plaga¹t
1405 1108 1551 1172 orientali
1580 1115 1683 1173 terrae

229 1222 246 1273 t
282 1210 435 1293 Oluswan
446 1211 509 1274 alia
520 1230 596 1274 vero
612 1230 632 1274 a
646 1210 739 1294 plaga
753 1209 940 1273 occidentali
955 1211 1148 1293 possessioni
1159 1210 1331 1274 Monustnr
1346 1218 1536 1295 separarent
1559 1211 1683 1277 Deinde

280 1315 314 1377 in
337 1314 449 1379 eodem
472 1314 570 1379 berch
591 1314 813 1379 descendendo
844 1314 884 1377 ad
907 1315 1067 1395 quandam
1091 1315 1176 1377 riam
1205 1334 1337 1398 parvam
1361 1321 1393 1378 et
1415 1316 1516 1399 ipsam
1537 1321 1683 1399 pertran-

281 1419 404 1482 seundo
436 1419 468 1481 in
508 1418 612 1482 medio
643 1418 809 1482 cuiusdam
839 1417 946 1499 vallis,
976 1418 1010 1480 in
1039 1418 1177 1500 quadam
1207 1419 1270 1482 alia
1296 1420 1350 1482 via
1378 1438 1492 1483 versus
1521 1421 1683 1484 meridiem

281 1522 482 1587 ascendendo
505 1528 537 1586 et
559 1523 593 1584 in
615 1541 750 1586 ascensu
772 1521 914 1585 eiusdem
937 1521 1055 1585 montis
1078 1542 1176 1585 unam
1197 1529 1315 1586 metam
1337 1523 1519 1587 cursualem
1542 1523 1581 1587 de
1596 1544 1680 1587 novo

282 1627 468 1691 erexissent
513 1626 636 1690 Dehinc
659 1627 692 1688 in
716 1626 826 1688 eadem
848 1625 901 1688 via
928 1625 968 1687 ad
991 1625 1123 1688 eandem
1147 1625 1270 1710 plagam
1294 1626 1429 1691 ulterius
1451 1628 1682 1711 progrediendo

213 1739 247 1793 10
282 1729 412 1793 venitur
434 1730 474 1793 ad
498 1730 657 1812 quandam
680 1729 772 1792 aliam
797 1730 881 1791 viam
903 1749 1049 1812 magnam
1073 1750 1169 1813 snper
1191 1737 1287 1814 caput
1306 1750 1439 1814 magnae
1462 1732 1561 1795 silvae
1583 1732 1683 1815 ipsius

281 1834 466 1898 monasterii
489 1834 624 1915 Bykiew
647 1839 804 1897 vocatum.
841 1832 965 1897 Deinde
988 1834 1200 1917 pereundam
1223 1836 1308 1897 viam
1332 1836 1366 1897 in
1389 1836 1501 1900 eodem
1523 1836 1619 1900 berch
1642 1837 1683 1899 ad

283 1938 415 2001 eandem
437 1937 563 2022 plagam
586 1937 825 2001 meridionalem
847 1938 1017 2019 tendenda,
1046 1937 1101 2001 ubi
1124 1938 1209 2001 circa
1230 1939 1363 2002 eandem
1386 1940 1472 2002 riam
1494 1944 1558 2003 tres
1582 1946 1681 2004 metas

283 2046 403 2105 terreas
423 2042 508 2105 inter
530 2042 609 2105 duas
639 2042 768 2105 arbores
789 2041 870 2105 ilicis
892 2047 1110 2124 renovassent,
1144 2060 1280 2123 quarum
1311 2062 1377 2106 una
1398 2063 1417 2106 a
1440 2049 1528 2127 parte
1551 2044 1682 2108 orientis

284 2152 386 2209 terrae
409 2144 561 2227 Cluswan
591 2145 654 2209 aha
683 2165 702 2208 a
732 2152 821 2229 parte
851 2146 995 2209 meridiei
1023 2146 1216 2229 possessioni
1241 2146 1406 2229 Banabylr,
1436 2147 1530 2212 tertia
1559 2167 1634 2211 vero
1665 2168 1684 2211 a

213 2261 247 2313 15
283 2249 375 2332 plaga
405 2249 576 2312 occidentis
606 2249 708 2313 dictae
738 2251 931 2334 possessioni
960 2250 1132 2314 Monnstur
1165 2250 1398 2333 distinguerent
1428 2256 1461 2313 et
1489 2258 1680 2335 separarent

282 2353 426 2418 Ulterius
454 2353 489 2416 in
519 2353 630 2417 eadem
660 2354 754 2417 viaa
782 2353 875 2438 plaga
903 2354 1103 2418 meridionali
1133 2354 1173 2416 ad
1202 2353 1324 2417 bonurn
1353 2355 1491 2437 spatium
1522 2356 1682 2419 tendendo

283 2457 366 2520 circa
387 2457 521 2521 eandem
546 2457 628 2521 viam
659 2458 738 2521 duas
760 2463 861 2521 metas
890 2458 1082 2541 posuissent
1116 2464 1148 2521 et
1169 2457 1213 2520 ibi
1235 2458 1492 2522 convicinaretur
1514 2478 1588 2523 curn
1610 2480 1682 2543 pos-

282 2561 423 2625 sessione
437 2559 553 2642 Mylris.
575 2560 698 2625 Deinde
722 2562 866 2626 similiter
886 2564 921 2625 in
943 2562 1054 2626 eadem
1077 2561 1129 2624 ria
1151 2560 1319 2645 paululum
1333 2562 1542 2645 procedendo,
1565 2564 1682 2628 iterum

282 2685 379 2729 unam
401 2670 519 2729 metam
551 2665 717 2743 terream¹)
746 2664 927 2728 cursualem
949 2664 1107 2729 fecissent.
1143 2665 1259 2729 Adhuc
1286 2664 1421 2729 ulterius
1442 2667 1476 2728 in
1500 2667 1610 2731 eadem
1635 2667 1686 2731 via

213 2777 249 2832 20
283 2789 399 2853 magna
428 2770 515 2833 etin
546 2770 657 2833 eodem
688 2769 784 2833 berch
812 2768 852 2832 ad
880 2769 1013 2852 longum
1042 2770 1179 2853 spatium
1209 2770 1440 2853 progrediendo
1471 2771 1551 2834 duas
1583 2777 1685 2835 metas

283 2874 431 2956 antiquas
453 2873 662 2951 invenissent
686 2891 822 2954 quarum
845 2891 942 2934 unam
965 2878 1182 2955 renovassent,
1205 2878 1238 2937 et
1259 2873 1378 2937 ibidem
1401 2874 1587 2957 iungeretur
1609 2895 1683 2938 curn

282 2977 483 3061 possessione
500 2975 627 3058 Zyluas,
650 2995 788 3057 quarum
809 2995 874 3038 una
896 2995 916 3039 a
936 2979 1025 3058 parte
1048 2976 1189 3040 eiusdem
1206 2977 1348 3041 meridiei
1365 2978 1469 3041 eidem
1491 2979 1685 3062 possessioni

283 3079 410 3162 Zyluas,
434 3079 534 3144 altera
555 3100 631 3143 vero
655 3099 675 3143 a
695 3080 788 3164 plaga
803 3080 975 3144 occidentis
991 3081 1084 3144 terris
1098 3081 1336 3164 possessionum
1353 3080 1500 3144 videlicet
1515 3081 1687 3145 Monustur

286 3190 359 3248 ante
382 3183 485 3247 dictae
507 3190 540 3248 et
562 3184 813 3247 Zenthbenedulr
835 3183 1038 3247 abbatialium
1068 3185 1247 3247 dividerent
1280 3191 1312 3248 et
1334 3190 1525 3269 separarent.
1563 3183 1685 3248 Dehinc

214 3296 248 3351 25
284 3286 476 3353 reflectendo
492 3288 533 3351 ad
547 3287 672 3372 plagam
690 3286 915 3351 occidentalem
932 3287 971 3350 de
985 3288 1054 3370 ipso
1071 3294 1178 3352 monte
1194 3288 1416 3353 descendendo
1433 3295 1465 3352 et
1479 3290 1513 3352 in
1529 3289 1685 3353 descensu

283 3393 426 3457 eiusdem
456 3393 573 3455 montis
603 3411 701 3456 unam
731 3397 846 3454 metam
875 3390 1055 3454 cursualem
1086 3393 1271 3475 erexissent,
1303 3412 1385 3474 quae
1417 3392 1575 3456 scinderet
1603 3393 1687 3457 inter

283 3497 475 3581 praedictam
508 3502 625 3560 terram
655 3495 865 3579 possessionis
892 3494 1141 3558 Zenthbenedulr
1171 3496 1321 3559 ecclesiae
1352 3496 1461 3561 beatae
1493 3496 1625 3579 virginis
1655 3502 1687 3560 et

283 3602 518 3686 possessionem
540 3599 680 3663 Zeleohe.
708 3598 834 3662 Abhinc
856 3598 992 3661 ulterius
1013 3597 1213 3681 procedendo
1237 3598 1276 3661 ad
1300 3600 1434 3663 eandem
1455 3599 1581 3684 plagam
1604 3601 1686 3663 occi-

285 3704 443 3769 dentalem
467 3703 609 3767 saliendo
634 3703 794 3785 quandam
817 3703 901 3766 viam
923 3703 1011 3766 etin
1034 3702 1128 3766 dorso
1152 3703 1318 3767 cniusdam
1333 3703 1430 3767 berch
1453 3703 1686 3786 descendendo,

215 3816 251 3870 30
287 3808 343 3890 qui
366 3807 494 3889 quidem
517 3806 616 3870 berch
636 3808 721 3871 inter
743 3807 823 3870 duas
843 3806 941 3870 vehes
956 3808 1090 3870 silvosas
1105 3808 1266 3889 existeret,
1289 3827 1388 3870 unam
1403 3815 1520 3871 metam
1543 3808 1687 3872 similiter

285 3910 465 3975 cursualem
487 3910 572 3974 inter
585 3911 648 3974 iam
664 3911 764 3974 dictas
779 3912 996 3996 possessiones
1012 3911 1262 3975 Zenthbenedulr
1284 3917 1317 3974 et
1331 3910 1463 3975 Zeleohe
1486 3917 1685 3995 separantem

285 4014 324 4079 de
347 4034 431 4078 novo
456 4015 718 4098 composuissent.
755 4015 870 4079 Adhuc
901 4015 1067 4100 paululum
1097 4015 1232 4079 ulterius
1254 4016 1287 4077 in
1311 4015 1423 4078 eodem
1453 4015 1549 4078 berch
1572 4034 1685 4079 versus

287 4120 420 4183 eandem
443 4119 568 4202 plagam
591 4119 813 4183 descendendo
837 4127 869 4183 et
890 4120 924 4182 in
946 4124 1019 4182 ortu
1030 4119 1050 4196 ⁸)
1081 4119 1182 4202 ipsius
1212 4118 1306 4181 berch
1328 4119 1414 4182 inter
1435 4118 1564 4183 arbores
1586 4137 1685 4182 unam

286 4228 401 4287 metam
424 4223 580 4306 lapideam
603 4223 829 4287 cumulassent.
852 4221 975 4286 Deinde
997 4242 1055 4306 per
1076 4222 1211 4298 onoma
1233 4223 1334 4306 ipsius
1354 4223 1450 4285 berch
1473 4223 1591 4287 directe
1614 4223 1685 4285 des-

216 4337 251 4390 35
287 4327 450 4391 candendo
474 4346 570 4410 super
592 4317 729 4391 flurium
745 4327 988 4410 Gorbopathalra
1010 4328 1218 4409 nominatum,
1245 4327 1301 4390 ubi
1324 4328 1357 4390 in
1381 4328 1564 4391 nemoribus
1585 4345 1684 4410 prope

286 4430 406 4494 dictum
428 4429 565 4495 fluvium
589 4451 686 4496 unam
708 4436 826 4494 metam
848 4450 995 4513 magnam
1012 4437 1147 4494 terream
1161 4430 1355 4494 inveniendo
1370 4435 1587 4512 renovassent,
1604 4448 1687 4512 quae

284 4535 401 4599 iterum
423 4535 508 4599 inter
527 4536 592 4598 iarn
615 4536 714 4599 dictas
736 4535 954 4619 possessiones
977 4534 1227 4599 Zenthbenednlr
1258 4539 1290 4597 et
1313 4532 1444 4598 Zeleohe
1467 4533 1684 4616 distingueret

285 4638 412 4701 Abhinc
428 4638 545 4703 directe
561 4638 768 4703 descenderet
784 4644 816 4703 et
830 4638 958 4702 caderet
973 4639 1014 4701 ad
1028 4637 1164 4702 flurium
1181 4637 1456 4721 Gorbopathalra⁴)
1479 4640 1552 4699 ante
1568 4634 1688 4699 dictum

288 4742 344 4805 ubi
377 4749 684 4806 commetanearetur
717 4763 790 4806 cum
824 4742 1025 4826 possessione
1058 4740 1229 4824 episcopali
1266 4741 1435 4805 Zaazienes
1472 4745 1593 4821 vocata,
1632 4740 1689 4822 qui

216 4856 252 4909 40
290 4845 419 4928 quidem
441 4846 566 4909 rivulus
589 4865 646 4910 seu
664 4845 785 4910 fluvius
801 4847 885 4911 inter
906 4846 1033 4911 easdem
1049 4845 1266 4928 possessiones
1281 4844 1540 4925 Zenthbenedulr,
1557 4842 1688 4907 Zeleohe

287 4970 324 5014 ac
347 4950 516 5014 Zaasienes
538 4949 696 5014 metaliter
717 4949 928 5034 distingueret
947 4956 979 5013 et
1002 4956 1170 5033 separaret.
1192 4948 1318 5011 Abhinc
1333 4946 1551 5012 reflecteretur
1573 4966 1688 5011 versus

444 5123 464 5187 ¹)
482 5119 558 5175 Sata
575 5120 665 5175 hister
678 5121 828 5189 paululum
845 5121 905 5175 and
921 5121 958 5176 iat
975 5119 1063 5175 durch
1080 5160 1097 5187 ‚‚
1116 5119 1159 5174 als
1176 5119 1266 5173 hister
1292 5118 1383 5173 eodem
1399 5117 1512 5187 echeria
1530 5115 1687 5171 tesana.

443 5208 465 5276 ¹)
487 5207 573 5262 Ueter
590 5208 639 5262 der
656 5206 732 5262 Zeila
749 5208 957 5278 manmena

441 5297 465 5361 ⁸)
488 5294 622 5365 Vorlape:
639 5310 676 5348 or.

221 5381 255 5434 Ab
288 5384 466 5504 hamnd‘)
484 5380 559 5436 Steti
585 5380 676 5436 hister
703 5381 877 5451 amictum,
903 5382 940 5437 ist
966 5381 1033 5436 aber
1058 5378 1146 5436 daret
1169 5419 1186 5447 „
1213 5377 1256 5433 ais
1282 5394 1331 5434 cor
1357 5378 1444 5433 dieses
1473 5376 1552 5433 Wort
1577 5376 1691 5447 peteme
