4084 6302
961 615 1116 710 Qa—

337 800 541 864 detestaudae
562 800 739 866 infidelitati
762 804 977 886 proponendo,
1000 808 1139 868 castrum
1156 803 1310 885 Chycbou
1327 811 1475 867 vocatum
1492 809 1619 867 nostrae
1642 804 1738 868 maie·

337 902 409 967 stati
434 905 581 984 restituit,
613 926 671 969 nos
694 908 910 990 possessiones
933 908 1188 988 Sceuthguthart,
1219 908 1332 991 Choge,
1356 908 1530 990 Zazzyluas
1553 915 1584 971 et
1607 908 1738 971 Sceuth-

338 1027 432 1088 ywan
467 1015 595 1072 vocatas
625 1009 658 1071 in
688 1010 831 1093 partibus
860 1011 1077 1074 Transiluanis
1107 1011 1290 1091 existentes,
1324 1032 1388 1074 non
1419 1012 1631 1075 communiter
1666 1032 1737 1075 curn

337 1109 489 1174 iratribus
519 1118 551 1175 et
578 1112 733 1195 proximis
763 1115 839 1194 suis,
874 1115 928 1177 scd
959 1114 1018 1177 sibi
1049 1115 1105 1178 soli
1139 1125 1170 1178 ct
1192 1134 1249 1197 per
1279 1136 1351 1179 cum
1376 1116 1443 1179 suis
1472 1115 1642 1179 heredibus
1669 1116 1739 1179 iure

338 1220 491 1298 perpetuo
514 1216 717 1299 contulimus,
746 1217 818 1281 ideo
848 1219 1005 1297 volumus,
1036 1219 1122 1301 quod
1153 1218 1262 1281 nullus
1291 1218 1425 1282 fratrum
1457 1224 1489 1283 et
1517 1220 1737 1304 proximorum
1774 1228 1791 1277 5

338 1338 470 1382 suorum
494 1318 684 1383 divisionem
713 1328 745 1383 et
767 1322 945 1404 portionem
968 1322 1007 1384 ab
1032 1323 1143 1385 eodem
1170 1323 1285 1386 comite
1306 1322 1437 1385 Nicolao
1461 1324 1571 1386 maiori
1594 1330 1627 1387 et
1649 1323 1738 1387 hore-

338 1421 432 1486 dibus
455 1423 522 1486 suis
546 1442 698 1505 quaerere
721 1425 820 1507 possit
841 1426 875 1488 in
898 1425 1152 1509 possessionibus
1174 1427 1375 1509 praenotatis.
1410 1425 1511 1490 Vobis
1533 1427 1631 1509 igitur
1652 1425 1739 1509 pala-

338 1526 415 1608 tino,
444 1526 541 1590 iudici
571 1528 678 1592 curiae
701 1535 836 1610 nostrae,
858 1530 935 1593 item
966 1528 1118 1592 vaivodae
1146 1536 1178 1593 et
1200 1529 1425 1593 vicevaivodae
1447 1551 1484 1593 ac
1506 1537 1629 1595 vestras
1652 1530 1738 1593 vices

338 1630 523 1714 gerentibus
545 1632 723 1715 ceterisque
745 1634 905 1698 iudicibus
928 1641 960 1697 et
983 1633 1159 1696 iustitiariis
1181 1634 1270 1715 regni
1295 1634 1394 1697 nostri
1418 1635 1596 1718 specialiter
1617 1635 1650 1697 in
1668 1654 1739 1717 par-

339 1733 424 1799 tibus
438 1734 655 1799 Trausiluauis
678 1756 764 1800 nunc
787 1746 819 1801 et
841 1759 898 1822 pro
922 1745 1063 1821 tempore
1079 1738 1269 1813 constitutis,
1293 1737 1410 1818 quibus
1433 1744 1616 1822 praesentes
1631 1746 1737 1801 osten·
1776 1745 1809 1797 10

340 1840 470 1921 duntur,
491 1838 625 1904 firmiter
647 1846 679 1904 et
701 1840 843 1904 districte
865 1842 951 1923 regio
975 1842 1078 1905 edicto
1105 1841 1326 1925 praecipiendo
1351 1842 1546 1923 mandamus,
1570 1850 1738 1924 quatenus.

338 1944 366 2008 si
381 1944 437 2026 qui
452 1943 587 2007 fratrum
602 1944 820 2027 proximorum
837 1952 868 2008 et
883 1945 1194 2028 consanguineorum
1210 1945 1311 2033 ipsius
1326 1946 1450 2009 comitis
1461 1945 1584 2010 Nicolai
1599 1945 1737 2010 eundem

339 2047 392 2112 vel
414 2067 490 2111 suos
513 2048 645 2111 heredes
667 2067 764 2131 super
785 2049 954 2131 praedictis
973 2048 1226 2133 possessionibus
1249 2048 1504 2132 Scentbguthart,
1527 2048 1640 2132 Chege,
1664 2049 1739 2112 Zar-

339 2152 453 2234 zyluas
475 2157 507 2215 et
519 2150 731 2232 Scenthywan
755 2153 876 2215 vocatis
892 2153 924 2214 in
941 2160 1079 2216 vestram
1097 2153 1306 2237 praesentiam
1322 2154 1491 2216 citaverint
1513 2162 1545 2217 et
1559 2154 1737 2236 portionem

339 2256 391 2320 vel
422 2255 612 2320 divisionem
641 2256 675 2317 in
705 2256 824 2319 eisdem
848 2256 1072 2338 quaesiverint,
1103 2262 1180 2319 tunc
1210 2276 1268 2319 vos
1298 2257 1451 2320 iudicium
1484 2276 1581 2339 super
1606 2257 1737 2320 hiisdem
1777 2264 1810 2315 15

338 2358 594 2444 possessionibus
624 2360 727 2423 iacere
758 2380 821 2423 non
852 2361 1004 2441 audeatis,
1038 2360 1093 2423 sed
1126 2362 1211 2443 ipsas
1243 2361 1461 2443 possessiones
1495 2360 1597 2423 eidem
1631 2360 1737 2423 comiti

339 2463 470 2529 Nicolao
494 2471 526 2527 et
548 2463 615 2527 suis
644 2462 814 2527 heredibus
836 2462 965 2547 pacifice
988 2464 1161 2545 dimittatis,
1192 2466 1275 2528 sicut
1297 2484 1354 2548 per
1377 2470 1517 2527 nostram
1541 2465 1738 2527 maiestatem

340 2568 400 2632 sibi
430 2567 489 2631 soli
511 2566 642 2631 Nicolao
670 2567 754 2629 dicto
777 2567 856 2630 Wos
887 2568 998 2631 maiori
1029 2577 1105 2631 sunt
1127 2568 1259 2631 collatae
1285 2569 1355 2631 iure
1379 2567 1550 2651 perennali.
1587 2567 1689 2630 Immo
1712 2568 1738 2630 si

341 2672 397 2754 qui
420 2677 562 2735 vestrum
586 2677 695 2734 contra
727 2670 808 2734 hanc
837 2673 970 2753 gratiam
1000 2692 1058 2756 per
1080 2691 1139 2735 nos
1162 2673 1275 2735 factam
1303 2671 1512 2755 procederent
1534 2678 1566 2735 et
1589 2671 1738 2751 iacerent,

339 2774 419 2838 illud
441 2775 528 2857 quod
551 2775 693 2849 feceriut,
716 2776 903 2839 anctoritate
918 2778 1133 2858 praesentium
1156 2796 1326 2850 cassamus,
1349 2794 1537 2839 revocamus
1557 2780 1589 2837 et
1611 2775 1739 2857 penitus
1774 2782 1810 2834 ‘20

340 2879 553 2943 annihilamus
576 2886 608 2943 et
629 2880 755 2944 easdem
779 2882 995 2962 possessiones
1024 2880 1085 2963 ipsi
1114 2880 1222 2943 comiti
1244 2879 1375 2943 Nicolao
1409 2884 1441 2942 et
1471 2878 1538 2942 suis
1561 2877 1738 2958 heredibus,

340 2986 424 3048 sicut
445 3003 487 3048 ex
518 3003 613 3065 nunc,
644 2984 689 3046 sic
713 3003 754 3047 ex
777 2992 853 3047 tunc
877 2983 1006 3068 pacifice
1029 2984 1217 3047 dimittimus
1243 2989 1395 3067 perpetuo
1418 2982 1626 3066 possidendas
1649 3001 1740 3065 prae-

341 3088 479 3153 sentium
508 3107 566 3172 per
595 3088 745 3171 vigorem.
783 3087 899 3151 Datum
932 3090 965 3151 in
987 3088 1062 3151 Alto
1086 3092 1199 3167 castre,
1230 3087 1280 3151 die
1311 3087 1469 3149 dominico
1498 3087 1644 3169 proximo
1668 3093 1740 3169 post

338 3193 458 3257 ‘testum
481 3190 667 3275 epiphaniae
690 3191 819 3274 domini,
842 3211 926 3254 anno
950 3191 1092 3255 eiusdem
1115 3189 1171 3253 ΜΟ.
1196 3190 1295 3254 000⁰.
1318 3189 1486 3253 XXXX?

999 3503 1091 3586 552.
1776 3528 1811 3581 25

427 3685 631 3777 Wisscprad
656 3690 761 3757 1340
786 3687 930 3757 Januor
956 3691 987 3755 9.
1017 3685 1133 3775 Kdnip
1160 3686 1254 3755 Korl
1280 3686 1438 3775 bestdtipt
1468 3685 1634 3756 Nicotaus
1661 3684 1742 3756 Wos

341 3809 415 3880 arrd
432 3807 550 3879 dcsscn
569 3807 688 3879 Erbcn
705 3809 744 3879 ia
762 3808 838 3880 dem
859 3806 974 3878 Besitz
1000 3829 1064 3877 oon
1083 3804 1343 3896 Szcntpothord,
1377 3807 1492 3897 Caspe,
1513 3805 1741 3878 Sedeaszitods

340 3928 414 4000 aad
440 3927 633 4000 Scantinia.

498 4074 611 4129 Druck:
629 4074 726 4128 Horat
744 4074 888 4128 otlcctttdr
905 4079 958 4129 220
976 4075 1049 4129 aaa»
1064 4075 1124 4127 dem
1144 4073 1220 4143 Orip.
1240 4075 1320 4143 Pcrp.
1340 4074 1442 4128 Archiv
1459 4074 1508 4128 der
1522 4073 1630 4141 Grafen
1648 4073 1739 4141 Wcss,

449 4162 538 4231 (ἔαρι.
556 4160 714 4231 Rihpsiepcl
724 4177 784 4214 war
802 4161 859 4228 auf
865 4161 914 4215 der
927 4160 1069 4215 Ritclcscilc
1087 4161 1275 4230 auspedritclct.
1285 4191 1319 4201 -
1329 4159 1392 4215 Sieh
1410 4160 1455 4214 dic
1472 4161 1601 4216 Urlundc
1613 4160 1666 4214 Nr.
1679 4165 1738 4215 551,
1775 4163 1810 4215 30

414 4404 417 4411 ,
497 4338 565 4402 Nos
593 4335 731 4401 Karalus
761 4335 811 4400 dei
841 4336 943 4419 gratia
973 4356 1031 4400 rex
1061 4336 1245 4418 Hungariae
1279 4337 1449 4400 memoriae
1483 4337 1742 4400 commendantes

342 4447 453 4506 tenore
481 4441 695 4524 praesentium
725 4440 941 4523 significamus
971 4439 1088 4522 quibus
1118 4439 1248 4522 expedit
1279 4441 1446 4521 universis,
1480 4460 1553 4504 cum
1584 4461 1644 4504 nos
1666 4460 1742 4502 con-

342 4545 487 4609 sideratis
516 4543 720 4608 fidelitatibus
750 4550 781 4607 et
810 4542 952 4607 fidelium
982 4544 1186 4607 servitiorum
1216 4544 1337 4607 meritis
1368 4545 1491 4608 comitis
1514 4543 1637 4607 Nicolai
1666 4543 1739 4606 dicti

342 4648 423 4713 Wos
445 4649 582 4730 maioris,
606 4648 724 4730 quibus
738 4648 823 4711 idem
838 4655 965 4712 nostrae
982 4647 1137 4712 maiestati
1159 4647 1198 4710 ab
1214 4646 1409 4712 infidelitatis
1425 4648 1550 4711 tramite
1567 4646 1740 4727 redeundo,

342 4772 416 4816 cum
438 4771 581 4816 summae
610 4751 771 4816 fidelitatis
801 4753 980 4815 constantia
1009 4753 1040 4814 in
1072 4752 1273 4815 restitutione
1303 4753 1398 4816 castri
1420 4750 1581 4832 Chychow
1613 4755 1740 4814 nostrae
1776 4759 1810 4811 3’o

343 4858 528 4923 sublimitati
551 4857 634 4920 facta
656 4856 856 4919 landabiliter
878 4856 1000 4919 studuit
1022 4856 1217 4939 complacere
1239 4864 1271 4919 et
1293 4876 1327 4919 se
1350 4876 1425 4938 erga
1442 4875 1500 4918 nos
1522 4854 1648 4918 efficere
1671 4875 1742 4938 gra·

343 4963 469 5043 tiusurn,
501 4960 644 5024 volentes
674 4961 777 5044 ipsum
809 4980 865 5043 pro
896 4980 933 5023 eo
964 4961 1050 5043 regio
1081 4966 1331 5042 pertractarem·
1354 4959 1504 5044 prosequi
1536 4959 1688 5022 donativo
1711 4966 1742 5022 et

342 5067 461 5149 lavore,
493 5064 646 5148 quasdam
668 5065 886 5149 possessiones
907 5063 1183 5147 Scenthgutharth,
1213 5064 1326 5147 Ohege,
1356 5063 1530 5145 Zazzyluas
1556 5069 1589 5126 et
1611 5062 1742 5126 Scenth·

343 5188 438 5251 ywan
461 5174 591 5233 vocatas
613 5189 670 5253 pro
694 5169 760 5233 suis
774 5169 944 5233 meritoriis
966 5166 1172 5231 fidelitatibus
1186 5167 1218 5229 iu
1236 5168 1436 5231 restitutione
1458 5167 1552 5230 castri
1576 5167 1743 5230 memorati

344 5273 436 5338 nobis
466 5273 627 5357 impensis,
657 5272 717 5337 sibi
744 5277 777 5335 et
799 5272 865 5335 suis
888 5271 1066 5352 heredibus,
1095 5271 1237 5355 exceptis
1260 5272 1327 5335 suis
1350 5270 1502 5334 iratribus
1525 5277 1556 5334 et
1577 5270 1741 5354 proximis,
1777 5277 1813 5331 40

344 5379 384 5443 de
406 5379 511 5462 regiae
534 5378 659 5462 pietatis
681 5376 848 5441 clementia
870 5375 1096 5439 donaverimus
1112 5381 1144 5439 et
1165 5375 1395 5440 contulerimus
1417 5374 1625 5459 possidendas
1647 5374 1742 5459 pleno

344 5483 423 5548 iure.
444 5482 548 5567 Igitur
562 5482 654 5546 vobis
668 5480 817 5566 palatino,
841 5480 937 5544 iudici
954 5481 1061 5544 curiae
1077 5487 1214 5562 nostrae,
1237 5480 1313 5543 item
1329 5479 1493 5562 vaivodae,
1516 5478 1743 5543 vicevaivodae
