4088 6292
901 585 1057 685 Α

277 773 468 838 venerabilis
490 774 589 857 patris
611 773 819 857 petitionibus
834 774 1050 839 favorabiliter
1072 774 1215 838 inclinati
1233 773 1395 838 libertates
1417 774 1561 858 ipsorum
1581 794 1684 858 popu·

278 878 385 941 lorum
406 897 539 942 suorum
564 882 597 941 et
618 878 769 943 ecclesiae
784 898 862 943 suae
884 878 1094 963 praescriptas
1116 883 1148 943 et
1170 878 1304 942 aliarum
1322 877 1471 941 villarum
1496 897 1627 942 suarum
1647 897 1684 941 ac

280 987 471 1065 nostrarum,
488 1000 626 1064 quarum
644 982 776 1045 nomina
796 982 1019 1066 praesentibus
1034 981 1190 1049 subscribi
1212 983 1355 1064 lecimus,
1377 981 1526 1046 videlicet
1547 981 1686 1045 civimtis

278 1085 429 1150 Albensis
451 1105 526 1150 cum
548 1087 615 1150 suis
645 1085 853 1170 pertinentiis,
876 1086 953 1150 villa
974 1086 1073 1150 sancti
1095 1085 1193 1168 Regis
1218 1091 1251 1150 et
1273 1086 1349 1150 villa
1370 1086 1471 1150 sancti
1500 1085 1624 1153 Nicolai
1651 1085 1686 1155 in

229 1195 246 1248 5
282 1189 436 1254 comitatu
451 1190 491 1254 de
506 1189 617 1273 Tarda,
640 1190 714 1254 item
730 1189 836 1272 Vysta
857 1194 890 1254 et
904 1188 1003 1273 Sasag
1023 1189 1057 1252 in
1079 1170 1233 1253 comitatu
1254 1189 1294 1255 de
1310 1189 1419 1271 Culus,
1441 1194 1474 1257 ot
1488 1189 1565 1253 villa
1578 1189 1685 1255 Neech

280 1294 315 1357 in
345 1296 498 1358 comitatu
526 1294 566 1358 de
588 1292 731 1369 Dobolra,
760 1312 899 1376 quorum
920 1294 1062 1377 hospites
1092 1299 1300 1377 congregatos
1323 1299 1355 1358 et
1383 1291 1623 1377 congregandos
1652 1293 1687 1355 in

279 1395 481 1461 libertatibus
494 1397 697 1482 praescriptis
708 1416 900 1462 conservare
911 1396 1062 1461 volumus
1074 1402 1158 1461 ratas
1170 1395 1324 1461 habentes
1335 1403 1368 1460 et
1378 1402 1532 1481 acceptas,
1544 1402 1686 1461 tenorem

282 1500 440 1564 dictarum
454 1501 620 1565 literarum
635 1501 719 1585 regis
730 1499 870 1564 ladislai
884 1501 1106 1585 praesentibus
1121 1499 1219 1565 inseri
1233 1501 1378 1565 iaciendo
1394 1502 1582 1565 auctoritate
1596 1519 1688 1584 prae·

281 1605 420 1668 sentium
436 1602 673 1682 confirmamus,
696 1603 832 1687 duplicis
846 1604 941 1688 sigilli
963 1606 1065 1669 nostri
1086 1605 1264 1669 munimine
1279 1603 1468 1669 roborando.
1496 1603 1616 1668 Datum
1631 1622 1689 1689 per

217 1710 251 1764 10
285 1727 400 1773 manus
415 1708 606 1772 venerabilis
628 1709 689 1772 viri
710 1709 854 1792 magistri
874 1708 1030 1773 Theodori
1044 1706 1195 1772 Albensis
1218 1706 1370 1772 ecclesiae
1393 1708 1573 1792 praepositi,
1596 1708 1688 1773 aulae

285 1816 413 1875 nostrae
442 1811 694 1875 vicecancellarii
716 1811 823 1875 dilecti
845 1817 879 1875 et
899 1809 1003 1876 fidelis
1024 1812 1135 1894 nostri,
1165 1831 1249 1875 anno
1277 1811 1398 1875 domini
1419 1810 1475 1875 Ml.
1492 1811 1566 1876 00⁰.
1589 1832 1688 1876 nona-

284 1916 404 1999 gesimo
426 1916 538 1999 primo,
561 1920 654 1981 sexto
676 1914 838 1981 Kalendas
859 1915 980 2000 Marcii,
1002 1916 1093 1998 regni
1115 1921 1222 1979 autem
1244 1916 1347 1980 nostri
1369 1935 1453 1980 anno
1475 1916 1586 2001 primo.

934 2227 1031 2310 244.

363 2408 432 2480 Bea'
456 2406 697 2501 Weisseaeurp
733 2412 831 2479 1291
856 2408 967 2480 Mdra
991 2413 1043 2480 11.
1089 2410 1207 2501 Konta
1232 2408 1395 2481 Andreas
1422 2408 1500 2480 ΠΙ.
1533 2407 1692 2500 bestdtipt

218 2542 252 2596 15
286 2528 461 2620 Magister
495 2526 648 2621 Uariana
673 2531 723 2601 im
748 2529 868 2602 Besita
892 2553 957 2602 oon
984 2530 1142 2622 Focaraa
1167 2530 1242 2602 aad
1267 2527 1533 2617 Saornbctsaloc.

447 2689 523 2762 θήρ.
542 2693 623 2763 Perg.
641 2692 851 2762 Kapitelarcbiv
868 2680 1037 2764 Kcrlsbisrg.
1059 2692 1149 2764 Siepel
1164 2695 1248 2762 rand,
1265 2708 1326 2748 war
1342 2692 1375 2747 in
1391 2692 1499 2748 Mases
1521 2692 1622 2749 Wadi
1639 2692 1698 2762 auf

390 2777 439 2832 der
457 2777 601 2833 Beonan
619 2779 807 2849 aufpadrabcki.
1416 2780 1419 2787 '

443 2898 556 2955 Druck.-
574 2900 662 2967 Pejor
682 2899 772 2955 (ledea
795 2900 845 2969 VI,
865 2906 889 2969 1,
909 2905 968 2957 118.
987 2900 1118 2970 Arpddia
1133 2901 1196 2970 ΙΙΙ,
1214 2904 1257 2956 26.
1280 2900 1393 2956 Trutscb
1405 2918 1432 2955 aa
1445 2900 1607 2956 Firnbober
1620 2899 1692 2955 aab.

397 2983 480 3040 urse,
499 2985 525 3055 Ι,
544 2990 603 3041 167.
626 2986 826 3043 Traauilecaia
845 2992 922 3057 1871,
940 2992 983 3044 93.
1001 2988 1186 3043 Demuaicnu
1203 2987 1371 3042 Documenta
1388 2990 1448 3043 510.

223 3165 258 3220 20
447 3161 515 3225 Nos
543 3162 691 3226 Andreas
721 3162 773 3227 dei
801 3164 902 3246 gratia
929 3183 988 3228 rex
1017 3163 1203 3248 Hungariae
1233 3162 1404 3227 memoriae
1434 3162 1694 3231 commendantes

291 3263 506 3347 significamus
537 3265 654 3347 quibus
680 3266 811 3350 expedit
832 3267 1001 3349 universis,
1032 3268 1119 3349 qued
1148 3286 1222 3332 cum
1243 3286 1305 3331 nos
1334 3265 1494 3330 universis
1523 3265 1694 3347 nobilibus,

292 3365 483 3452 baronibus,
514 3368 641 3450 Syculis
671 3377 704 3435 et
726 3369 853 3434 Olochis
882 3371 916 3433 in
941 3371 1087 3455 partibus
1107 3371 1325 3435 Transiluanis
1354 3370 1440 3454 apud
1461 3368 1578 3432 Albam
1599 3368 1694 3432 dulae

292 3490 349 3554 pro
380 3471 604 3537 reformatione
633 3478 735 3538 status
758 3474 933 3538 eorundem
956 3475 1233 3558 congregationem
1262 3493 1336 3536 cum
1360 3472 1480 3536 eisdem
1510 3472 1695 3537 iecissemus

292 3574 332 3638 de
354 3574 486 3640 consilio
510 3577 653 3641 omnium
674 3577 890 3661 praelatorum
912 3583 944 3643 et
962 3577 1120 3643 baronum
1140 3578 1231 3661 regni
1253 3577 1355 3640 nostri
1377 3595 1414 3640 eo
1438 3581 1580 3659 tempore
1603 3574 1696 3639 nobis

226 3681 259 3736 26
294 3678 521 3761 assistentium,
543 3681 694 3764 magister
707 3681 851 3764 Vgrinus
867 3681 1002 3745 ddecnm
1017 3686 1050 3745 et
1063 3681 1166 3745 fidelis
1182 3685 1291 3744 noster
1310 3679 1463 3762 quasdam
1478 3679 1696 3762 possessiones

294 3800 369 3845 snas
390 3781 511 3866 Fogros
540 3790 573 3847 et
595 3783 783 3848 Zumbothel
813 3790 942 3848 vocatas
967 3786 1061 3849 iuxta
1082 3783 1220 3848 fluvium
1242 3782 1317 3846 Olth
1347 3774 1528 3846 existentes
1551 3800 1696 3846 asserens

294 3904 314 3948 a
335 3905 371 3951 se
392 3886 533 3951 indebite
555 3886 716 3969 dienatas,
739 3887 899 3970 surgendo
921 3888 955 3950 in
977 3887 1048 3971 ipsa
1066 3886 1312 3970 congregatione
1334 3890 1452 3967 nostra,
1475 3883 1536 3949 sibi
1557 3903 1615 3969 per
1636 3903 1696 3948 nos

295 3989 385 4052 reddi
407 3995 440 4053 et
461 3990 587 4054 restitui
609 3989 802 4074 postadasset
823 3996 856 4056 et
878 4011 975 4075 super
995 3991 1056 4056 hoc
1078 3991 1291 4054 instrumenta
1312 4007 1349 4052 ac
1370 3986 1537 4072 privilegia
1559 4007 1618 4051 sua
1639 4006 1697 4051 ex-

294 4090 458 4176 hibuisset,
481 4094 610 4157 undem
631 4113 692 4158 nos
715 4095 755 4158 de
776 4094 860 4158 tacto
883 4094 1039 4159 dictarum
1069 4093 1307 4177 possessionum
1328 4091 1430 4173 magis
1451 4088 1618 4153 certificari
1640 4109 1696 4153 vo-

227 4199 262 4254 30
295 4195 407 4279 lentes,
436 4202 546 4263 utrum
575 4197 677 4280 ipsius
707 4198 850 4281 magistri
872 4198 986 4281 Vgrini
1007 4198 1129 4262 tuerint
1154 4215 1214 4261 nec
1235 4215 1286 4278 ns,
1316 4194 1355 4258 ab
1386 4195 1506 4258 eisdem
1526 4192 1698 4275 nobilibus,

295 4297 487 4383 Senonibus,
517 4300 644 4382 Syculis
674 4306 708 4365 et
730 4300 856 4367 Olachis
878 4301 1046 4385 diligenter
1075 4300 1196 4381 inquiri
1217 4299 1361 4380 fecimus,
1391 4299 1419 4362 si
1440 4297 1543 4360 dietae
1572 4315 1698 4380 posses·

295 4404 402 4469 dones
416 4404 578 4488 adipsum
599 4405 787 4488 magistrum
802 4404 962 4487 Vgrinum
977 4404 1206 4488 dignoscantur
1220 4403 1305 4466 iuste
1328 4406 1361 4465 et
1374 4399 1514 4483 legitime
1529 4400 1697 4482 pertinere.

298 4505 360 4583 Qut
384 4506 512 4589 quidam
535 4508 679 4572 universi
701 4514 734 4572 et
756 4509 874 4592 singuli
893 4507 1070 4592 praedictas
1091 4506 1309 4590 possessiones
1322 4504 1442 4587 llogras
1464 4508 1497 4567 et
1511 4501 1699 4567 Zumbothel

297 4616 426 4675 vocatas
447 4611 548 4695 ipsius
571 4612 713 4694 magstri
736 4612 850 4695 Vgrini
871 4608 909 4676 et'
925 4630 1057 4674 suorum
1083 4615 1320 4674 antemssorum
1344 4626 1414 4673 esse
1437 4612 1469 4671 et
1490 4606 1589 4671 finisse
1612 4611 1699 4671 retu·

229 4717 262 4772 35
297 4713 413 4778 lerunt
446 4715 514 4779 Nos
540 4715 640 4799 igitur
668 4716 745 4798 quia
772 4716 858 4799 ipsas
879 4714 1097 4799 possessiones
1126 4712 1166 4776 ad
1195 4713 1301 4796 ipsum
1330 4710 1518 4793 magistrum
1540 4709 1700 4792 Vgrinnm

297 4817 381 4881 inste
403 4823 436 4882 et
456 4817 603 4902 legitime·
625 4819 765 4883 vidimus
790 4824 823 4883 et
851 4818 1003 4883 scivimus
1028 4817 1196 4901 pertinere,
1226 4834 1300 4880 aum
1330 4813 1479 4878 omnibus
1509 4812 1700 4876 utilitatibus

298 4939 408 4985 aarum
442 4926 475 4986 et
502 4924 703 5006 pertinentiis
733 4923 930 4988 reddidimus
959 4927 992 4987 et
1020 4919 1218 4987 restitadmns
1247 4918 1307 5003 ipsi
1337 4918 1488 5001 magistro
1515 4917 1638 5000 Vgrino
1668 4920 1701 4981 et

298 5043 356 5108 per
382 5043 456 5089 eum
482 5026 550 5090 suis
579 5025 751 5091 heredibus
780 5026 999 5108 heredumque
1025 5044 1158 5089 suorum
1186 5021 1423 5087 successoribus
1452 5021 1523 5085 iure
1544 5026 1700 5104 perpetuo

299 5135 332 5192 et
359 5129 610 5195 irrevocabiliter
637 5130 845 5215 possidendas
874 5149 912 5194 eo
941 5130 1036 5193 modo
1066 5134 1100 5193 et
1128 5147 1166 5192 ea
1193 5126 1400 5212 plenitudine,
1433 5123 1699 5207 quemadmodum

232 5235 267 5289 40
301 5250 358 5315 per
379 5232 480 5316 ipsius
505 5240 723 5299 antecessores
746 5234 848 5299 dictae
870 5235 1088 5318 possessiones
1110 5232 1235 5297 habitae
1258 5231 1452 5295 exstiterunt
1473 5234 1506 5292 et
1529 5246 1701 5311 possessae.

300 5332 419 5399 Datum
447 5337 533 5421 apud
561 5338 678 5403 Albam
706 5339 815 5423 June,
848 5340 884 5402 in
912 5338 1071 5403 dominica
1098 5335 1280 5417 Invocavit,
1313 5353 1397 5399 anno
1427 5332 1548 5399 domini
1577 5310 1620 5396 il
1642 5309 1701 5396 Gi).

301 5440 505 5523 nonagesimo
528 5440 640 5524 primo.

403 5575 599 5623 emensae.
1564 5551 1598 5607 12
