4084 6302
900 655 904 663 ⁴
985 618 1141 714 Α

362 810 510 875 Andreae
533 809 677 894 Vrdngh,
704 808 861 874 Johannis
881 808 964 872 Teke
993 808 1150 873 dictorum
1179 807 1318 872 filiorum
1341 806 1486 871 Mikaelia
1513 804 1572 870 tilii
1592 804 1762 871 laurencii

362 915 401 979 de
422 913 563 979 Eskeleu
583 912 726 978 fidelium
756 918 940 977 nostrorum
962 918 996 977 et
1017 914 1255 997 progenitorum
1287 931 1345 977 seu
1367 916 1605 975 antecessorum
1628 928 1761 974 suorum

362 1017 454 1081 nobis
483 1022 516 1081 et
543 1017 800 1101 progenitoribus
833 1016 951 1081 nostris
979 1016 1115 1081 fideliter
1148 1017 1306 1100 impensa,
1338 1035 1396 1100 per
1429 1033 1512 1097 quae
1544 1013 1761 1097 multiplieiter

362 1140 508 1186 meruere
530 1121 726 1205 complacere
749 1126 781 1185 61
803 1140 837 1185 66
859 1120 953 1185 nobis
974 1120 1107 1185 reddere
1125 1122 1281 1205 gratiosm
1302 1141 1339 1185 ac
1361 1118 1540 1204 specialiter
1560 1118 1595 1181 in
1616 1117 1762 1182 iacienda

361 1225 539 1289 redditione
573 1225 669 1288 castri
701 1224 803 1287 nostri
833 1223 1050 1288 Felrethelolm
1081 1245 1139 1309 per
1172 1225 1334 1308 quendam
1362 1223 1564 1288 Salomonem
1593 1221 1633 1286 de
1661 1220 1762 1285 Braso
1796 1231 1813 1282 5

361 1348 466 1411 usque
496 1328 579 1392 idem
604 1327 689 1391 diem
719 1326 876 1391 conclusit
902 1332 1083 1392 extremum
1112 1334 1225 1393 contre
1253 1334 1396 1393 nestram
1425 1327 1545 1410 regiam
1565 1325 1762 1390 maiestatem

362 1432 482 1497 detenti
504 1437 536 1497 61
557 1431 738 1496 conservati
759 1432 866 1515 ipsum
887 1437 1027 1496 casuum
1049 1437 1197 1496 1106111111
1219 1434 1361 1517 magistri
1382 1432 1546 1495 Johannes
1567 1436 1600 1495 61
1621 1428 1762 1495 lacobus

360 1535 417 1599 filii
439 1536 562 1600 Nicolai
591 1535 649 1599 filii
671 1534 822 1617 Symonis
844 1535 883 1600 de
905 1536 1021 1600 Brasso
1044 1536 1183 1620 proximi
1204 1537 1347 1619 ipsorum
1370 1555 1427 1619 per
1448 1536 1664 1620 promotiones
1686 1554 1761 1599 suas

362 1645 394 1703 et
416 1640 549 1704 consilia
571 1640 712 1723 ipsorum
743 1634 836 1703 nobis
868 1640 1076 1704 reddiderunt
1097 1645 1130 1704 61
1152 1640 1192 1703 ad
1214 1660 1328 1704 manus
1351 1644 1476 1703 nostras
1498 1640 1702 1722 assignarunt
1724 1658 1761 1702 ac

253 1818 255 1821 v
361 1749 552 1826 statuerunt,
575 1748 608 1808 et
629 1743 713 1808 idem
735 1744 878 1827 magistri
900 1744 1052 1809 Nicolaus
1073 1744 1210 1827 Bulbus,
1232 1744 1379 1809 Andreas
1393 1743 1528 1827 Vrdugh
1550 1749 1583 1807 et
1596 1743 1761 1808 Jobannes
1796 1747 1831 1802 10

360 1848 443 1912 Teke
473 1848 549 1912 dicti
577 1847 633 1911 filii
656 1847 800 1911 Mikaelis
829 1847 886 1911 filii
907 1847 1075 1914 laurencii
1107 1848 1252 1913 decentia
1281 1848 1411 1913 servitia
1439 1865 1628 1929 summeque
1655 1845 1762 1911 fidelia

361 1952 545 2036 impendere
562 1957 812 2036 assumpserunt,
835 1970 892 2035 pro
917 1951 1099 2015 huiusmodi
1113 1951 1328 2033 fidelitatibus,
1351 1951 1489 2016 servitiis
1504 1955 1537 2015 et
1558 1951 1761 2015 servitiorum

362 2057 484 2120 meritis
507 2056 682 2121 eorundem
704 2056 872 2120 universas
898 2057 1116 2138 possessiones
1138 2057 1282 2140 ipserum
1308 2054 1513 2120 hereditarias
1536 2054 1656 2137 ubique
1677 2054 1762 2118 intra

362 2161 514 2224 terminos
544 2161 635 2244 regni
665 2161 765 2225 nostri
795 2159 871 2223 sitas
901 2179 976 2223 cum
1006 2159 1154 2224 omnibus
1185 2158 1376 2223 utilitatibus
1405 2164 1437 2223 et
1465 2158 1665 2242 pertinentiis
1693 2158 1761 2222 suis

362 2265 520 2335 universis
543 2284 563 2327 a
583 2264 731 2328 manibus
755 2263 974 2346 quorumlibet
995 2262 1222 2345 qualicumque
1250 2262 1483 2347 possidentium
1512 2262 1639 2327 easdem
1661 2267 1761 2327 retra·
1796 2268 1831 2321 15

361 2368 465 2432 hendo
488 2374 520 2433 61
539 2368 719 2434 revocando
734 2368 812 2452 ipsis
827 2368 986 2452 magistris
1000 2366 1142 2449 Nimiae,
1164 2367 1313 2432 Andreae
1328 2372 1361 2431 et
1374 2366 1396 2431 J
1397 2366 1514 2430 obanni
1528 2365 1602 2431 filiis
1616 2364 1761 2429 Mikaelis

361 2472 484 2537 dilectis
506 2479 539 2537 et
561 2472 709 2537 fidelibus
731 2473 850 2537 nostris
873 2478 905 2537 et
925 2490 984 2556 per
1005 2491 1206 2555 consequens
1221 2472 1363 2555 ipsorum
1386 2470 1557 2536 heredibus
1579 2475 1612 2534 et
1625 2470 1761 2553 posteris

361 2576 400 2640 de
422 2576 554 2655 canalio
585 2576 799 2660 praelatorum
831 2582 864 2641 et
892 2577 1050 2641 baronum
1079 2578 1169 2660 regni
1198 2577 1301 2640 nostri
1328 2581 1483 2661 perpetuo
1512 2576 1584 2639 iure
1608 2575 1762 2639 duximus

360 2679 574 2745 restituendas
596 2686 629 2745 et
644 2680 683 2745 de
698 2681 786 2765 regia
800 2681 995 2765 benignitate
1010 2700 1096 2745 novo
1113 2681 1293 2745 donationis
1306 2680 1400 2744 1111110
1416 2680 1523 2745 denuo
1542 2679 1627 2763 ipsas
1642 2679 1761 2743 eisdem

362 2784 554 2848 conterendo
578 2791 610 2849 et
632 2785 666 2847 in
694 2786 865 2870 praedictis
886 2785 1142 2870 possessionibus
1170 2784 1299 2849 eosdem
1321 2791 1433 2849 6011116
1455 2782 1615 2867 quoslibet
1634 2782 1760 2867 impeti·
1794 2788 1831 2844 20

361 2894 447 2953 tores
468 2889 651 2954 conservari
673 2890 824 2954 volumus
847 2910 883 2953 ac
906 2886 918 2972 [
1022 2889 1064 2974 1¹)
1087 2890 1240 2954 universa
1260 2908 1320 2953 sua
1340 2888 1554 2953 instrumenta
1575 2906 1634 2952 seu
1654 2887 1760 2951 muni·

360 2998 467 3057 menta
495 2988 663 3074 literalia[
923 2992 967 3077 1²)
997 3012 1055 3077 per
1084 3013 1144 3058 nos
1174 2993 1247 3057 data
1276 2993 1383 3057 forent
1411 2997 1444 3057 et
1464 3010 1617 3056 concessa
1637 2990 1760 3055 viribus

361 3093 372 3178 [
572 3095 614 3182 Ρ)
630 3097 793 3161 reddimus
815 3098 970 3161 carituras
985 3115 1022 3159 ac
1044 3097 1112 3161 suis
1127 3096 1359 3161 exhibitoribus
1382 3092 1571 3178 nocituras[
1718 3094 1760 3180 Γ)

360 3205 392 3264 61
414 3200 595 3264 donationis
617 3206 746 3265 nostrae
768 3200 986 3265 testimonium
1001 3206 1253 3285 perpetuamque
1273 3199 1455 3265 firmitatem
1473 3204 1657 3284 praesentes
1672 3196 1760 3282 [con-

361 3304 515 3368 cessimus
537 3303 646 3368 literas
666 3305 803 3389 1061116]
826 3304 1039 3389 privilegiales
1055 3303 1130 3367 novi
1147 3308 1180 3368 et
1201 3304 1376 3369 authentici
1392 3304 1527 3389 duplicis
1549 3304 1644 3388 sigilli
1658 3304 1760 3368 nostri
1793 3306 1829 3362 25

359 3408 536 3472 munimine
565 3407 739 3472 roboratas.
781 3406 900 3472 Datum
929 3427 988 3491 per
1017 3426 1131 3473 manus
1159 3408 1287 3473 discreti
1318 3409 1381 3473 viri
1413 3408 1556 3492 magistri
1582 3407 1760 3472 Thatameri

361 3511 511 3576 ecclesiae
527 3511 679 3576 Albensis
701 3510 872 3595 praepositi
893 3510 1051 3594 aulaeque
1067 3518 1194 3576 nostrae
1209 3512 1459 3577 vicecancellarii
1482 3511 1589 3575 dilecti
1610 3515 1644 3575 et
1656 3509 1760 3576 fidelis

360 3615 469 3698 nostri,
504 3635 589 3678 anno
620 3615 796 3679 dominicae
827 3615 1054 3679 incarnationis
1075 3594 1117 3680 ir.
1140 3593 1243 3680 (11111.
1270 3594 1372 3681 m
1392 3616 1504 3700 prime,
1535 3616 1627 3681 tertio
1649 3615 1759 3681 Nonas

362 3718 518 3801 Octobris,
541 3721 632 3804 regni
654 3724 762 3784 autem
777 3721 878 3783 nestri
901 3720 1047 3785 similiter
1060 3698 1162 3784 ffl
1184 3721 1296 3804 primo.
1319 3718 1564 3785 Venerabilibua
1585 3720 1620 3783 in
1635 3720 1759 3785 Christo

360 3822 504 3904 patribus
527 3823 664 3887 dominis
687 3822 871 3886 Chanadino
894 3822 1104 3908 Strigcniensi
1134 3823 1343 3905 eiusdemque
1370 3822 1432 3887 loci
1461 3825 1576 3888 comite
1605 3829 1758 3909 perpetuo
1794 3829 1829 3883 30

360 3930 393 3989 et
420 3926 517 3989 fratre
548 3924 694 3990 ladizlao
727 3926 893 3991 colocensi
922 3927 1174 4010 archiepiscopis,
1203 3925 1378 3990 Benedicta
1410 3926 1630 4009 Chanadiensi,
1663 3928 1760 3992 116116

359 4029 456 4094 Petro
478 4029 648 4111 Beznenei,
678 4029 815 4113 Georgio
846 4027 1051 4112 Sirmmiensi,
1079 4030 1226 4095 Ladizlm
1256 4028 1599 4113 Quinqueecclesiensi‚
1628 4030 1759 4095 Nicolao

359 4134 530 4217 lauriensi,
560 4133 694 4197 Herrico
717 4132 957 4217 Vesprimiensi
978 4133 1110 4197 Andrea
1130 4133 1348 4215 lbansiluano,
1377 4133 1525 4197 Ladizlae
1547 4134 1759 4218 Zagrabiensi‚

359 4237 512 4303 Meslrone
534 4237 697 4319 Nitriensi‚
719 4237 851 4300 Andrea
865 4236 1075 4311 Waradiensi,
1097 4236 1262 4321 Rodolpbe
1281 4236 1444 4302 Waciensi
1466 4243 1499 4302 61
1512 4237 1643 4302 Nicolao
1665 4239 1760 4322 Agri·

360 4342 429 4406 ensi
451 4342 656 4405 ecclesiarum
687 4341 844 4424 episcopis
874 4340 1023 4404 eeclesias
1054 4340 1104 4404 dei
1126 4340 1259 4405 feliciter
1285 4341 1546 4425 gubernantibus.
1583 4340 1760 4425 Magnilicis
1794 4347 1828 4400 35

359 4446 438 4509 viris
467 4444 614 4509 Jobanne
643 4443 768 4528 Druget
796 4444 936 4528 palatino
966 4449 1000 4508 61
1028 4444 1132 4508 iudice
1162 4444 1385 4528 Cumanorum,
1415 4444 1577 4509 Demetrio
1607 4446 1758 4530 magistro

360 4549 597 4613 tavernicorum
625 4554 809 4613 nostrorum
840 4550 955 4614 comite
985 4548 1025 4613 de
1045 4547 1237 4631 liinchinio,
1258 4549 1360 4613 Paulo
1389 4548 1455 4612 filio
1478 4547 1629 4631 Symonis
1654 4549 1760 4614 iudice

360 4652 467 4717 curiae
490 4657 625 4735 nestrae,
647 4650 767 4734 Mylrch
788 4652 871 4715 banc
895 4654 994 4716 totius
1016 4651 1212 4736 Sclauoniae‚
1241 4653 1361 4717 ‘lboma
1383 4653 1520 4717 vaivoda
1540 4653 1759 4736 Transiiuano,

359 4756 507 4821 Jobanne
528 4755 612 4819 bano
635 4757 675 4820 de
696 4755 850 4839 Macbow,
872 4756 973 4821 Paulo
1003 4756 1109 4820 iudice
1137 4757 1245 4821 curiae
1275 4756 1421 4821 dominae
1449 4756 1578 4840 reginae
1604 4756 1760 4820 consortis

360 4865 488 4925 nostrae
500 4860 689 4931 carissimae.
705 4858 864 4944 Stephano
880 4860 1030 4944 magistro
1046 4879 1221 4944 agasonum
1233 4867 1425 4944 nostrorum,
1440 4860 1597 4943 Dyonisio
1609 4861 1758 4944 magistro
1792 4864 1829 4920 40

361 4962 575 5047 dapiferorum
598 4968 781 5027 nostrerum
804 4968 837 5027 et
850 4962 881 5027 N
882 4963 981 5027 icolao
1004 4965 1118 5029 comite
1132 4965 1323 5029 Pesoniensi
1337 4964 1471 5047 aliisque
1495 4984 1591 5047 quam
1612 4962 1759 5048 pluribus

359 5066 450 5149 regni
473 5065 574 5130 nostri
597 5066 765 5131 comitatus
788 5067 971 5132 tenentibus
993 5073 1026 5132 61
1047 5069 1193 5133 bonores.

516 5236 692 5305 616611
710 5236 870 5293 asamar
888 5239 965 5294 aar.

515 5326 538 5393 ¹)
555 5328 573 5380 o
593 5323 761 5381 aomar.

515 5412 572 5481 qa
592 5410 760 5467 mnam

515 5498 538 5567 ι)
554 5500 599 5552 aa
618 5497 787 5553 cenum
