4106 6294
1000 592 1155 690 111-

530 778 694 844 Johannes
723 779 892 864 episcopus
921 829 1051 846 .....
1080 781 1318 846 venerabilibus
1348 783 1501 848 fratribus
1533 783 1777 869 archiepiscopis

377 887 410 946 et
431 882 587 966 episcopis
609 903 666 967 per
688 903 822 967 regnum
839 884 998 969 Ungariac
1021 887 1202 950 constitutis
1217 906 1254 950 ac
1276 886 1390 951 dilecto
1412 887 1477 952 filio
1493 888 1644 971 magistro
1659 887 1776 953 Rufino

377 985 417 1049 de
445 984 558 1049 (livino
592 988 812 1052 archidiacono
841 987 980 1052 Tollensi
1012 990 1047 1052 in
1077 989 1210 1053 ecclesia
1240 989 1556 1074 Qninqneeclesiensi
1586 993 1776 1076 apostolicae

377 1089 461 1153 sedis
483 1090 600 1153 nuncio
624 1091 759 1155 salutem
782 1141 789 1154 .
886 1142 893 1155 .
916 1092 993 1157 Fide
1016 1093 1113 1177 digna
1134 1113 1238 1177 nuper
1260 1096 1434 1159 assertione
1456 1096 1666 1180 percepimus,
1689 1095 1776 1178 quod

376 1192 581 1276 subdelegati,
612 1194 689 1275 quia
718 1195 810 1258 vebis
840 1199 896 1258 aut
924 1196 1032 1277 aliquo
1056 1202 1198 1260 vestrum
1220 1218 1278 1281 pre
1302 1199 1487 1282 colligendis
1509 1199 1674 1280 fructibus,
1705 1200 1777 1264 red·
1811 1206 1828 1259 6

377 1296 495 1360 ditibus
518 1304 550 1361 et
571 1298 780 1381 proventibus
810 1300 904 1382 primi
934 1300 1009 1362 anni
1031 1299 1260 1365 beneficiorum
1282 1303 1568 1368 ecclesiasticorum
1595 1304 1686 1386 regni
1712 1303 1777 1368 Un-

376 1402 482 1483 gariae
504 1401 730 1485 deputatorum
752 1421 857 1483 usque
880 1402 920 1465 ad
945 1404 1119 1468 triennium
1142 1406 1330 1470 auctoritate
1352 1407 1524 1491 apostolica
1545 1427 1603 1491 pro
1627 1407 1777 1473 eeclesiae

379 1503 540 1568 Romanae
571 1505 813 1570 necessitatibus
836 1505 1024 1588 relevandis
1054 1525 1192 1589 quorum
1222 1510 1439 1575 collectionem
1461 1511 1553 1575 vobis
1574 1531 1632 1595 per
1653 1517 1778 1577 nostras

376 1607 436 1670 sub
467 1614 553 1672 certa
582 1609 684 1672 forma
714 1609 930 1674 commisimus
951 1610 1067 1692 literas,
1102 1612 1311 1696 destinantur,
1340 1633 1398 1697 pro
1429 1612 1600 1697 superfluis
1628 1614 1778 1698 expensis

377 1711 517 1793 ipsorum
541 1732 689 1795 magnam
711 1721 833 1796 partem
857 1721 1052 1778 consumunt
1080 1715 1253 1799 fructuum,
1286 1718 1470 1782 reddituum
1500 1723 1533 1782 01
1561 1724 1777 1803 proventuum
1813 1723 1848 1778 10

377 1815 559 1878 eorundem.
583 1814 688 1891 Quare
711 1817 894 1881 discretioni
918 1825 1042 1883 vestrae
1064 1839 1122 1903 per
1144 1819 1317 1903 apostolica
1338 1821 1456 1906 scripta
1477 1822 1675 1905 mandamns,
1698 1842 1777 1905 qua·

375 1922 480 2001 tenus,
503 1938 543 1983 ne
573 1921 613 1983 de
635 1925 741 1984 cetero
763 1940 821 2004 pro
852 1921 1038 1986 collectione
1060 1923 1243 1987 huiusmodi
1264 1922 1343 1986 fiant
1369 1943 1528 2009 expensae
1550 1945 1776 2009 supervacuae,

377 2021 560 2106 diligentius
588 2023 757 2107 providere
787 2025 914 2089 curetis.
958 2025 1001 2090 Et
1033 2031 1070 2090 ut
1103 2025 1315 2110 superfluitati
1348 2047 1563 2111 expensarum
1594 2029 1777 2094 huiusmodi

377 2124 533 2208 obvisum,
562 2125 654 2190 vobis
684 2127 797 2192 1111101
819 2130 1047 2214 archiepiscopi
1080 2135 1113 2194 et
1143 2131 1282 2215 episcopi
1308 2131 1456 2196 videlicet
1478 2133 1611 2217 singulis
1634 2138 1778 2198 vestrum

376 2230 411 2292 in
432 2250 492 2293 sua
514 2230 642 2294 civitate
664 2250 701 2294 ac
717 2231 835 2296 diocesi
851 2234 982 2298 11111111
997 2255 1064 2298 una
1084 2240 1199 2316 tecum,
1221 2233 1267 2297 fili
1282 2233 1406 2318 Rufino,
1430 2236 1643 2319 subdelegatis
1658 2237 1777 2301 eisdem
1813 2243 1847 2295 15

376 2334 557 2398 moderatas
590 2353 748 2418 expensas
784 2336 911 2418 plenam
944 2338 1149 2402 concedimus
1185 2342 1296 2402 101010
1330 2340 1545 2422 praesentium
1579 2344 1777 2423 potestatem,

376 2443 498 2501 vestras
520 2457 617 2521 super
647 2438 707 2502 hoc
736 2441 946 2504 conscientias
973 2441 1143 2505 onerando.
1188 2440 1306 2505 Datum
1329 2444 1499 2527 Avinione,
1521 2442 1595 2507 XV.
1617 2442 1777 2507 Kalendas

376 2539 465 2624 111111Ἱ
487 2561 571 2606 anno
595 2543 746 2606 secundo.

1030 2839 1121 2924 361.

452 3022 555 3092 1318
581 3018 778 3111 September
803 3023 871 3092 28.
906 3021 985 3093 Dos
1020 3021 1301 3114 Wcrsseaburper
1325 3023 1470 3116 Kapiicl
1505 3024 1696 3116 beploubipt
1721 3024 1777 3097 die
1811 3039 1847 3095 20

384 3139 549 3213 Urlouovda
582 3141 642 3213 dcc
668 3140 801 3232 chips
833 3141 929 3213 Karl
962 3167 1027 3215 000
1056 3146 1158 3215 1318
1189 3143 1374 3234 beireffead
1405 3147 1461 3218 die
1497 3151 1592 3218 terro
1619 3144 1778 3218 Selinous

378 3260 445 3332 Ne.
477 3262 562 3332 357
587 3261 662 3333 001
687 3260 831 3353 barcaei,
860 3264 942 3335 dosa
963 3262 1139 3355 1110911101
1161 3265 1286 3338 Petrus
1312 3267 1350 3337 in
1377 3267 1443 3339 deu
1460 3267 1579 3340 1101111
1605 3266 1778 3340 aeserta

376 3382 574 3473 aapcftilvrt
598 3383 736 3455 worden
761 3385 816 3455 ist.

533 3545 737 3614 Eiopescboitst
753 3562 807 3601 001
824 3546 921 3618 Konip
938 3548 1014 3603 Kori
1031 3552 1109 3619 1319,
1129 3549 1205 3621 0110.
1228 3550 1333 3621 Uesper.
1350 3552 1560 3607 Loudssorcbio
1576 3551 1729 3621 Μαρια.

532 3666 645 3721 Druck.-
662 3666 748 3737 Napy
768 3667 832 3723 001.
851 3669 1059 3740 Andepaoecaia
1076 3670 1103 3739 I,
1121 3675 1181 3726 481.
1811 3672 1845 3729 25

532 3842 807 3909 Excellentissimo
825 3845 953 3909 domino
970 3866 1029 3910 suo
1045 3845 1164 3910 Karolo
1188 3847 1239 3910 dei
1261 3849 1362 3930 gratia
1378 3848 1494 3912 illustri
1509 3849 1577 3932 regi
1591 3848 1776 3932 Hungariae

378 3946 553 4029 capitulum
576 3947 727 4012 ecclesiae
748 3948 834 4012 beati
855 3949 1018 4014 Michaelis
1040 3951 1219 4033 archangeli
1241 3950 1467 4017 Transiluanae
1491 3954 1649 4017 orationes
1670 3954 1706 4016 in
1721 3954 1776 4017 do-

377 4050 464 4113 mino
488 4050 609 4115 debitas
630 4072 667 4115 ac
689 4052 829 4116 devotas.
853 4052 936 4117 Cum
949 4058 1104 4137 perpetua
1124 4053 1276 4118 fidelitate
1297 4054 1405 4118 literas
1421 4056 1628 4122 excellentiae
1651 4062 1775 4122 vestrae

377 4154 532 4218 noveritis
553 4174 613 4218 nos
635 4156 793 4239 recepisse
814 4157 849 4220 in
871 4158 948 4221 haec
970 4157 1075 4221 verba
1109 4156 1214 4240 (Folpi
1234 4157 1283 4221 die
1313 4155 1459 4222 1111ιο1110
1480 4159 1532 4223 das
1552 4158 1672 4243 Kdnipa
1692 4158 1777 4224 Kori

377 4256 619 4322 0001318111.
644 4258 739 4341 357.)
775 4259 843 4324 Nos
864 4260 963 4343 igitur
984 4261 1160 4344 praeceptis
1183 4266 1215 4324 et
1240 4262 1398 4326 mandatis
1421 4263 1628 4328 excellentiae
1649 4268 1775 4328 vestrae
1810 4270 1845 4325 30

379 4359 641 4444 obtemperantes,
664 4368 702 4426 ut
724 4368 880 4447 tenemur,
904 4383 977 4428 cum
992 4365 1133 4447 praefato
1149 4364 1267 4428 1110111
1290 4366 1418 4430 1101111110
1437 4373 1544 4430 vestro
1560 4367 1601 4430 ad
1615 4367 1776 4450 praedicta

378 4464 584 4545 exsequenda
612 4466 757 4531 misimus
786 4467 946 4531 hominem
969 4474 1115 4532 nostrum
1137 4466 1201 4531 fide
1224 4468 1355 4552 dignum
1378 4469 1598 4534 Eberhardum
1629 4469 1776 4535 videlicet

377 4566 549 4650 plebanum
572 4567 611 4632 de
632 4569 745 4654 Thebe,
767 4572 1096 4637 vicearchidiaconum
1119 4572 1159 4636 de
1182 4572 1258 4655 Ond,
1280 4592 1338 4656 pro
1362 4573 1542 4637 testimonio
1564 4574 1634 4637 vice
1658 4578 1774 4638 nostra

378 4668 439 4745 Qui
470 4671 599 4752 quidem
626 4671 830 4738 Eberhardus
858 4674 1014 4758 plebanus
1043 4676 1137 4739 110110
1167 4681 1277 4739 noster
1310 4676 1438 4740 demum
1468 4676 1509 4740 ad
1538 4696 1597 4741 nos
1625 4696 1775 4743 reversus

378 4773 460 4838 dixit
490 4774 583 4838 nobis
611 4776 794 4860 requisitus,
825 4778 912 4859 quod
941 4779 1025 4844 idem
1054 4779 1149 4843 homo
1178 4785 1286 4844 vester
1314 4790 1381 4845 una
1409 4801 1483 4844 cum
1513 4781 1625 4845 001011
1647 4781 1775 4847 homine
1809 4789 1844 4843 35

377 4882 487 4941 nostro
517 4878 551 4940 in
579 4880 701 4943 oetavis
722 4880 807 4944 beati
828 4880 984 4945 iohannis
1005 4882 1161 4966 baptistae
1190 4884 1335 4967 proxime
1360 4885 1540 4968 praeteritis
1548 4883 1570 4961 ¹)
1601 4884 1776 4949 adfaciem

378 4981 481 5046 dictae
503 4987 605 5046 terrae
628 4982 780 5047 Solumus
802 4970 987 5049 accessisset
1009 4992 1041 5050 01
1063 4989 1246 5052 convocatis
1271 4990 1497 5054 commetaneis
1519 4994 1552 5054 et
1573 4989 1687 5053 1101111
1709 5009 1776 5053 om·

378 5084 474 5148 nibus
496 5086 638 5150 eiusdem
662 5093 764 5152 terrae
779 5088 930 5153 Solumus
952 5090 1120 5174 diligenter
1142 5090 1180 5154 ab
1204 5092 1351 5156 omnibus
1374 5093 1599 5158 commetaneis
1615 5098 1648 5158 et
1663 5094 1776 5158 vicinis

377 5188 568 5271 inquirendo
599 5191 658 5254 sub
689 5192 870 5256 testimonio
901 5193 978 5257 dicti
999 5195 1136 5259 bominis
1158 5196 1268 5278 nostri,
1298 5217 1318 5260 a
1348 5195 1465 5278 quibus
1495 5198 1602 5261 decuit
1623 5201 1656 5262 et
1676 5196 1775 5281 licuit,

376 5293 552 5358 invenisset
574 5299 606 5359 et
636 5294 790 5380 scivisset,
821 5297 955 5361 eandem
985 5304 1102 5362 terram
1131 5299 1230 5363 hrisse
1259 5305 1292 5363 et
1322 5319 1392 5365 esse
1421 5300 1542 5364 domini
1570 5301 1655 5384 regis
1681 5307 1714 5365 et
1735 5301 1776 5365 ad
1809 5304 1845 5361 40

534 5464 555 5535 ι)
572 5463 635 5519 uus
652 5469 678 5520 1.
