4088 6292
931 648 1087 744 -Q

274 880 278 889 .
304 834 453 917 gendum,
469 835 702 918 paciscendum,
717 836 1038 920 compromittendnm
1058 838 1245 920 iudicesque
1260 837 1452 921 eligendum,
1471 836 1708 921 impetrandum

304 943 337 1001 et
365 939 541 1022 petendum
568 938 759 1002 beneficium
787 940 997 1004 restitutionis
1024 940 1057 1004 in
1091 941 1251 1024 integrum
1282 940 1379 1004 semel
1410 939 1462 1004 vel
1495 940 1616 1023 pluries
1649 959 1706 1005 seu

304 1042 569 1123 quotiescumque
584 1043 701 1106 viderit
723 1043 882 1127 expedire,
905 1045 1079 1128 petendum
1102 1045 1337 1109 restitutionem
1360 1044 1577 1128 spoliatorum,
1600 1045 1707 1128 appel·

301 1144 443 1227 landum,
470 1146 734 1229 renunciandum,
764 1153 861 1211 testes
893 1148 1169 1229 instrumentaque
1199 1148 1440 1231 producendum
1463 1153 1496 1211 et
1518 1149 1625 1211 omnia
1647 1149 1709 1211 alia

251 1257 268 1308 5
303 1248 494 1331 iaciendum,
526 1269 608 1332 quae
638 1269 736 1314 verus
767 1257 799 1314 et
827 1251 988 1334 legitimus
1018 1250 1246 1334 sufficiensque
1276 1256 1465 1335 procurator
1494 1258 1527 1315 et
1553 1252 1708 1333 syndicus

302 1352 378 1416 iacit
399 1358 432 1417 et
453 1354 558 1417 iacere
580 1355 756 1419 consuevit
787 1355 1013 1420 Promittentes
1036 1357 1211 1419 iudicatum
1234 1356 1316 1419 solvi
1338 1361 1371 1420 ct
1393 1356 1501 1419 omnia
1523 1356 1583 1420 sub
1606 1356 1707 1440 hypo·

302 1457 393 1520 theca
423 1476 532 1521 rerum
560 1464 741 1521 nostrarum
772 1465 979 1541 assumentes,
1011 1460 1123 1523 dantes
1146 1460 1247 1523 eidem
1271 1459 1450 1542 generalem
1485 1465 1518 1523 et
1539 1461 1708 1544 specialem

303 1559 501 1644 liberamque
524 1561 830 1626 administrationem
858 1580 916 1624 seu
945 1564 1203 1646 procurationem
1231 1564 1361 1627 nomine
1383 1569 1493 1627 nostro
1516 1564 1653 1628 faciendi
1675 1572 1708 1630 et

302 1666 474 1729 exercendi
496 1666 649 1743 universa
670 1672 702 1729 et
724 1665 851 1749 singula
872 1685 969 1749 supra
992 1666 1084 1747 dicta,
1116 1674 1148 1730 et
1178 1666 1275 1730 alium
1298 1674 1537 1751 procuratorem
1560 1669 1612 1731 vel
1634 1688 1707 1752 pro-

235 1774 269 1829 10
304 1774 467 1832 curatores
497 1769 712 1833 substituendi
740 1770 792 1834 vel
814 1770 1030 1834 constituendi
1053 1788 1110 1834 seu
1139 1770 1275 1834 faciendi
1297 1771 1330 1832 in
1355 1771 1503 1836 omnibus
1524 1774 1707 1856 praemissis

304 1878 336 1934 et
357 1871 492 1954 singolis
506 1873 763 1955 praemissorum,
787 1874 1057 1957 quandocumque
1080 1881 1113 1938 et
1135 1875 1400 1956 quotiescumque
1415 1875 1532 1939 viderit
1546 1876 1706 1960 expedire,

304 1982 340 2039 ut
361 1982 551 2059 procurator
572 1976 612 2039 ab
635 1995 673 2040 eo
696 1978 890 2041 constitutus
912 1977 965 2042 vel
982 1979 1176 2043 substitutus
1198 1977 1321 2061 agendi,
1343 1979 1480 2061 petendi,
1504 1979 1704 2063 defendendi

305 2079 493 2163 excipiendi,
515 2080 699 2164 replicandi,
722 2101 758 2143 ec
783 2081 909 2144 iurandi
930 2083 965 2144 in
987 2082 1109 2145 animas
1123 2086 1249 2145 nostras
1271 2081 1311 2146 de
1333 2081 1493 2146 calumnia
1507 2084 1706 2165 veritateque

302 2182 444 2265 dicenda,
467 2191 499 2248 et
520 2184 702 2268 praestandi
725 2184 896 2249 cuiuslibet
911 2187 1037 2269 generis
1059 2191 1257 2250 sacramenta
1275 2185 1328 2250 vel
1351 2186 1530 2251 iuramenta
1552 2192 1584 2251 et
1599 2188 1706 2251 omnia

233 2296 266 2347 15
303 2304 341 2349 ea
361 2285 498 2350 faciendi
520 2287 572 2350 vel
602 2289 782 2371 exercendi,
814 2309 897 2371 quoe
924 2291 1073 2374 superius
1102 2296 1179 2353 sunt
1208 2308 1361 2374 expressa
1390 2294 1423 2353 et
1450 2308 1532 2371 quae
1554 2309 1652 2355 verus
1673 2295 1707 2354 et

301 2390 462 2473 legitimus
495 2389 723 2474 sufficiensque
756 2398 945 2476 procurator
979 2392 1031 2456 vel
1063 2400 1286 2477 procuratores
1318 2394 1422 2458 tacere
1459 2399 1705 2477 consueverunt,
1806 2382 1809 2388 ¹

243 2530 246 2535 ·
302 2502 408 2558 ratum
429 2500 462 2558 et
482 2494 611 2559 firmum
644 2496 791 2577 habituri,
823 2497 980 2578 quidquid
1010 2498 1226 2580 pereundam
1257 2503 1364 2561 actum
1385 2497 1437 2561 vel
1460 2503 1586 2580 gestum
1609 2497 1707 2563 fuerit

303 2617 359 2662 seu
383 2599 573 2662 ordinatum.
617 2599 736 2663 Datum
767 2607 880 2681 quarta
910 2600 990 2664 ieria
1016 2602 1164 2685 proxima
1194 2607 1265 2685 post
1294 2609 1422 2665 octavas
1444 2600 1597 2678 Pascae.¹)
1620 2621 1705 2665 anno

302 2702 421 2766 domini
450 2680 492 2765 ill.
516 2681 601 2767 cdo.
622 2682 725 2766 Villi.
747 2704 851 2768 l'enor
872 2724 950 2770 vero
973 2707 1180 2789 procuratorii
1203 2706 1302 2789 partis
1324 2706 1477 2770 adversae
1499 2706 1571 2770 talis
1593 2712 1649 2771 est

231 2813 267 2868 20
457 2807 662 2872 Sanctissimo
692 2809 774 2891 patri
805 2829 841 2871 ec
864 2810 992 2872 domino
1019 2810 1109 2873 tratri
1133 2809 1251 2873 Gentili
1275 2809 1359 2873 tituli
1389 2810 1490 2874 sancti
1512 2810 1642 2876 Martini
1670 2812 1705 2875 in
1745 2819 1873 2875 Pmcurc

301 2910 465 2975 Montibus
479 2912 667 2995 presbytero
683 2912 844 2993 cardinali,
863 2933 920 2997 per
935 2919 1033 2978 totam
1049 2914 1222 2996 Vngariam
1239 2919 1271 2978 et
1284 2933 1384 2997 regna
1398 2933 1526 2979 annexa
1539 2921 1704 2997 totamque
1730 2900 1826 2990 *ΟΨ
1838 2901 1885 2955 ‘¹⁰'

302 3014 466 3078 Poloniam
503 3016 587 3079 sedis
616 3016 806 3099 apostolicae
835 3016 948 3098 legate,
977 3017 1132 3081 Herricus
1162 3018 1302 3081 decanus
1333 3018 1372 3082 de
1403 3017 1520 3102 Spring
1548 3018 1704 3103 plebanus
1738 2980 1879 3128 fflffl

301 3119 443 3183 eiusdem
465 3118 527 3183 loci
549 3139 586 3182 ac
609 3120 752 3183 universi
774 3119 901 3203 plebani
918 3122 1061 3185 eiusdem
1076 3121 1250 3186 decanatus
1268 3121 1308 3187 de
1330 3123 1443 3185 maiori
1456 3122 1610 3205 Kulrullu,
1632 3125 1704 3187 uni·
1754 3134 1863 3192 clericis.

300 3224 384 3286 versi
405 3223 532 3306 plebani
556 3223 595 3287 de
617 3224 733 3287 minori
754 3224 898 3288 Kulrullu
930 3245 967 3288 ac
989 3227 1133 3291 universi
1162 3226 1290 3310 plebani
1312 3227 1351 3290 de
1374 3226 1530 3290 decanatu
1553 3226 1593 3291 de
1615 3226 1703 3291 Crisa

231 3333 266 3387 ⁴25
303 3327 412 3390 oscula
426 3327 543 3410 pedum
567 3327 740 3392 beatorum.
764 3328 929 3392 Sanctitati
945 3330 1144 3412 paternitatis
1160 3336 1285 3394 vestrae
1307 3330 1420 3394 harum
1443 3330 1524 3394 serie
1538 3330 1702 3395 literarum

300 3430 453 3495 duximus
469 3431 721 3514 significandum,
745 3433 832 3513 quod
847 3433 1019 3497 discretum
1036 3434 1201 3497 dominum
1215 3435 1403 3517 magistrum
1417 3435 1439 3498 J
1440 3435 1597 3497 ohannem
1612 3435 1703 3499 audi·

301 3540 401 3597 torem
424 3555 593 3598 cansarum
615 3537 649 3598 in
672 3537 762 3599 curia
784 3542 890 3600 vestra
912 3537 1055 3618 iacimus
1085 3539 1310 3602 constituimus
1332 3546 1364 3602 et
1387 3539 1572 3601 ordinamus
1594 3544 1627 3601 et
1648 3538 1704 3601 do·

301 3638 423 3702 minum
437 3638 623 3703 Bertoldurn
640 3640 795 3703 decanum
813 3640 852 3704 de
867 3640 1010 3706 Kelnelre
1025 3641 1197 3724 plebanum
1212 3642 1355 3705 eiusdem
1370 3642 1432 3705 loci
1448 3647 1574 3705 nostms
1589 3661 1704 3725 procu-

299 3746 421 3806 ratores
435 3744 468 3806 in
491 3743 626 3807 solidum
649 3745 683 3806 in
699 3750 807 3807 vestra
821 3745 983 3808 audientia
998 3751 1030 3808 et
1045 3749 1175 3825 actores,
1198 3745 1334 3809 factores
1349 3752 1381 3809 et
1395 3746 1532 3809 nuncios
1551 3745 1704 3828 speciales

228 3851 265 3904 30
299 3846 333 3909 in
349 3867 446 3911 causa
460 3847 510 3911 vel
534 3849 568 3910 in
584 3848 689 3910 causis
705 3848 853 3912 civilibus
873 3848 1022 3912 omnibus
1044 3848 1095 3912 vel
1117 3848 1344 3929 criminalibus,
1368 3868 1449 3930 quas
1472 3849 1625 3912 habemus
1648 3849 1700 3913 rel

300 3950 438 4014 habituri
453 3971 565 4014 sumus
587 3971 661 4014 cum
681 3952 819 4035 capitulo
842 3952 927 4015 beati
943 3952 1105 4015 Michaelis
1127 3952 1278 4015 ecclcsiae
1292 3952 1535 4016 Transsiluanae
1558 3952 1591 4015 in
1614 3954 1703 4016 curia

300 4061 406 4118 vestra
428 4054 467 4117 ad
493 4056 661 4137 agendum,
693 4055 936 4137 defendendum,
959 4057 1183 4137 accusandum,
1207 4057 1436 4137 excusandum,
1467 4055 1553 4120 litem
1578 4063 1702 4121 contes-

300 4158 432 4221 tandum
448 4159 487 4221 de
502 4158 661 4223 calumnia
677 4166 708 4223 et
723 4159 893 4222 cuiuslibet
909 4158 1040 4223 alterius
1058 4161 1183 4241 generis
1198 4161 1377 4223 iuramenta
1392 4161 1424 4222 in
1441 4161 1562 4223 animas
1576 4165 1701 4223 nostras

299 4262 532 4344 praestandum,
564 4263 706 4326 delectus
730 4270 761 4327 et
783 4264 917 4325 crimina
939 4264 1175 4346 opponendum,
1201 4265 1376 4346 positiones
1398 4264 1578 4326 iaciendum
1601 4269 1634 4327 et
1656 4264 1701 4326 al·

229 4370 265 4422 35
301 4366 400 4429 terius
425 4367 524 4449 partis
550 4367 761 4449 positionibus
784 4366 1051 4450 respondendum,
1074 4368 1308 4450 paciscendum,
1331 4367 1581 4448 transigendum,
1604 4368 1636 4429 in
1652 4369 1701 4431 in·

299 4474 424 4552 tagram
447 4470 680 4534 restitutionem
702 4471 886 4553 petendum,
916 4471 1087 4534 advocatos
1110 4471 1363 4551 conducendum,
1395 4490 1494 4534 unum
1518 4471 1570 4535 vel
1592 4470 1701 4555 plures

298 4578 520 4657 procuratores
535 4574 804 4656 substituendum,
817 4576 931 4639 salaria
945 4576 1205 4659 promittendum,
1220 4574 1454 4658 appellandum,
1469 4574 1698 4640 absolutionem

298 4660 470 4760 petendum
500 4684 533 4741 et
555 4677 781 4761 recipiendum,
805 4680 911 4741 omnia
934 4686 965 4743 et
987 4678 1113 4762 singula
1134 4677 1324 4759 iaciendum,
1348 4696 1431 4759 quae
1460 4698 1520 4742 nos
1551 4697 1701 4762 persona-

298 4779 371 4844 liter
386 4781 491 4845 iacere
505 4800 674 4864 possemus
689 4783 785 4846 etiam
800 4784 827 4846 si
843 4783 1027 4846 mandatum
1044 4782 1175 4865 exigant
1191 4781 1334 4864 speciale,
1357 4782 1580 4864 promittentes
1595 4788 1699 4845 ratum

226 4888 263 4942 40
298 4890 331 4948 et
344 4882 472 4947 firmum
487 4884 612 4964 habere,
636 4885 793 4966 quidquid
808 4905 866 4969 per
881 4887 982 4949 dictos
1000 4893 1223 4970 procuratores
1242 4891 1347 4948 actum
1371 4885 1476 4948 luerit.
1499 4885 1541 4949 Ilt
1555 4884 1700 4950 volentes

297 5007 353 5051 cos
379 4988 522 5053 relevare
545 4988 584 5052 ab
609 5007 705 5052 onere
728 4990 976 5071 satisdationis,²)
999 4990 1213 5074 promittimus
1236 4988 1384 5053 omnibus
1408 5009 1545 5071 quorum
1566 4990 1700 5054 interest

297 5092 337 5156 de
358 5092 477 5158 iudicio
499 5093 568 5157 sisti
591 5098 623 5156 et
646 5093 685 5157 de
706 5094 845 5159 iudicato
869 5095 1023 5159 solvendo
1046 5093 1080 5157 in
1099 5113 1225 5157 omnem
1248 5113 1338 5157 suam
1361 5093 1538 5157 clausulam
1560 5092 1620 5157 sub
1644 5093 1699 5156 ob·

296 5194 447 5279 ligatione
463 5196 620 5260 bonorum
636 5205 819 5262 nostrorum
842 5206 874 5263 et
889 5199 1094 5264 ecclesiarum
1117 5203 1306 5262 nostrarum.
1329 5197 1367 5261 In
1383 5198 1476 5262 cuius
1489 5199 1699 5281 procuratorii

297 5299 488 5363 evidentiam
500 5320 574 5363 curn
586 5302 688 5384 sigillo
696 5303 939 5386 provincialium
952 5303 1036 5366 sedis
1044 5303 1226 5366 iudiciariae
1239 5302 1278 5365 de
1290 5301 1387 5365 Sebzs
1398 5307 1431 5366 et
1442 5302 1544 5386 sigillo
1556 5303 1699 5367 eiusdem

225 5436 262 5489 re
454 5438 474 5503 ι)
492 5436 577 5504 apat
593 5441 619 5491 2.
1411 5514 1437 5520 -

451 5524 473 5593 ²)
495 5522 709 5593 Uraprrlaolieb:
727 5524 905 5595 satisfaciam
923 5522 1065 5579 sarcita
1082 5524 1213 5595 pedndcrt
1229 5524 1277 5578 in:
1300 5525 1456 5579 satisdatois.

1546 5628 1593 5684 16*
