4086 6300
910 648 1066 744 ,3.0.

441 836 612 915 Karolus1)
629 837 681 902 dei
695 838 797 922 gratia
811 832 1005 922 Hungariae,
1019 837 1210 920 Dalmaciae,
1232 837 1390 922 Oroaoiae,
1404 837 1532 922 Ramae,
1548 838 1688 923 Seruiao,

290 940 450 1024 Gallicise,
472 932 688 1024 Lodouieriae,
711 942 884 1007 Oumaniae
906 942 1141 1026 Bulgariaeque
1162 961 1222 1006 rex
1243 943 1392 1026 princeps
1407 942 1638 1008 Sallernitanus
1657 949 1690 1007 et

288 1044 419 1108 honoris
448 1063 485 1108 ac
514 1046 633 1110 montis
663 1047 765 1111 sancti
793 1046 910 1129 Angeli
939 1045 1089 1109 dominus
1118 1046 1267 1110 omnibus
1296 1045 1413 1110 Christi
1445 1045 1594 1110 fidehbus
1625 1052 1689 1111 tam

288 1147 511 1231 praesentibus
542 1168 639 1230 quam
668 1150 786 1213 futuris
814 1150 1031 1233 praesentium
1062 1150 1206 1213 notitiam
1235 1149 1391 1214 habitmis
1413 1148 1549 1214 salutem
1571 1152 1605 1213 iu
1627 1150 1689 1213 lar-

236 1262 253 1313 0
288 1253 390 1334 gitore
412 1252 532 1317 0010110.
554 1253 672 1336 Regiae
694 1254 866 1317 maiestatis
888 1254 991 1318 honor
1010 1254 1191 1317 divinarum
1206 1273 1315 1317 rerum
1337 1255 1489 1318 exercitio
1513 1254 1690 1336 decoratur,

288 1360 326 1419 ut
355 1356 489 1420 actionis
520 1377 597 1422 suae
627 1357 830 1440 gratitudinis
860 1358 966 1421 studio
996 1358 1061 1421 illic
1090 1359 1190 1421 aciem
1220 1359 1379 1443 reprimat,
1412 1359 1499 1423 unde
1533 1377 1567 1422 se
1601 1358 1692 1421 novit

289 1479 409 1523 munus
431 1460 629 1524 celsitudinis
650 1460 807 1543 recepisse
837 1466 991 1542 tantoque
1013 1461 1047 1523 in
1070 1481 1146 1526 suae
1169 1462 1330 1545 dignitatis
1361 1462 1463 1545 gloria
1484 1462 1598 1525 clarior
1619 1481 1691 1545 per-

291 1569 407 1647 manet
429 1569 551 1646 quanto
574 1564 607 1627 in
631 1564 757 1627 deitatis
780 1564 871 1628 cultu
893 1565 1057 1629 sollicitior
1078 1566 1249 1629 invenitur.
1280 1565 1327 1628 Ea
1348 1570 1477 1650 propter
1498 1565 1538 1628 ad
1561 1565 1692 1628 univer·

290 1687 399 1731 sorum
422 1668 566 1731 notitiam
589 1668 703 1731 harum
725 1668 807 1732 serie
829 1668 980 1732 volumus
1002 1669 1178 1753 pervenire,
1206 1669 1292 1750 quod
1315 1669 1444 1733 discreti
1466 1669 1528 1732 viri
1550 1668 1692 1751 magistri

223 1778 257 1832 10
291 1770 426 1834 Thomas
448 1776 556 1834 custos
579 1770 731 1834 ecclesiae
746 1769 829 1834 beati
844 1770 1008 1834 Michaelis
1023 1772 1203 1855 archangeli
1217 1772 1461 1836 Transsiluanae
1483 1778 1516 1836 et
1531 1773 1692 1836 hd1ianus

290 1875 463 1939 canonicus
493 1875 636 1938 eiusdem
666 1874 817 1939 ecclesiae
848 1879 881 1938 et
911 1874 1153 1938 archidiaconus
1175 1875 1215 1939 de
1237 1876 1354 1959 Kyzdy
1377 1877 1416 1940 ad
1440 1882 1581 1940 nostram
1604 1895 1692 1940 acce·

291 1979 404 2043 dentes
425 1979 636 2062 praesentiam
659 1977 877 2043 exhibuerunt
898 1976 991 2040 nobis
1014 1978 1176 2059 quoddam
1198 1981 1401 2064 privilegium
1423 1986 1570 2045 nostrum
1592 1980 1693 2044 veteri

292 2086 325 2145 et
353 2081 486 2162 antiquo
523 2081 626 2165 sigillo
656 2087 767 2146 nostro
797 2083 1019 2166 consignatum
1049 2102 1146 2166 super
1174 2085 1376 2168 possessione
1398 2084 1552 2149 Zalathna
1581 2090 1694 2148 vocata

292 2185 413 2250 tenoris
435 2185 520 2248 intra
549 2186 659 2269 scripti
687 2185 869 2250 coniectum
898 2191 931 2249 et
960 2205 1157 2269 concessum,
1178 2192 1324 2272 patentes
1345 2208 1406 2252 nos
1427 2188 1540 2253 humili
1561 2207 1693 2273 precum

224 2300 259 2352 15
293 2289 454 2371 instantia
476 2294 515 2353 ut
536 2288 739 2373 privilegium
760 2293 864 2351 ratum
880 2288 996 2353 habers
1011 2295 1044 2354 et
1065 2291 1105 2353 ad
1120 2291 1272 2356 maiorem
1287 2297 1394 2375 gestae
1409 2293 1455 2357 rei
1470 2293 1694 2358 certitudinem

293 2393 371 2455 novi
393 2398 426 2457 et
447 2392 621 2457 authentici
643 2392 738 2475 sigilli
753 2393 854 2456 nostri
870 2393 1067 2475 appositione
1082 2414 1168 2458 novo
1183 2400 1294 2459 nostro
1309 2395 1475 2480 privilegio
1491 2397 1695 2480 dignaremur

294 2494 490 2561 confirmare.
513 2496 614 2560 Cuius
637 2501 730 2561 tenor
750 2496 821 2559 talis
844 2501 900 2560 est.
938 2495 1042 2580 (Folpt
1063 2498 1112 2561 dia
1142 2496 1289 2563 Urluande
1318 2498 1370 2562 dae
1391 2496 1511 2582 Kb‘nips
1532 2496 1617 2563 Karl
1637 2519 1695 2562 oon

293 2598 548 2664 1318010355
574 2601 630 2663 mit
659 2599 764 2663 deeset
793 2597 941 2664 Urbundc
968 2620 1026 2662 aua
1054 2600 1217 2666 0001001100
1242 2600 1326 2667 Jalr
1346 2601 1404 2666 Nr.
1436 2603 1529 2685 353.)
1563 2602 1696 2666 110001-

292 2704 424 2786 quidem
446 2704 594 2789 precibus
617 2704 791 2769 eorundem
813 2693 1039 2787 magistrorum
1057 2704 1194 2769 Thomas
1217 2707 1359 2771 custodis
1381 2713 1414 2771 01
1436 2707 1570 2771 Adriani
1593 2707 1694 2772 archi·

226 2816 262 2871 20
296 2808 422 2872 diaconi
442 2808 536 2872 iustis
558 2814 591 2872 et
604 2808 753 2891 legitimis
775 2807 990 2892 favorabiliter
1012 2809 1126 2872 intenti
1142 2809 1360 2893 volentesque,
1383 2817 1421 2875 ut
1440 2812 1468 2875 si
1490 2811 1559 2876 aliis
1574 2817 1696 2897 tempo·

296 2912 386 2976 ribus
407 2913 461 2996 pia
474 2918 576 2976 mater
591 2912 724 2976 ecclesia
742 2912 776 2974 in
791 2912 858 2975 suis
872 2912 996 2976 iuribus
1011 2932 1068 2996 per
1082 2912 1242 2977 indebitos
1264 2920 1470 3000 occupatores
1485 2916 1644 2980 deiectum
1664 2921 1697 2980 01

295 3017 445 3080 iniuriam
461 3016 541 3100 proh
556 3016 647 3079 dolor
661 3016 841 3099 patiebatur
855 3018 974 3080 nostris
988 3017 1185 3101 temporibus
1202 3017 1320 3099 quibus
1335 3019 1445 3082 divina
1459 3020 1626 3084 clementia
1640 3040 1696 3082 au·

296 3125 417 3184 nuente
431 3121 523 3203 regni
537 3119 755 3203 gubernacula
777 3120 911 3184 feliciter
932 3120 1131 3205 possidemus
1149 3121 1328 3186 indebitum
1348 3129 1381 3187 ot
1399 3124 1559 3188 salubrem
1578 3129 1697 3189 stabim

296 3230 473 3307 revocetur,
485 3224 683 3309 praedictum
697 3224 901 3307 privilegium
915 3244 980 3288 non
996 3225 1153 3308 abrasum,
1165 3246 1232 3290 non
1243 3228 1453 3291 cancellatum
1467 3248 1527 3293 nec
1541 3228 1575 3291 in
1589 3228 1698 3310 aliqua

229 3335 263 3389 25
300 3328 350 3392 sui
373 3334 463 3413 parte
485 3329 633 3392 vitiatum
656 3329 695 3393 de
718 3328 816 3392 verbo
839 3328 880 3392 ad
901 3329 1036 3393 verbum
1058 3329 1279 3414 praesentibus
1301 3332 1458 3396 insertum
1479 3333 1576 3396 immo
1599 3331 1697 3415 resig-

297 3433 459 3497 nationem
470 3432 649 3518 praedictae
659 3433 870 3516 possessionis
882 3433 1033 3497 Zalathna
1044 3440 1179 3521 vocatae
1187 3454 1244 3519 per
1256 3436 1404 3500 comitem
1415 3435 1584 3501 Nicolaum
1594 3434 1697 3499 filium

298 3535 445 3600 Gorrardi
467 3536 582 3600 factam
605 3542 797 3601 memoratae
819 3537 969 3601 ecclesiae
992 3537 1075 3601 beati
1094 3538 1257 3603 1110100110
1279 3539 1459 3623 archangeli
1473 3539 1698 3604 Transiluanae

298 3659 356 3704 seu
379 3639 518 3725 capitulo
547 3639 586 3703 de
618 3641 727 3703 eadem
759 3642 959 3723 innovamus,
990 3642 1211 3725 approbamus,
1241 3643 1435 3708 ratificamus
1465 3649 1498 3708 et
1522 3643 1698 3728 praesentis

299 3743 407 3827 scripti
422 3742 598 3826 patrocinio
609 3749 764 3826 perpetuo
780 3743 1013 3809 confirmamus.
1028 3746 1068 3809 Iu
1083 3747 1175 3810 cuius
1189 3748 1237 3810 rei
1247 3748 1432 3812 memoriam
1446 3753 1697 3832 perpetuamque

229 3854 265 3908 30
298 3847 479 3911 firmitatem
508 3851 692 3930 praesentes
721 3848 936 3911 concessimus
966 3847 1075 3913 literas
1105 3851 1182 3913 novi
1208 3855 1241 3915 et
1269 3851 1443 3916 authentici
1473 3850 1567 3934 sigilli
1596 3850 1699 3915 nostri

300 3951 435 4035 duplicis
449 3951 626 4014 munimine
642 3951 813 4036 roboratas.
836 3949 955 4016 Datum
970 3971 1028 4035 per
1046 3973 1161 4017 manus
1177 3955 1305 4019 discreti
1320 3955 1382 4019 viri
1395 3955 1539 4039 magistri
1553 3954 1698 4019 Endreae

299 4056 470 4141 praepositi
499 4055 650 4121 ecclesiae
672 4055 831 4138 Albensis,
862 4056 954 4122 aulas
983 4062 1112 4122 nostrae
1135 4058 1384 4124 vicecancellarii
1415 4058 1520 4123 dilecti
1543 4064 1576 4123 et
1596 4056 1699 4123 fidelis

299 4161 410 4244 nostri,
433 4179 517 4224 anno
541 4160 662 4223 domini
686 4138 728 4223 11
752 4137 854 4225 ὒῦὁ.
869 4139 946 4225 XX.
969 4167 1070 4244 sexto,
1103 4167 1217 4245 quarto
1237 4162 1318 4227 idus
1338 4162 1459 4246 Marcii,
1480 4164 1572 4247 regni
1593 4167 1701 4227 autem

300 4265 403 4329 nostri
433 4284 517 4328 anno
552 4263 697 4328 similiter
729 4263 881 4329 vicesimo
915 4272 1016 4330 sexto.
1053 4266 1299 4331 venerabilibus
1331 4266 1365 4329 in
1396 4264 1521 4330 Christo
1554 4266 1700 4351 patribus

232 4374 267 4429 35
302 4368 439 4433 dominis
467 4368 616 4433 Bolezlao
646 4368 855 4452 strigoniensi
885 4370 1012 4452 locique
1041 4370 1184 4435 eiusdem
1213 4369 1328 4434 comite
1357 4376 1511 4454 perpetuo
1542 4377 1575 4435 et
1602 4371 1701 4435 fraus

301 4471 447 4538 ladislao
478 4472 643 4538 Colocensi
677 4472 769 4537 00100
802 4479 929 4539 nostrae
959 4474 1147 4538 cancellario
1181 4473 1438 4559 archiepiscopis,
1466 4474 1614 4539 Johanne
1644 4473 1701 4539 Ni-

302 4577 426 4660 triensi‚
448 4576 622 4642 Benedicto
639 4576 859 4658 Chanadiensi‚
873 4577 1004 4642 Nicolao
1019 4578 1190 4661 laudensi,
1206 4577 1342 4661 Georgio
1357 4576 1543 4661 Syrmionsi‚
1556 4577 1702 4643 10110100

303 4679 646 4764 Quinqueecclesiensi‚
667 4681 765 4745 hatre
780 4680 876 4745 Petro
891 4681 1060 4765 Boznensi,
1082 4681 1441 4765 10001ῑο1100011000Ἰ
1463 4682 1594 4747 Andrea
1611 4700 1703 4766 prae·

303 4785 406 4851 dictae
428 4784 578 4851 ecclesiae
600 4784 836 4860 Transiluanae,
858 4784 992 4850 Hemico
1015 4785 1257 4870 Wesprimiensi
1280 4792 1312 4851 et
1334 4781 1531 4867 Gha[nadino
1553 4785 1704 4870 Agriensi

233 4894 269 4949 40
303 4890 508 4954 ecclesiarum
531 4888 686 4972 episcopis
713 4889 862 4952 ecclesias
885 4888 937 4953 dei
958 4888 1091 4952 feliciter
1112 4888 1412 4974 gubernantJibus.²)
1435 4887 1611 4973 Magnificis
1626 4889 1704 4953 viris

302 4992 451 5077 Philippo
473 4992 613 5076 palatino
636 4992 751 5057 comite
767 4992 950 5076 Sepusiensi
973 4999 1005 5056 01
1027 4993 1067 5057 de
1088 4992 1218 5075 Vywar,
1239 4991 1402 5057 Demetrio
1425 4993 1575 5076 magistro
1598 4998 1703 5057 taver-

303 5097 449 5160 nicorum
479 5100 663 5160 nostrorum
679 5096 812 5160 ¹comite
842 5096 1010 5161 Bachiensi
1040 5102 1073 5161 et
1100 5096 1340 5180 Trinchiniensi,
1373 5096 1489 5161 comite
1517 5095 1702 5160 Alexandro

303 5199 409 5264 iudice
437 5200 545 5264 curiae
577 5205 715 5283 nostrae,
738 5196 868 5281 [lhoma
897 5200 1034 5264 vaivoda
1061 5199 1270 5265 'lbansiluano
1304 5205 1337 5264 et
1365 5201 1480 5265 comite
1513 5200 1553 5265 de
1582 5199 1704 5284 Zonuk,

303 5302 465 5387 My]lrch²)
494 5303 577 5368 bauo
600 5304 699 5368 totius
721 5303 908 5369 Sclauoniae
938 5304 1053 5369 comite
1075 5303 1289 5389 Supruniensi
1318 5309 1351 5368 et
1372 5302 1573 5388 symigiensi,
1602 5302 1703 5369 Paulo

235 5439 270 5494 45
462 5442 483 5509 ¹)
506 5438 681 5511 Verldnpcrlo
699 5439 813 5508 sauia.
1494 5510 1496 5513 Ι

460 5526 483 5599 ’)
500 5519 600 5597 min,
618 5518 783 5598 Parpomt
799 5532 898 5584 sommi
914 5526 974 5583 darn
992 5524 1182 5598 amaruan
1199 5525 1514 5598 statuunculam.
