4084 6302
924 650 1079 747 *pra-

295 845 425 905 nostrae
440 840 604 905 Zelenduk
619 845 750 905 vocene
765 841 806 908 ad
825 841 933 905 sedem
949 839 1189 922 Soybiniensem
1212 841 1385 923 spectantis
1401 841 1562 923 quandam
1583 844 1700 905 terram

296 963 354 1008 seu
383 945 616 1028 possessionem
638 944 868 1009 Lodomatelulr
898 948 1115 1027 nuncupatam
1143 945 1176 1006 in
1207 944 1353 1009 disnimu
1375 943 1577 1025 Scybiniensi
1606 944 1700 1010 sitam

295 1067 428 1133 pernes
443 1049 521 1131 ipsis
535 1049 570 1111 in
585 1047 806 1112 concambium
821 1049 987 1113 cuiusdam
1003 1047 1210 1112 hereditariae
1224 1048 1436 1130 possessionis
1450 1067 1562 1112 eorum
1573 1048 1700 1113 Tamas-

296 1153 411 1236 pataha
433 1157 564 1215 vocatae
591 1170 690 1235 prope
720 1158 858 1216 casuum
881 1152 983 1217 Dewa
1012 1153 1179 1216 existentis
1208 1151 1307 1215 etsie
1338 1152 1377 1214 ad
1406 1157 1534 1216 tenutas
1556 1150 1699 1217 eiusdem

245 1264 261 1315 5
297 1256 391 1319 castri
415 1256 589 1340 applicatae
609 1260 763 1338 perpetuo
786 1257 820 1319 in
842 1255 926 1320 filios
944 1256 1083 1320 filiorum
1103 1255 1262 1319 mediante
1284 1255 1368 1319 dicto
1391 1256 1557 1340 privilegio
1580 1263 1699 1341 nostro,

298 1361 391 1423 utin
414 1360 526 1423 eodem
548 1357 611 1422 fide
634 1359 861 1441 conspeximus
876 1360 1010 1441 oculata,
1033 1360 1178 1423 traditam
1195 1359 1268 1422 usui
1291 1378 1403 1423 eorum
1425 1359 1583 1444 applicare
1604 1380 1699 1425 usur-

295 1482 371 1547 pare
395 1463 576 1526 niterentur
598 1466 631 1525 et
652 1461 747 1524 etiam
772 1462 901 1543 quidam
924 1463 977 1526 alii
999 1464 1097 1526 vicini
1126 1468 1159 1527 et
1180 1463 1389 1527 commetanei
1411 1463 1552 1527 eiusdem
1574 1483 1699 1547 posses·

295 1566 394 1630 sionis
415 1564 646 1629 Lodomatelulr
676 1565 830 1629 utilitates
860 1566 1000 1630 eiusdem
1025 1571 1137 1630 contra
1166 1585 1277 1631 eorum
1308 1567 1507 1631 voluntatem
1536 1568 1698 1652 percipere

294 1674 495 1733 conarentur.
519 1669 622 1752 Igitur
636 1687 710 1731 cum
725 1687 785 1731 nos
800 1688 841 1732 ex
857 1670 997 1753 suscepti
1020 1670 1183 1753 regiminis
1197 1670 1299 1734 nostri
1315 1669 1418 1734 officio
1433 1690 1698 1754 unumquemque

227 1779 260 1832 10
295 1772 529 1855 regnicolarum
545 1775 727 1834 nostrorum
742 1771 775 1833 in
796 1772 864 1835 suis
878 1773 1003 1837 iuribus
1018 1774 1211 1838 indemniter
1225 1792 1414 1837 conservare
1428 1779 1604 1857 teneamur,
1626 1774 1698 1839 illos

294 1883 410 1958 tamen,
441 1876 559 1958 quibus
582 1894 642 1937 nos
664 1873 772 1955 aliqua
793 1876 865 1939 iura
886 1897 944 1960 pro
967 1897 1078 1942 eorum
1103 1879 1241 1941 servitiis
1264 1877 1316 1941 vel
1338 1877 1568 1943 hereditatibus
1598 1879 1697 1942 dona-

295 1984 409 2062 vimus,
439 1978 645 2043 favorabilius
668 1977 859 2044 arbitramur
882 1982 1119 2046 conservandos
1148 1987 1181 2045 et
1202 1980 1419 2044 confovendos
1441 1982 1476 2045 in
1498 1982 1626 2064 eisdem,
1657 1982 1697 2046 ob

294 2087 353 2148 hoc
375 2103 435 2148 nos
450 2084 528 2146 visis
543 2080 668 2145 iuribus
683 2081 841 2146 dictorum
858 2083 1013 2148 nobilium
1033 2085 1072 2149 de
1087 2085 1276 2168 Hydegvvyz
1292 2085 1564 2169 consideratisque
1585 2086 1697 2151 eorum

294 2187 441 2253 fidelibus
472 2184 680 2250 famulatibus
701 2185 817 2249 dictam
842 2189 1077 2270 possessionem
1099 2188 1329 2253 Lcdomateluh
1351 2194 1389 2253 ut
1410 2195 1460 2254 est
1487 2191 1697 2275 praemissum

227 2299 260 2350 15
295 2313 352 2377 per
382 2311 440 2355 nos
470 2291 546 2374 ipsis
569 2289 826 2354 concambialiter
854 2292 1000 2355 traditam
1032 2293 1092 2356 sub
1115 2293 1183 2356 suis
1205 2294 1299 2357 metis
1322 2298 1354 2357 et
1383 2294 1527 2358 terminis
1556 2294 1697 2376 antiquis

293 2416 366 2460 cum
396 2395 539 2459 eiusdem
570 2393 761 2457 utilitatibus
791 2399 824 2456 et
845 2396 1045 2478 pertinentiis
1072 2396 1230 2461 universis
1261 2397 1393 2479 dignuin
1423 2397 1576 2461 duximus
1605 2398 1697 2461 resti·

294 2500 450 2564 tuendum
472 2503 505 2562 et
526 2497 644 2561 remitti
666 2497 856 2579 laciendum,
884 2499 979 2563 immo
1003 2519 1044 2564 ex
1067 2500 1267 2584 plenitudine
1289 2502 1395 2585 regiae
1417 2502 1583 2586 potestatis
1605 2520 1696 2586 prae·

294 2605 377 2667 latos
398 2602 536 2687 populos
558 2606 591 2665 et
612 2601 752 2684 hospites
775 2607 903 2666 nostros
932 2604 972 2668 de
994 2603 1158 2668 Zelendulr
1180 2611 1213 2669 et
1234 2604 1314 2669 ahos
1337 2605 1498 2688 quoslibet
1519 2607 1642 2671 meinos
1664 2612 1697 2671 et

293 2712 528 2771 commetaneos
550 2704 692 2769 eiusdem
709 2704 748 2767 ab
770 2708 979 2791 usurpatione
1001 2713 1034 2771 et
1056 2708 1196 2772 violenta
1209 2708 1438 2774 usufructuum
1460 2710 1603 2775 eiusdem
1624 2729 1696 2795 per·

224 2814 259 2870 20
293 2811 439 2895 ceptione
461 2812 677 2895 praesentium
700 2811 781 2876 serie
802 2810 937 2875 fimiter
956 2811 1136 2876 inhibentes
1151 2818 1184 2877 et
1205 2818 1443 2897 compescentes
1464 2814 1615 2898 praetatis
1638 2832 1696 2877 no·

293 2914 409 2979 bilibus
432 2915 471 2979 de
486 2915 675 2999 Hydegvvyz
697 2917 732 2978 in
753 2914 836 2980 filios
857 2914 996 2979 fihorum
1019 2916 1224 2980 etheredum
1245 2935 1304 3000 per
1324 2916 1457 2981 heredes
1478 2918 1695 3001 praesentium

292 3019 466 3103 patrocinio
479 3019 651 3101 reddimus,
666 3018 856 3082 remittimus
869 3024 901 3081 et
912 3019 1111 3085 restituimus
1122 3022 1217 3105 pleno
1232 3020 1303 3085 iure
1317 3020 1551 3105 possidendam,
1565 3020 1695 3106 pacifice

293 3122 463 3186 tenendam
485 3128 518 3186 ct
531 3122 708 3186 habendam
732 3123 800 3186 sine
822 3121 1016 3204 praeiudicio
1040 3128 1146 3187 tamen
1169 3124 1248 3187 iuris
1270 3124 1373 3187 alieni.
1407 3124 1525 3189 Datum
1548 3125 1583 3188 in
1597 3124 1695 3206 Wys·

292 3225 414 3309 segrad,
436 3226 516 3289 teria
531 3227 644 3309 quinta
657 3228 804 3311 proxima
817 3229 891 3308 post
912 3225 1030 3289 festum
1046 3226 1156 3291 beatae
1171 3228 1315 3311 Agathae
1336 3228 1468 3311 virginis
1487 3233 1520 3291 et
1535 3228 1693 3310 martyris,

224 3335 258 3389 25
294 3348 378 3393 anno
402 3329 522 3392 domini
544 3330 711 3394 millesimo
735 3308 820 3394 ΟΟὒ.
842 3330 940 3394 xlm
962 3330 1073 3413 primu

456 3465 552 3532 Untcr
573 3468 641 3532 mm
665 3467 782 3552 Sieqel:
803 3468 926 3533 Relatio
950 3470 1104 3534 vaivodae
1127 3489 1184 3557 per
1206 3471 1393 3554 magistrum
1415 3469 1533 3535 Petew.

950 3818 1043 3903 toa.

379 3994 891 4090 chseprcd1341Februcr
921 4003 957 4072 8.
994 4000 1112 4091 Kbaip
1138 4000 1234 4071 Kcrl
1258 4000 1418 4072 cadumi
1448 4000 1514 4071 den
1541 3996 1692 4071 Statano-

291 4119 441 4211 turpem
467 4121 523 4193 die
548 4122 682 4193 wetere
710 4120 968 4213 Nataoiasswap
994 4122 1057 4194 der
1074 4121 1264 4211 Beaitracq
1291 4119 1478 4193 Ludontoa.

222 4282 257 4335 30
452 4282 527 4354 θήρ.
542 4285 623 4354 Perp.
637 4285 770 4354 annpel.
781 4284 999 4339 Kircbeuorclriv
1017 4285 1121 4354 Aupeb.
1131 4284 1197 4338 Belc
1216 4284 1404 4353 Stolambarp.
1423 4281 1520 4352 sorel,
1538 4298 1594 4336 nur
1605 4282 1694 4351 &nipe

398 4370 478 4425 Reate
495 4371 662 4437 verbanden,
680 4372 764 4438 ruod,
781 4372 813 4424 in
830 4371 937 4424 rodoara
955 4369 1056 4424 Warbe
1074 4372 1130 4437 aas
1143 4370 1193 4423 der
1205 4369 1348 4424 Rttrlteeite
1366 4369 1555 4439 auspedrilcltt,
1573 4368 1692 4422 Maelio

397 4456 514 4525 Stampel
531 4457 581 4510 scie
599 4458 647 4510 der
666 4456 753 4510 Atera
770 4473 824 4510 oon
841 4458 895 4511 Nr.
914 4463 974 4512 515.

447 4631 586 4695 Karolus
608 4632 660 4696 dei
681 4632 783 4716 gratia
804 4652 863 4696 rex
885 4632 1071 4717 Hungariae
1093 4631 1239 4696 fidelibus
1262 4632 1329 4695 suis
1352 4630 1465 4694 villicis
1479 4629 1591 4693 iuratis
1606 4629 1690 4693 seni-

292 4734 401 4799 oribus
424 4735 601 4819 hospitibus
624 4742 656 4799 et
680 4735 807 4820 populis
841 4737 1001 4800 universis
1031 4737 1070 4799 de
1094 4732 1282 4819 [Zelenlduh
1311 4741 1343 4798 et
1371 4733 1411 4798 de
1441 4733 1511 4797 eliis
1544 4733 1628 4796 villis
1657 4733 1689 4796 in

222 4842 256 4897 35
291 4839 453 4903 vicinitate
476 4859 533 4904 seu
556 4839 829 4904 commetaneitate
851 4838 1061 4923 possessionis
1083 4838 1329 4903 Lodamasteluh
1351 4843 1481 4901 vocatae
1495 4836 1528 4899 in
1546 4836 1692 4900 districtu

290 4940 490 5024 Soybiniensi
514 4948 547 5007 et
568 4943 608 5006 ad
624 4942 757 5008 eandem
773 4942 880 5007 sedem
902 4942 1136 5026 pertinentibus
1151 4942 1333 5006 constitutis
1356 4940 1536 5005 salutemet
1549 4940 1691 5023 gratiam.

290 5044 371 5110 (lum
394 5066 452 5111 nos
475 5048 543 5111 viso
574 5049 644 5110 iure
675 5052 707 5110 et
736 5046 949 5111 instrumento
982 5046 1136 5111 nobilium
1160 5047 1199 5111 de
1221 5045 1411 5130 Hydegwyz
1434 5064 1505 5109 omn
1540 5044 1692 5108 mediocri

290 5149 392 5233 sigillo
417 5158 524 5214 nostro
547 5152 744 5215 communito
767 5151 927 5233 quandam
950 5151 1184 5233 possessionem
1207 5148 1452 5214 Lcdamasteluh
1483 5152 1627 5212 vocatam
1657 5149 1689 5210 in

290 5253 435 5317 districtu
451 5253 650 5336 Scybiniensi
673 5254 833 5338 praedicto
857 5254 996 5318 habitam
1017 5274 1149 5339 pernes
1164 5254 1241 5338 ipsis
1264 5253 1424 5318 nobilibus
1447 5254 1486 5317 de
1500 5251 1691 5335 Hydegvvyz

220 5363 256 5418 40
290 5356 323 5419 in
352 5358 573 5421 concambium
598 5358 764 5423 cuiusdam
794 5357 1002 5422 hereditariae
1031 5358 1204 5442 ipsorum1)
1236 5358 1445 5441 possessionis
1465 5355 1692 5440 Tamaspatalra

445 5530 467 5596 ¹)
489 5482 574 5583 Urber
591 5527 640 5582 der
658 5527 733 5582 Zeila
750 5526 958 5597 comparuere.

398 5644 589 5691 Urknndenbucb.
1554 5632 1588 5686 33
