4086 6300
973 550 1128 646 *466-

353 736 497 803 eiusdom
520 755 622 819 aquae
644 736 745 802 iactae
767 743 844 802 sunt
865 738 948 803 duae
978 758 1081 803 novae
1102 743 1206 804 metae
1228 743 1360 822 terreae,
1383 739 1422 804 66
1445 758 1511 822 qua
1531 741 1676 806 ascendit
1696 761 1754 826 per

351 846 493 906 montem
523 841 641 906 directe
670 841 709 905 ad
740 841 853 905 silvam
874 842 1145 924 Tyukzouberelre
1175 848 1320 907 vocatam
1349 849 1381 908 et
1413 843 1446 906 in
1478 843 1580 928 capite
1610 845 1753 910 eiusdem

351 942 451 1008 silvae
483 949 560 1008 sunt
589 949 655 1008 tres
676 950 779 1009 metae
809 946 968 1028 antiquae.
1005 945 1054 1010 De
1078 947 1195 1030 quibus
1217 946 1378 1030 protendit
1404 965 1462 1030 per
1483 947 1616 1011 eandem
1639 948 1752 1011 silvam

351 1065 466 1112 versus
489 1047 674 1112 orientalem
704 1049 744 1111 ad
773 1049 885 1112 silvam
907 1049 1066 1133 Torligeth
1097 1056 1250 1131 vocatam,
1281 1050 1321 1114 de
1344 1069 1409 1132 qua
1430 1050 1519 1114 vadit
1540 1071 1597 1134 per
1620 1052 1752 1115 eandem

352 1152 465 1216 silvam
488 1153 528 1216 ad
551 1152 664 1216 silvam
687 1152 799 1217 Mohar
828 1158 973 1216 vocatam
994 1158 1028 1217 et
1049 1153 1164 1218 abinde
1186 1154 1226 1217 ad
1252 1154 1346 1217 aliam
1368 1153 1576 1235 Kyusmuhar
1598 1161 1752 1235 vocatam,
1787 1165 1804 1215 5

352 1255 392 1319 de
415 1276 481 1339 qua
502 1256 645 1321 aseendit
665 1276 723 1340 per
745 1257 840 1321 berch
855 1258 895 1321 ad
920 1264 1019 1321 metas
1041 1258 1190 1340 antiquas
1206 1263 1308 1322 terrae
1324 1258 1443 1341 (leuch,
1466 1264 1498 1321 et
1519 1258 1563 1321 ibi
1586 1263 1635 1322 est
1649 1264 1754 1323 erecte

353 1380 438 1424 nova
459 1366 552 1444 meta,
582 1362 616 1424 in
648 1380 712 1443 quo
744 1360 840 1425 berch
869 1381 927 1444 per
954 1362 1067 1426 vallem
1091 1361 1323 1446 Geuchlrapusa
1354 1362 1517 1427 descendit
1547 1362 1586 1425 ad
1616 1360 1752 1425 fluvium

353 1464 550 1548 Zorvvostou‚
573 1466 607 1528 in
631 1484 694 1547 quo
711 1465 853 1529 ascendit
876 1485 988 1530 versus
1004 1467 1158 1531 orientem
1181 1466 1220 1530 ad
1238 1465 1398 1549 quoddam
1414 1466 1641 1547 molendinum,
1666 1467 1752 1548 quod

353 1574 402 1633 est
431 1569 466 1632 in
494 1568 560 1633 fine
590 1569 684 1633 villae
707 1569 803 1652 (1616,
833 1576 865 1635 et
886 1570 931 1633 ibi
953 1570 1128 1635 reflectitur
1161 1589 1274 1634 versus
1296 1569 1535 1633 meridionalem
1557 1575 1590 1633 et
1611 1569 1754 1633 ascendit

353 1692 411 1757 per
433 1678 574 1738 montem
595 1693 653 1738 seu
683 1673 780 1738 berch
810 1673 894 1737 circa
916 1672 1013 1737 silvas
1034 1672 1264 1738 Keuruserdeu
1286 1678 1319 1738 et
1341 1672 1558 1757 Gepuserdeu‚
1584 1678 1616 1738 et
1637 1672 1753 1737 abhinc
1790 1681 1822 1735 10

353 1776 555 1861 protenditur
584 1796 698 1842 versus
728 1777 953 1841 occidentalem
977 1785 1010 1842 et
1032 1778 1196 1843 descendit
1226 1778 1266 1841 ad
1288 1777 1369 1841 duas
1390 1796 1491 1859 aquas
1512 1775 1650 1840 fluentes
1671 1777 1750 1840 Am-

353 1879 475 1945 buzthu
497 1881 676 1945 nominatas
705 1886 738 1945 et
766 1881 811 1944 ibi
833 1882 1030 1946 terminatur.
1067 1880 1186 1945 Datum
1215 1881 1357 1946 secundo
1392 1881 1443 1944 die
1465 1880 1646 1944 festivitatis
1669 1879 1752 1945 beati

355 1984 512 2068 Georgii¹l
535 1985 694 2068 martyris,
717 2005 801 2049 anno
825 1984 945 2048 domini
967 1984 1016 2049 Μ0
1038 1983 1078 2048 0⁰
1093 1984 1133 2049 00
1148 1984 1188 2051 00
1210 1984 1310 2050 XX*
1336 1991 1436 2049 serto.

1007 2280 1105 2362 446.

435 2443 575 2517 116666
599 2446 707 2515 1326
732 2444 815 2515 Mat
844 2446 877 2515 3.
914 2442 1084 2516 Woiwode
1109 2443 1257 2516 Thomas
1284 2443 1474 2535 6691666191
1501 2444 1557 2515 die
1591 2441 1755 2514 06166666
1790 2458 1823 2510 15

355 2564 414 2637 dea
448 2561 728 2657 Wmeaenburper
753 2565 915 2658 Kapilela
947 2589 1009 2636 von
1037 2566 1144 2635 1326
1171 2563 1237 2635 Nr.
1267 2567 1348 2635 445
1383 2566 1447 2635 mit
1476 2565 1591 2636 aeiner
1616 2564 1755 2654 6696666

363 2685 528 2758 06166666
553 2710 618 2760 oon
636 2689 743 2758 1326
773 2686 837 2758 Nr.
859 2688 940 2758 443
967 2685 1152 2775 betreffend
1168 2686 1224 2757 die
1246 2685 1534 2776 Greaabepelrunp
1551 2707 1617 2756 oon
1634 2682 1752 2754 Saena

351 2807 511 2900 9666666,
544 2808 660 2901 06696,
689 2807 873 2881 Sentinate
899 2809 972 2880 666
998 2806 1226 2879 Sadsaseilvris
1252 2807 1326 2877 666
1352 2808 1483 2879 erkldrt
1510 2806 1576 2877 666
1601 2827 1666 2876 oon
1688 2804 1755 2874 666

355 2929 551 3002 1166666666
576 2953 641 3002 oon
668 2928 755 3002 Sae'lc
781 2930 933 3021 6696966
960 2928 1146 3000 6616666666
1172 2928 1373 3019 1166696666
1392 2929 1463 3016 fiir
1488 2927 1627 3018 nicMip.

512 3091 624 3147 Druck:
643 3092 740 3146 116666
758 3092 902 3147 6166661166
921 3094 971 3146 196
989 3091 1060 3145 naon
1077 3091 1136 3145 dem
1157 3089 1233 3160 0669.
1252 3091 1332 3160 Pero.
1351 3090 1454 3144 Archiv
1471 3091 1520 3144 der
1539 3089 1648 3157 Grafen
1671 3088 1753 3142 Wass
1788 3084 1824 3138 20

463 3178 552 3248 06696.
580 3178 669 3248 866961
692 3197 731 3232 66
754 3178 843 3248 961666
862 3178 1064 3233 Seidenrclmur
1088 3177 1251 3246 6696166691.
1269 3206 1304 3216 -
1322 3176 1401 3231 Auel
1418 3176 1607 3246 anperctaoa
1625 3190 1678 3229 von
1695 3174 1755 3227 666

466 3265 690 3335 Weiareaemqer
699 3265 814 3334 Kapitcl
823 3269 900 3331 1331,
916 3263 991 3334 Orip.
1010 3263 1493 3333 0696616666666616636669661,
1505 3262 1614 3316 6616666
1625 3260 1755 3330 06196661

460 3353 523 3407 sehr
541 3352 696 3422 6666666191
713 3352 758 3406 ist.

513 3528 648 3592 Thomas
672 3527 1256 3592 666666116666116666661666666
1279 3528 1318 3592 de
1341 3529 1453 3591 Zonulr
1476 3527 1624 3591 omnibus
1639 3525 1756 3590 Christi

357 3632 505 3699 fidelibus
533 3631 754 3716 praesentibus
782 3639 815 3696 et
843 3632 961 3695 futuris
990 3651 1140 3715 praesens
1170 3633 1324 3716 scriptum
1350 3632 1541 3714 inspecturis
1563 3630 1698 3694 salutem
1720 3628 1753 3691 in
1789 3632 1824 3685 25

360 3735 503 3799 omnium
519 3736 684 3800 salvatore.
707 3735 759 3799 Ad
774 3736 997 3799 universorum
1021 3735 1165 3799 notitiam
1182 3736 1293 3799 harum
1316 3736 1397 3799 serie
1414 3734 1563 3797 volumus
1578 3731 1755 3815 pervenire,

359 3840 445 3922 quod
468 3860 540 3904 oum
564 3859 670 3904 comes
685 3839 837 3904 Nicolaus
858 3838 1101 3921 filiusEymuch
1124 3839 1228 3904 dictus
1243 3840 1306 3903 Vos
1328 3839 1367 3903 ad
1383 3845 1524 3902 nostram
1547 3835 1755 3920 personaliter

359 3943 514 4007 accedens
536 3944 746 4027 praesentiam
769 3944 882 4006 humili
899 3963 1030 4026 precum
1046 3943 1197 4006 instantia
1219 3962 1277 4006 nos
1291 3944 1464 4027 petivisset
1487 3946 1524 4005 ut
1538 3940 1756 4025 possessiones

359 4066 433 4111 suas
456 4046 706 4129 Scenthgothart,
729 4047 842 4130 Chege,
866 4046 1049 4128 Scentyuan
1080 4054 1112 4111 et
1134 4046 1299 4128 Zoyluas²l
1329 4052 1456 4110 vocatas
1479 4046 1513 4108 in
1543 4045 1694 4109 comitatu
1717 4042 1756 4105 de

359 4149 498 4214 Dubulra
520 4151 696 4214 existentes
725 4151 818 4214 iuxta
847 4155 970 4215 veteres
993 4156 1093 4215 metes
1114 4150 1305 4215 reambulari
1331 4151 1417 4215 etin
1441 4149 1559 4213 eisdem
1582 4147 1756 4231 possessio·
1790 4150 1826 4205 30

359 4254 454 4319 nibus
476 4254 546 4327 loco
578 4255 782 4336 antiquarum
813 4260 968 4319 metarum
992 4275 1093 4318 novas
1115 4259 1215 4318 metas
1236 4254 1314 4338 erigi
1337 4255 1523 4334 faceremus,
1550 4251 1677 4315 tandem
1700 4269 1757 4312 vo·

354 4357 460 4445 lentes
493 4358 586 4421 iuxta
614 4357 730 4420 bonam
764 4359 855 4441 regni
888 4359 1151 4423 consuetudinem
1184 4358 1247 4422 iuri
1280 4376 1451 4421 consonam
1486 4362 1518 4420 et
1550 4354 1589 4419 ab
1623 4354 1755 4436 antiquo

358 4462 565 4547 approbatam
585 4462 620 4525 in
643 4462 815 4525 earundem
839 4462 1074 4544 possessionum
1098 4461 1348 4526 reambulatione
1364 4468 1396 4525 et
1417 4466 1573 4525 metarum
1596 4460 1757 4525 erectione

360 4567 443 4631 votis
466 4566 608 4630 eiusdem
631 4565 755 4629 comitis
778 4565 900 4629 Nicolai
924 4566 1029 4630 debito
1053 4585 1220 4630 occurrere
1242 4585 1315 4627 cum
1338 4565 1456 4642 lavore,
1486 4564 1671 4648 scripsimus
1693 4563 1756 4627 dis-

359 4670 454 4734 cretis
484 4670 562 4733 viris
591 4669 729 4754 capitulo
760 4667 910 4732 ecclesiae
936 4668 1178 4733 Transsiluanae
1208 4668 1316 4732 amicis
1345 4670 1463 4732 nostris
1492 4668 1685 4748 reverendis,
1721 4672 1757 4730 ut
1791 4670 1825 4723 31

359 4795 455 4840 suum
478 4775 591 4839 darent
621 4772 838 4839 testimonium
868 4772 931 4837 lide
954 4774 1096 4856 dignum,
1118 4792 1224 4837 coram
1248 4792 1312 4855 quo
1334 4772 1498 4837 lohannes
1520 4771 1605 4835 filius
1627 4771 1757 4835 Martini

360 4898 466 4944 comes
488 4884 598 4942 noster
621 4879 660 4942 de
681 4877 816 4943 Dobolra
845 4879 961 4943 nobilis
983 4879 1022 4942 de
1046 4878 1203 4941 llonruch
1232 4879 1326 4941 homo
1357 4882 1465 4940 noster
1487 4875 1662 4959 praedictas
1684 4895 1757 4958 pos·

360 4983 519 5048 sessiones
541 4982 794 5066 Scenthgothart,
817 4982 930 5066 Chege,
953 4982 1158 5063 Scenthyuan
1190 4987 1222 5045 et
1244 4980 1350 5044 Ziluas
1378 4988 1506 5043 vocatas
1536 4978 1757 5058 reambularet,

360 5105 462 5150 novas
483 5091 584 5149 metas
606 5086 640 5149 in
662 5086 782 5150 eisdem
805 5087 964 5170 erigendo,
987 5084 1208 5170 praesentibus
1230 5083 1455 5147 commetaneis
1478 5090 1510 5147 et
1533 5082 1654 5146 vicinis.
1696 5080 1757 5157 Qui

361 5190 490 5274 quidem
520 5207 627 5253 comes
659 5189 811 5253 Nicolaus
840 5189 925 5254 filius
954 5190 1078 5254 l’lmuch
1106 5193 1180 5274 post
1208 5187 1492 5252 reambulationem
1524 5186 1757 5270 praedictarum
1791 5188 1827 5242 40

516 5346 537 5413 ¹)
560 5342 691 5412 Vorlaqe:
709 5341 811 5412 Georgi.

515 5432 538 5500 ¹)
556 5433 639 5485 1331.-
657 5428 751 5483 Ziluas.
