4086 6300
1015 594 1168 688 „ae-

392 779 432 844 de
462 779 538 843 villa
566 799 678 844 eorum
708 780 747 844 de
773 779 834 845 sub
856 786 959 845 castro
982 781 1069 845 Petri
1091 783 1161 846 viee
1183 789 1216 848 et
1238 783 1367 846 nomine
1388 784 1564 848 eonmdem
1587 783 1789 849 dominorum

392 903 523 946 suorum
555 888 747 966 protestatus
773 890 830 968 est,
861 885 948 966 quod
968 885 1108 950 Alardus
1130 885 1215 949 filins
1237 886 1349 950 Alardi
1371 887 1410 951 de
1432 887 1608 968 Vyzalrana
1629 887 1789 968 quandam

391 991 508 1050 terram
524 1006 582 1051 seu
597 989 829 1071 possessionem
844 1008 935 1052 suam
950 988 1164 1072 Ryngullryrh
1179 995 1323 1054 voratam
1339 991 1477 1054 vicinam
1493 995 1525 1053 et
1540 995 1788 1054 oommetaneam

390 1092 629 1174 possessionum
658 1092 799 1175 ipsorum
822 1091 961 1156 filiorum
983 1093 1160 1157 Salomonis
1183 1098 1215 1157 et
1236 1092 1379 1158 Danielis
1401 1093 1518 1177 spring
1539 1097 1572 1157 et
1594 1092 1790 1176 Gregortaya

391 1198 577 1259 vocatarum
592 1194 714 1276 absque
730 1195 811 1258 soitn
831 1199 864 1258 et
885 1214 1044 1259 consensu
1063 1196 1238 1261 eorundem
1256 1196 1394 1262 filiorum
1410 1197 1588 1261 Salomonis
1602 1201 1635 1261 et
1648 1195 1791 1261 Danielis
1826 1206 1843 1258 5

392 1298 569 1362 venditioni
599 1299 800 1382 exposuisset
827 1298 859 1361 in
890 1298 1121 1381 praeiudicium
1151 1300 1326 1365 eorundem
1349 1306 1381 1365 et
1402 1302 1564 1364 iacturam.
1598 1299 1789 1383 Superque

391 1402 475 1466 idem
505 1421 611 1466 comes
632 1401 749 1467 Petrus
777 1402 848 1466 vioe
877 1408 910 1466 et
940 1404 1068 1466 nomine
1098 1404 1239 1486 ipsorum
1262 1404 1465 1468 dominorum
1487 1423 1620 1468 snorum
1643 1403 1786 1468 faciendo

390 1507 651 1589 protestationem
684 1525 791 1569 eoram
826 1505 917 1569 nobis
949 1506 1112 1589 prohibuit
1144 1508 1249 1590 ipsum
1279 1507 1436 1571 Alardum
1466 1528 1486 1571 a
1515 1507 1699 1571 venditione
1730 1526 1788 1572 seu

391 1608 581 1673 alienatione
613 1609 714 1673 diotae
744 1615 847 1673 terrae
877 1628 934 1673 seu
964 1610 1173 1693 possessionis
1195 1630 1272 1674 suae
1294 1609 1508 1693 Ryngullryrb
1531 1616 1733 1695 nuncupatae
1756 1616 1789 1676 et

391 1712 550 1794 quoslibet
578 1712 617 1776 ab
649 1713 808 1796 emptione
831 1713 972 1777 eiusdem
995 1714 1048 1795 ita,
1078 1713 1165 1795 quod
1188 1733 1303 1777 manus
1324 1713 1428 1777 aliena
1449 1720 1574 1798 praeter
1595 1716 1682 1799 ipsos
1703 1714 1786 1779 filios
1822 1722 1856 1777 10

389 1814 568 1880 Salomonis
590 1820 622 1880 et
642 1814 784 1879 Danielis
806 1836 863 1899 per
885 1817 1015 1879 modum
1038 1818 1207 1901 emptionis
1226 1836 1284 1881 seu
1299 1818 1541 1900 permutationis
1556 1837 1613 1882 seu
1628 1819 1689 1881 alio
1707 1837 1786 1900 quo·

391 1918 551 2000 quomodo
584 1919 703 2003 porrigi
732 1939 798 1983 non
827 1920 928 2003 possit
957 1920 997 1983 ad
1028 1921 1169 1985 eandem
1202 1920 1321 1985 Datum
1351 1920 1510 1984 dominica
1539 1921 1686 2004 proxima
1714 1927 1787 2005 post

391 2022 570 2104 quindenas
600 2024 853 2107 epiphanyarum
875 2023 1004 2105 domini,
1034 2043 1118 2087 anno
1149 2023 1291 2088 eiusdem
1317 2000 1358 2087 ll.
1382 2002 1467 2088 060.
1489 2024 1643 2108 vigesimo
1665 2029 1787 2107 quarto.

544 2160 620 2245 Auf
635 2161 690 2225 der
710 2161 885 2226 Rdolrsoite:
914 2162 1196 2227 Protestationales
1225 2183 1283 2247 pro
1306 2162 1438 2227 Nicolao
1466 2162 1531 2226 filio
1555 2161 1734 2227 Salomonis
1755 2169 1788 2227 et

390 2263 523 2328 Nicolao
544 2264 610 2328 filio
631 2264 775 2330 Danielis
797 2286 834 2330 ao
855 2265 1007 2330 iratribus
1029 2267 1172 2351 ipsorum
1194 2271 1305 2330 contra
1319 2266 1474 2330 Alardum
1497 2265 1599 2329 filium
1613 2266 1725 2329 Alnrdi
1748 2266 1788 2330 de
1825 2276 1858 2328 15

389 2367 565 2449 Vyzakana
585 2387 682 2452 super
703 2369 915 2453 prohibitione
938 2370 1130 2435 venditionis
1153 2389 1211 2434 seu
1233 2370 1431 2435 alienationis
1447 2389 1484 2433 ao
1499 2370 1669 2454 emptionis
1684 2375 1787 2435 terrae

390 2489 447 2534 seu
469 2472 681 2555 possessionis
701 2471 915 2556 Ryngnlkyrh
937 2478 1076 2537 vooatae.

1047 2817 1140 2901 413.

468 2999 572 3068 1324
589 2996 733 3068 Joauor
753 2999 815 3067 30.
844 2996 922 3069 Das
947 2996 1227 3091 Weissenborper
1244 3001 1389 3092 Kapitel
1406 3000 1552 3090 beaeapt,
1571 2998 1652 3069 dosa
1671 2997 1789 3071 Cornea

391 3115 570 3206 lllikoluus,
604 3116 697 3190 Solio
728 3112 934 3190 Oorrordus’
961 3142 1026 3192 oon
1055 3119 1240 3208 Talmescb,
1276 3122 1368 3193 seiae
1393 3121 1626 3211 Baaa'tronpea
1652 3118 1787 3207 Sados,
1824 3136 1860 3190 ao

392 3237 573 3325 Belkascb,
602 3236 761 3310 Sabinou
786 3239 860 3310 aad
876 3237 1003 3311 Panad
1026 3242 1140 3312 asinar
1158 3239 1347 3313 Sobwoster
1363 3242 1565 3313 Kotbarino
1590 3240 1664 3312 aad
1685 3239 1790 3312 deren

392 3357 524 3431 eatan
550 3358 676 3431 Petrus
700 3359 888 3450 sterpeta
914 3360 983 3430 aar.

547 3522 622 3592 Θήρ.
640 3522 721 3591 Pero.
744 3522 848 3593 Uopar.
866 3522 1075 3577 Landeaarcbio
1093 3524 1244 3592 Budapeat.
1271 3523 1366 3594 stapel,
1385 3525 1492 3578 mamaea
1513 3524 1622 3591 Wuoba,
1640 3541 1679 3578 oo
1696 3525 1788 3579 rotber

492 3606 693 3662 Seidortsobam
710 3609 873 3679 appeltam,
897 3609 1016 3663 dersabe
1034 3609 1150 3678 Sterope!
1167 3610 1217 3664 wie
1235 3610 1289 3663 Nr.
1307 3614 1368 3665 216.
1393 3640 1427 3651 -
1446 3610 1505 3664 Eia
1522 3611 1627 3664 arorites
1648 3610 1785 3680 θήρίκαὶ,

492 3695 573 3764 Perq.
591 3695 784 3761 ebeadaselbat
802 3711 856 3749 oon
866 3695 1017 3749 demsdbeo
1028 3695 1170 3750 Soiiraiber
1180 3696 1359 3766 proclamabas,
1378 3696 1466 3766 Siopel
1483 3696 1613 3763 dassalbe,
1632 3713 1672 3750 aa
1681 3702 1785 3765 metm
1820 3696 1855 3750 25

492 3780 693 3835 Seidmdmur
704 3782 867 3851 oopdaonpt.
884 3782 940 3836 Die
953 3780 1084 3836 Urlunde
1095 3781 1133 3836 tat
1145 3781 1215 3835 anob
1227 3782 1416 3852 dnqeseboltet
1426 3798 1480 3835 oon
1491 3783 1551 3836 dam
1563 3781 1787 3851 Weissenborper

492 3867 606 3935 Kopitel
623 3871 692 3922 1338
709 3868 768 3921 uod
784 3868 834 3921 mit
851 3868 940 3922 dieser
959 3867 1089 3922 Urbaode
1106 3884 1160 3923 oon
1177 3869 1327 3927 demselbaa
1346 3873 1423 3936 1399,
1444 3868 1519 3938 Orio.
1543 3869 1647 3938 Unqar.
1660 3868 1785 3925 nanaa·
1905 3880 1910 3897 '

492 3953 586 4007 archiv
604 3954 754 4022 Budopest.

544 4073 656 4143 aaa:
674 4073 761 4141 rije
781 4073 872 4128 corea
889 4073 946 4141 xr,
963 4077 1024 4129 aas.

543 4247 723 4331 Capitulum
754 4248 904 4312 eeclesiae
929 4247 1172 4313 Transsilnanae
1202 4249 1350 4313 omnibns
1376 4249 1492 4314 Christi
1518 4247 1665 4313 fidelibus
1695 4267 1785 4332 prae·
1821 4255 1857 4309 30

388 4353 510 4413 sentem
531 4352 679 4435 paginam
701 4352 893 4435 inspecturis
916 4351 1052 4415 salutem
1074 4352 1108 4413 in
1130 4353 1274 4415 omnium
1296 4351 1461 4416 salvatore.
1484 4353 1530 4417 Ut
1549 4358 1639 4436 gesta
1654 4371 1736 4434 quae
1751 4352 1785 4415 in

391 4456 532 4537 tempore
561 4453 645 4518 fiunt
674 4455 759 4519 inter
779 4459 886 4538 partes
916 4454 1069 4518 varietate
1097 4460 1275 4539 temporum
1298 4474 1363 4518 non
1385 4454 1534 4520 labantur
1556 4476 1615 4520 sen
1636 4455 1786 4520 vacillent

386 4556 456 4639 ipsa
477 4561 567 4640 gesta
588 4557 628 4620 ad
651 4558 807 4622 cautelam
829 4558 1006 4641 patrocinio
1028 4556 1193 4622 literarum
1216 4563 1456 4623 consueverunt
1470 4559 1621 4623 roborari.
1645 4559 1784 4624 Proinde

386 4658 426 4721 ad
456 4660 681 4724 universorum
711 4661 856 4724 notitiam
887 4665 950 4724 tam
981 4661 1196 4744 praesentium
1228 4680 1325 4742 qnam
1356 4661 1537 4725 futurorum
1567 4661 1681 4724 harum
1703 4662 1785 4726 serie

388 4762 537 4827 volumus
570 4764 746 4847 pervenire,
781 4763 868 4846 qnod
898 4764 1080 4827 constitutis
1111 4783 1217 4828 ooram
1247 4764 1339 4827 nobis
1368 4763 1529 4828 nobilibus
1558 4764 1636 4828 viris
1669 4764 1785 4830 oomite
1819 4773 1855 4826 35

386 4865 517 4930 Nicolao
551 4866 616 4930 filio
647 4866 795 4932 conardi
825 4867 865 4930 de
893 4866 1041 4930 Tolmaoh
1074 4866 1113 4928 ab
1147 4885 1212 4929 una
1240 4873 1330 4950 parte
1359 4872 1391 4931 et
1419 4867 1569 4950 magistro
1599 4867 1694 4931 Petro
1719 4867 1784 4931 filio

387 4970 562 5051 Myohaelis
586 4971 707 5035 sororio
731 4990 789 5034 sno
820 4990 863 5035 ex
885 4970 985 5034 altera
1005 4970 1090 5034 idem
1112 4988 1218 5034 oomes
1233 4969 1385 5034 Nicolaus
1407 4972 1572 5036 confessus
1592 4978 1641 5036 est
1655 4971 1784 5036 oraculo

387 5073 481 5137 vivae
504 5074 601 5156 voois,
625 5073 779 5156 quasdam
802 5074 894 5138 villas
916 5093 974 5138 seu
997 5073 1213 5157 possessiones
1235 5093 1309 5138 snas
1325 5073 1426 5156 Sytuo
1444 5081 1478 5139 et
1493 5075 1633 5139 Bollraoh
1657 5081 1785 5140 vocatas

387 5177 550 5260 emptioias
572 5183 604 5242 ot
634 5175 857 5261 Soepmeaeu1)
893 5181 925 5241 et
954 5177 1063 5241 Panad
1094 5181 1295 5261 nuncupatas
1328 5178 1502 5241 donatioias
1532 5197 1607 5241 oum
1636 5178 1785 5242 omnibus

386 5280 577 5346 utilitatibus
599 5285 631 5345 et
652 5279 852 5365 pertinentiis
875 5281 1049 5344 earundem
1071 5280 1132 5344 sub
1155 5280 1275 5345 eisdem
1298 5281 1390 5345 metis
1412 5281 1554 5364 antiquis
1577 5286 1609 5346 et
1630 5282 1783 5363 terminis,
1818 5288 1854 5342 40

542 5452 563 5515 ¹)
580 5452 663 5505 laos.-
680 5449 844 5518 Zepmezevv.
