4084 6302
899 641 1054 735 co

275 830 438 913 regiminis
461 831 618 894 incumbit
648 830 761 911 olticio,
792 830 1033 894 reduxissemus
1063 829 1288 908 convertendo,
1320 829 1364 891 ita
1386 828 1513 899 scilicet,
1540 829 1627 910 quod
1649 830 1675 892 si

276 934 427 1017 temporis
457 934 490 996 in
521 954 618 998 cursu
641 940 673 997 et
703 954 853 1017 processu
876 954 933 1017 per
963 934 1144 1016 quempiam
1174 934 1310 1016 partium
1343 933 1575 1017 praedictarum
1606 934 1676 996 rixa

275 1038 326 1101 vel
356 1038 478 1101 zizama
507 1037 653 1119 aliqualis
676 1037 783 1111 verbo,
814 1058 909 1120 opere
932 1043 988 1101 aut
1015 1039 1097 1100 facto
1122 1037 1233 1099 iterato
1258 1037 1332 1099 oriri
1364 1036 1414 1100 vel
1446 1038 1673 1119 quoquomodo

275 1143 404 1205 evenire
419 1143 612 1225 contigisset,
629 1162 701 1224 pars
716 1142 819 1204 rixam
836 1163 1013 1226 provocans
1029 1148 1061 1205 et
1072 1142 1247 1205 admovens
1264 1142 1313 1205 vel
1327 1141 1460 1222 quilibet
1471 1143 1675 1224 generatione

222 1254 238 1304 5
275 1246 314 1310 de
337 1246 447 1310 eadem
470 1266 506 1309 ac
528 1265 637 1310 earnm
654 1246 854 1329 posteritates
869 1246 908 1309 ab
932 1247 1041 1310 eadem
1057 1246 1185 1310 civitate
1200 1245 1373 1309 Kuluswar
1389 1246 1484 1307 immo
1508 1245 1546 1307 de
1569 1246 1676 1307 cuius-

274 1349 352 1414 libet
373 1356 462 1433 parte
494 1350 583 1433 regni
605 1350 798 1431 Hungariae,
822 1351 955 1433 privatis
981 1350 1129 1413 omnibus
1152 1351 1220 1413 suis
1242 1348 1495 1433 possessionibus
1524 1352 1558 1411 et
1580 1347 1676 1411 rebus

274 1453 441 1534 universis,
465 1473 529 1516 non
557 1453 677 1535 absque
701 1454 889 1518 detrimento
913 1455 1025 1538 capitis
1048 1454 1099 1517 rel
1122 1455 1261 1536 capitum
1285 1472 1426 1532 suorum,
1449 1451 1675 1534 inregressibili

274 1557 384 1620 ordine
400 1562 433 1621 et
447 1556 640 1620 reformabili
657 1557 851 1633 exclusione,
876 1563 1037 1640 tamquam
1057 1559 1140 1642 regis
1162 1558 1308 1621 notorius
1325 1555 1470 1637 infidelis,
1493 1574 1581 1619 more
1604 1576 1676 1640 pro-

273 1662 462 1744 scriptorum
495 1662 528 1723 in
558 1661 801 1725 filiosfiliorum
826 1661 1033 1726 etheredum
1060 1682 1117 1745 per
1147 1662 1278 1725 heredes
1299 1662 1365 1744 pati
1388 1661 1556 1724 debuisset
1588 1659 1676 1737 Quae

207 1772 239 1824 10
275 1764 404 1846 quidem
427 1765 648 1847 generationes
663 1766 749 1830 Petri
772 1765 829 1829 filii
844 1765 1003 1847 Feliciani,
1025 1765 1239 1830 Bartholomei
1259 1771 1291 1829 et
1305 1766 1392 1829 Petri
1416 1764 1521 1848 magni
1545 1765 1675 1828 modum

274 1868 502 1952 obligaminum
525 1869 758 1952 praedictorum
783 1889 972 1934 conservare
988 1869 1175 1948 obnuentes,
1199 1869 1331 1932 eandem
1355 1868 1450 1932 etiam
1473 1869 1674 1932 concordiam

273 1973 383 2037 multis
399 1974 522 2037 actibus
538 1974 697 2058 nephariis
712 1980 744 2037 et
759 1974 876 2038 illicitis
890 1973 1170 2057 multipliciterque
1185 1972 1280 2036 illatis
1296 1971 1506 2055 dirumpendo
1523 1972 1673 2054 horisque

275 2095 370 2157 quam
386 2076 534 2159 pluribus
549 2079 581 2140 in
598 2077 731 2141 nihilum
748 2084 938 2142 revocarant
952 2083 985 2142 et
1006 2078 1052 2142 sic
1074 2077 1174 2159 ipsam
1197 2075 1399 2138 concordiam
1417 2075 1469 2139 vel
1486 2075 1677 2159 obligamina

272 2180 446 2264 praemissa
467 2201 533 2245 non
556 2187 704 2245 curantes
728 2201 865 2260 servare,
895 2180 929 2243 in
952 2180 1110 2242 dominica
1131 2178 1447 2263 Ramispalmarum1)
1478 2199 1520 2243 ex
1542 2180 1675 2243 inductu

208 2292 239 2343 15
275 2284 424 2348 malivolo
447 2285 578 2368 spiritus
599 2286 844 2370 praecogitando
869 2285 988 2348 malitia
1011 2284 1181 2366 animoque
1201 2284 1359 2366 indurato,
1382 2284 1513 2348 munitis
1529 2283 1675 2346 manibus

273 2393 384 2452 contra
398 2390 620 2471 generationes
635 2391 752 2453 alterae
775 2388 873 2471 partis
896 2386 1016 2453 scilicet
1037 2389 1162 2452 coniitis
1185 2388 1277 2452 Starlr
1300 2395 1333 2452 et
1355 2387 1478 2452 Scekwl
1493 2393 1526 2452 et
1541 2388 1673 2450 aliorum

273 2493 493 2576 proximorum
509 2513 641 2557 suorum
664 2493 770 2557 subito
786 2493 819 2555 in
840 2491 1078 2575 oppressionem
1102 2492 1276 2557 eorundem
1300 2494 1467 2574 irruentes
1494 2493 1676 2556 innumera·

273 2594 390 2659 bilibus
421 2596 511 2660 lactis
541 2597 659 2660 illicitis
682 2603 714 2660 et
736 2597 896 2660 danmosis
926 2597 1030 2679 illatis,
1062 2598 1215 2679 quosdam
1243 2598 1441 2661 vulnerando
1473 2596 1675 2679 quorundam

273 2699 368 2763 etiam
384 2701 526 2764 membra
541 2700 676 2765 fastibus
698 2701 900 2779 conterendo,
926 2701 959 2762 in
982 2701 1086 2765 medio
1109 2701 1288 2783 praedictae
1310 2701 1448 2764 civitatis
1463 2719 1505 2764 ex
1520 2698 1675 2783 proximis

204 2808 239 2864 20
273 2803 335 2866 iam
366 2803 522 2867 dictarum
545 2806 786 2888 generationum
810 2804 890 2867 duos
913 2805 1056 2868 homines
1083 2812 1184 2870 morte
1207 2806 1330 2870 crudeli
1353 2805 1512 2887 iugulatos
1542 2804 1674 2867 dimem-

273 2906 416 2988 brarunt,
433 2909 487 2990 qui
500 2908 584 2973 tacta
595 2909 856 2973 dimembratione
868 2910 931 2971 iam
943 2908 1027 2971 dicta
1039 2916 1247 2993 agnoscentes
1262 2916 1326 2973 tarn
1342 2909 1497 2973 malitiose
1513 2928 1547 2972 se
1564 2909 1675 2991 egisse,

273 3018 366 3076 extra
387 3012 520 3076 eandem
543 3014 703 3077 civitatem
726 3013 767 3077 ob
792 3019 910 3077 metum
934 3032 1065 3077 suorum
1088 3032 1281 3078 excessuum
1303 3021 1335 3078 et
1364 3012 1551 3077 delictorum
1580 3012 1674 3096 togae

272 3115 430 3198 praesidio
460 3115 665 3197 occultarant,
696 3135 768 3179 reos
798 3124 830 3179 et
858 3117 1046 3180 concordiae
1076 3119 1267 3201 praemissae
1296 3124 1485 3182 retractares
1515 3136 1612 3180 causa
1640 3117 1674 3180 in

273 3221 446 3302 praemissa
467 3225 568 3284 semet
589 3219 675 3302 ipsos
706 3221 915 3284 comittentes
950 3220 1012 3284 Sed
1042 3239 1101 3283 nos
1124 3221 1183 3284 hoc
1209 3222 1278 3284 riso
1302 3221 1448 3285 volentes
1477 3222 1570 3283 iuxta
1591 3220 1675 3283 mala

204 3329 238 3384 25
274 3323 387 3387 merita
401 3323 573 3387 earundem
591 3325 831 3406 generationum
844 3324 931 3387 Petri
946 3323 1002 3387 filii
1018 3325 1176 3405 Feliciani,
1192 3325 1405 3389 Bartholomei
1421 3332 1453 3388 ct
1467 3324 1553 3388 Petri
1569 3324 1675 3407 magni

273 3427 312 3491 de
334 3428 515 3511 praemissis
531 3428 612 3512 parti
634 3428 826 3510 praemissae
848 3429 1001 3492 iudicium
1018 3435 1050 3492 et
1072 3430 1225 3492 iustitiam
1247 3429 1407 3510 exhibere,
1429 3428 1538 3510 semel,
1560 3447 1675 3492 secun-

273 3530 361 3595 dario
377 3537 409 3595 et
423 3530 548 3595 vicibus
564 3551 658 3613 quam
672 3532 818 3616 pluribus
830 3533 861 3594 in
879 3533 990 3596 faciem
1004 3533 1104 3597 nostri
1120 3533 1229 3596 iudicii
1244 3533 1359 3596 habitis
1373 3530 1675 3617 proclamationibus

272 3636 484 3699 communiter
507 3641 539 3698 et
561 3635 600 3698 de
622 3635 692 3699 iure
707 3635 792 3719 ipsas
807 3636 984 3700 feceramus
1004 3636 1139 3715 evocari,
1163 3656 1242 3717 quas
1265 3636 1390 3699 tandem
1415 3656 1452 3699 eo
1476 3635 1563 3718 quod
1584 3654 1674 3720 prae-

272 3739 368 3803 missa
389 3739 472 3802 mala
494 3746 526 3802 et
540 3737 694 3802 maleficia
709 3746 929 3821 exercuerant,
952 3749 985 3804 et
999 3743 1031 3803 in
1056 3740 1167 3804 faciem
1184 3740 1283 3802 nostri
1307 3740 1446 3815 iudicii²l
1470 3740 1620 3803 accedere
1643 3746 1675 3801 et

203 3851 237 3905 30
273 3842 312 3906 de
335 3862 447 3906 eorum
478 3842 568 3906 malis
597 3843 720 3907 actibus
744 3851 853 3907 nostro
883 3845 1000 3908 iudicio
1024 3844 1235 3927 comparando
1265 3843 1445 3907 satisfacere
1475 3850 1674 3907 recusarunt.

273 3946 306 4008 in
329 3946 487 4010 sententia
510 3946 635 4030 capitali
650 3952 762 4010 contra
783 3948 1004 4030 generationes
1020 3947 1112 4011 Starlr
1135 3952 1168 4011 et
1187 3947 1310 4011 Scelrwl
1333 3953 1365 4011 et
1386 3967 1496 4011 eorum
1520 3952 1672 4029 cognatos

272 4049 462 4131 generaliter
473 4050 577 4114 tacere
589 4049 848 4113 commiseramus
863 4051 1036 4131 convictos,
1052 4056 1084 4114 et
1096 4051 1206 4114 eadem
1218 4050 1380 4133 generatio
1393 4071 1465 4114 cum
1483 4050 1674 4133 quibusdam

272 4151 333 4217 sibi
355 4152 600 4217 adhaerentibus
623 4153 701 4215 nihil
724 4153 926 4217 advertentes
957 4154 996 4218 de
1022 4155 1113 4217 tactis
1134 4154 1304 4239 prioribus,
1334 4155 1387 4218 sed
1412 4155 1518 4238 potius
1540 4154 1573 4215 in
1597 4172 1674 4235 aug·

273 4264 416 4321 mentum
447 4257 606 4322 ulterioris
629 4257 703 4320 mali
733 4264 765 4321 et
786 4257 875 4341 pravi
907 4259 979 4322 facti
1003 4263 1036 4322 et
1065 4258 1183 4341 publici
1210 4259 1359 4340 criminis,
1389 4259 1422 4321 in
1446 4277 1529 4321 anno
1553 4256 1672 4319 domini

154 4433 157 4437 ,
203 4370 237 4423 35
272 4339 314 4424 X.
338 4339 423 4425 ΟΟἶῖ.
445 4339 555 4425 XXX.
578 4338 665 4424 vili.
689 4367 782 4424 sexta
803 4362 1043 4446 tcmaproxima
1065 4362 1269 4426 antefactum
1294 4362 1378 4427 beati
1401 4362 1529 4426 Martini
1551 4361 1674 4424 confes·

273 4465 383 4542 soris')
413 4466 622 4545 attendentes,
646 4465 730 4528 viam
753 4464 948 4530 infidelitatis
970 4486 1034 4529 non
1057 4466 1269 4549 postergando
1293 4467 1325 4528 in
1349 4466 1573 4530 detrimentum
1597 4465 1674 4528 civi·

273 4570 346 4633 tatis
368 4570 473 4653 regiae
495 4569 683 4653 praedictae,
706 4571 805 4653 ipsam
830 4570 952 4634 occulte
968 4576 1000 4634 et
1019 4569 1128 4634 dolose
1150 4571 1305 4635 intrantes
1327 4571 1411 4653 ignis
1432 4568 1580 4633 incendio
1603 4587 1671 4632 eam

272 4678 478 4755 exusserunt,
501 4672 667 4737 Nicolaum
684 4678 717 4737 et
731 4673 863 4737 Petrum
885 4673 968 4736 filios
990 4673 1082 4736 Starlr
1098 4694 1171 4737 cum
1195 4674 1264 4737 aliis
1285 4675 1440 4757 proximis
1455 4693 1566 4737 eorum
1582 4672 1674 4736 bonis

273 4794 369 4858 quarn
398 4777 545 4861 pluribus
567 4777 680 4841 acerba
701 4784 804 4842 morte
833 4777 1026 4841 horribiliter
1055 4784 1291 4862 oppresserunt,
1321 4778 1531 4861 plurimorum
1555 4777 1672 4841 civium

202 4888 238 4942 40
272 4885 305 4944 et
326 4880 486 4964 hospitum
510 4886 573 4945 tam
596 4883 756 4965 potiorum
787 4903 883 4964 quam
907 4888 939 4946 et
960 4883 1095 4946 aliorum
1122 4883 1311 4965 simplicium
1335 4883 1504 4946 contractis
1527 4881 1674 4944 domibus

271 4984 388 5049 ibidem
417 4985 632 5068 potentialiter
661 5006 757 5050 manu
781 4987 886 5050 hostili
910 4986 992 5049 bona
1016 5006 1127 5049 eorum
1149 4987 1278 5069 penitus
1308 4986 1500 5066 aufferendo,
1531 4988 1576 5049 sic
1599 5005 1671 5049 cnm

271 5089 389 5173 praeda
409 5108 476 5152 non
491 5090 622 5153 minima
644 5091 744 5173 ipsam
759 5090 920 5154 civitatem
943 5096 1101 5154 exarantes
1116 5090 1288 5173 fugierrrut
1311 5088 1360 5162 De
1376 5090 1488 5153 ultimo
1511 5090 1671 5162 eaedem⁴l

428 5261 449 5329 ¹)
467 5264 537 5315 1338
553 5260 637 5329 Aper
654 5266 679 5316 6.

427 5348 449 5417 ²)
472 5347 605 5418 Vorlape:
621 5348 708 5402 iudici.

201 5434 236 5488 45
427 5438 449 5502 ⁸)
467 5434 618 5490 November
635 5439 660 5490 6.

426 5523 448 5591 ⁴)
471 5521 602 5592 Verlupc:
621 5523 721 5577 eadem.
