4088 6292
961 549 1116 643 Q

991 770 1076 854 etr.

411 955 501 1026 Rom
528 954 580 1025 bct
607 952 837 1025 SooktPeter
864 956 968 1024 1295
995 953 1185 1026 November
1210 958 1267 1025 14.
1302 955 1411 1045 Popst
1437 955 1591 1043 Bonisoe
1625 953 1734 1025 VIII.

335 1075 487 1146 erwdbat
527 1081 629 1146 nater
664 1075 730 1145 dou
766 1075 842 1144 dem
874 1074 1088 1161 dbrbtsobof
1115 1097 1180 1145 oon
1219 1073 1320 1146 Gran
1359 1074 1582 1146 uomr'ttcldor
1617 1080 1735 1146 unter-

333 1197 516 1268 steboadeo
533 1196 687 1268 Kircbea
715 1195 779 1267 dos
796 1195 939 1266 Kloster
965 1194 1005 1265 de
1023 1193 1315 1288 Kolosmouostra,
1342 1197 1398 1267 die
1423 1195 1661 1289 praepositura
1679 1194 1735 1267 Oi·

334 1316 505 1389 biniensis
532 1318 606 1387 aad
631 1318 687 1388 die
709 1316 890 1387 Dekoaote
908 1314 1121 1387 Cibiniensis
1148 1322 1182 1387 et
1207 1314 1474 1388 Brassoviensis
1501 1315 1734 1388 ecclesiarum.
1770 1334 1786 1385 5

412 1437 542 1510 Datum
559 1435 689 1509 Romae
708 1438 799 1532 apud
818 1443 975 1509 sanctum
996 1436 1148 1530 Petrum,
1165 1435 1305 1509 XVIII.
1332 1437 1510 1510 Kalendas
1529 1435 1738 1529 Decembris

335 1559 556 1655 pontificatus
583 1558 695 1631 nostri
722 1580 813 1630 anno
840 1557 959 1651 primo.

491 1722 602 1776 Druck:
626 1722 713 1789 Feje'r
734 1720 824 1776 Codex
846 1720 897 1787 VI,
919 1725 944 1787 1,
967 1725 1020 1775 350
1039 1721 1109 1775 nacla
1128 1722 1263 1776 Herronesi
1280 1721 1428 1776 Moauskr.
1447 1721 1474 1774 B
1492 1723 1546 1776 Nr.
1565 1726 1600 1776 52
1618 1722 1693 1776 ulios
1711 1722 1738 1776 R

439 1810 493 1863 Nr.
511 1813 553 1864 61.
572 1840 606 1849 —
629 1809 718 1863 Tdrdlo
735 1808 929 1877 Mopyarorsz.
943 1807 1074 1877 primdeo
1092 1809 1136 1875 ΙΙ,
1155 1812 1197 1862 41.
1220 1808 1404 1863 Densasioau
1422 1808 1588 1862 Documerte
1606 1812 1666 1864 526.

492 1930 604 2000 Reoest:
627 1930 739 1985 Teataot
757 1946 784 1983 a.
798 1928 960 1984 Firnbaber
978 1928 1050 1984 Stet.
1068 1929 1150 1985 oreo.
1168 1930 1195 1996 I,
1214 1929 1286 1984 Seite
1303 1928 1392 1984 LXX
1398 1928 1449 1984 VI.
1470 1930 1598 1985 Pottbost
1618 1930 1736 2000 Reum
1773 1930 1806 1985 10

439 2017 493 2072 Nr.
511 2021 606 2072 24218.

995 2331 1082 2416 272.

412 2516 527 2585 1295.
566 2514 691 2585 Petras
718 2514 871 2603 Bisobos
894 2537 959 2586 voa
986 2511 1238 2605 Siebeabrtrpea
1273 2512 1452 2605 chororum
1482 2513 1538 2584 dic
1565 2511 1738 2603 Seetsorpe

335 2636 375 2708 ira
400 2635 463 2707 der
489 2634 634 2723 Psorreo'
668 2632 988 2724 Ueterwolleodors
1008 2636 1085 2707 dem
1111 2635 1355 2727 Spimteepma
1380 2658 1425 2706 aa
1451 2634 1638 2731 Bistrite.⁸

494 2800 570 2869 Θήρ.
589 2801 669 2869 Pera.
689 2799 898 2867 Kopitelarcba'o
916 2799 1084 2869 Korlsbary.
1109 2799 1198 2870 Stepel
1215 2816 1275 2854 soar
1293 2799 1455 2869 anqmoopr.
1773 2800 1806 2853 15

491 2921 603 2976 Druob:
622 2919 752 2975 &eredat
764 2920 854 2974 Series
872 2924 914 2974 32.
939 2921 1065 2988 Battydn
1083 2921 1169 2991 Lepos
1186 2921 1274 2975 eccles.
1288 2921 1332 2988 11,
1351 2924 1410 2975 503.
1433 2918 1520 2986 Feje'r
1535 2919 1625 2974 Codex
1642 2920 1693 2988 VI,
1713 2926 1737 2989 1,

438 3012 498 3063 368.
527 3008 640 3062 Teatsct
658 3026 685 3062 a.
705 3007 867 3062 Fa'rababcr
886 3007 957 3063 see.
981 3006 1063 3062 oreo.
1082 3007 1108 3075 I,
1128 3012 1186 3062 191.

371 3196 372 3199 Ἴ
493 3129 605 3199 Repeet:
627 3129 790 3185 Tdrttoelmi
808 3129 853 3183 trtr
871 3133 948 3198 1889,
966 3133 1026 3184 575.

491 3305 541 3369 Ita
566 3324 625 3369 nos
647 3306 796 3369 horrendi
820 3306 960 3370 criminis
982 3306 1131 3369 atrocitas
1153 3305 1398 3388 plebesanorum
1421 3305 1460 3367 de
1482 3304 1626 3367 inferiori
1649 3303 1737 3367 Wal-

336 3407 409 3470 dori
437 3410 591 3492 astring't
620 3415 657 3472 ut
679 3410 930 3493 parricidialibus
960 3411 1114 3494 exemplis
1144 3410 1339 3474 detestemur
1364 3409 1492 3472 eosdem
1514 3412 1547 3471 et
1568 3407 1733 3471 ecclesiam
1770 3414 1804 3468 20

335 3512 510 3576 eorundem
545 3520 719 3595 utcumque
750 3514 942 3597 destitutam,
974 3515 1188 3578 indicaremus
1221 3513 1408 3577 desolationi
1442 3511 1734 3593 derelinquendam.

336 3614 398 3679 Sed
419 3636 479 3679 nos
501 3616 617 3681 Petrus
639 3617 840 3680 miseratione
863 3618 972 3681 divina
994 3619 1160 3702 episcopus
1175 3617 1403 3680 Transiluanus
1424 3634 1535 3679 eorum
1551 3615 1735 3703 sacrilegam

336 3720 600 3784 consuetudinem
616 3721 819 3799 declinantes,
843 3722 987 3805 religioni
1009 3722 1238 3785 ecclesiasticae
1258 3721 1411 3784 duximus
1434 3717 1676 3800 consulendum,
1699 3724 1737 3781 ut

336 3823 467 3905 privatis
496 3824 582 3906 ipsis,
614 3825 669 3905 qui
698 3826 782 3889 ferro
813 3845 926 3890 necare
954 3826 1133 3889 didicerunt
1161 3830 1304 3908 pastores
1326 3831 1359 3888 et
1384 3823 1556 3903 ministros,
1587 3841 1625 3886 eo
1649 3822 1737 3904 quod

336 3925 417 3989 duos
439 3928 619 3991 successive
642 3928 870 3993 interfecerunt
888 3930 1076 4009 sacerdotes
1098 3934 1261 3991 curatores
1276 3928 1395 3991 scilicet
1410 3946 1542 3990 suarum
1558 3927 1735 3988 animarum
1771 3933 1805 3986 25

335 4036 368 4092 et
381 4049 484 4092 unum
499 4030 658 4113 clericum,
681 4033 750 4097 inre
765 4033 997 4117 praesentandi,
1018 4052 1114 4115 quam
1129 4051 1170 4095 ex
1187 4031 1419 4095 consuetudine
1436 4035 1539 4094 terrae
1554 4029 1736 4093 retinebant

336 4133 375 4196 ab
398 4135 599 4199 extrinsecus
621 4136 732 4220 positis
755 4135 980 4217 sacerdotibus,
1011 4136 1158 4199 videlicet
1180 4155 1199 4197 a
1221 4133 1383 4218 capellano
1406 4134 1549 4218 magistri
1572 4129 1735 4217 hospitalis

336 4237 375 4301 de
397 4238 561 4319 Byzterce‚
584 4241 636 4303 eui
652 4239 797 4322 hospitali
813 4237 976 4301 ecclesiam
1000 4239 1133 4307 eandem
1148 4258 1222 4302 cum
1238 4237 1386 4301 omnibus
1401 4238 1526 4303 iuribus
1541 4238 1617 4321 suis,
1639 4237 1736 4301 salvis

336 4347 442 4404 tamen
464 4341 534 4423 hiis,
558 4361 640 4424 quae
660 4343 752 4406 nobis
775 4341 814 4405 ab
838 4341 948 4405 eadem
964 4343 1097 4405 ecclesia
1119 4343 1285 4424 debentur,
1307 4343 1530 4426 praesentibus
1551 4340 1738 4405 subiicimus

337 4448 369 4507 et
383 4445 559 4508 subiectam
574 4466 643 4510 esse
659 4445 856 4509 ostendimus
871 4445 1075 4528 gubernetur,
1096 4453 1132 4509 ut
1147 4447 1227 4510 tanti
1243 4446 1361 4509 luroris
1376 4447 1508 4510 materia
1522 4445 1736 4527 subtrahatur,
1773 4452 1808 4506 30

336 4549 362 4611 si
385 4568 529 4631 persona,
551 4550 584 4612 in
612 4570 709 4632 quam
731 4550 831 4633 possit
852 4550 930 4612 haec
952 4550 1105 4614 acerbitas
1127 4550 1311 4633 perpetrari,
1342 4552 1520 4615 consistens
1542 4550 1659 4613 ibidem
1684 4550 1738 4613 de·

335 4651 432 4716 tuerit
453 4653 505 4717 vel
529 4653 653 4717 deficiat
675 4660 707 4718 et
728 4654 762 4717 in
786 4672 881 4734 quem
899 4653 950 4716 vel
969 4653 1003 4715 in
1020 4673 1101 4735 quos
1116 4654 1251 4718 ulterius
1266 4654 1460 4735 desaeviant
1483 4673 1549 4717 non
1565 4653 1735 4718 habebunt

335 4755 436 4837 Egeat
449 4757 558 4838 itaque
573 4759 692 4841 proprii
707 4757 879 4822 sacerdotis
891 4756 1049 4837 subsidiis,
1064 4758 1121 4821 sed
1136 4777 1202 4821 nou
1217 4757 1343 4822 deficiat
1356 4758 1485 4822 aliunde
1496 4756 1736 4842 praestolandis

336 4859 471 4943 Propter
494 4861 581 4941 quod
605 4867 640 4925 tu
662 4860 707 4924 fili
729 4861 880 4944 magister
902 4860 1064 4943 hospitalis
1086 4861 1265 4943 praedictae
1287 4862 1439 4926 ecclesiae
1456 4863 1490 4924 iu
1505 4863 1565 4925 hoc
1580 4867 1667 4924 statu
1681 4880 1738 4942 po-

336 4964 414 5027 sitae
444 4965 656 5029 ministerium
686 4965 780 5029 officii
809 4965 843 5026 in
866 4965 936 5048 ipsa
956 4962 1047 5047 plebe
1071 4965 1126 5027 tibi
1149 4965 1306 5029 creditum
1328 4984 1402 5029 cum
1425 4985 1550 5030 summo
1572 4964 1735 5047 religionis
1771 4972 1805 5024 35

335 5066 450 5130 affectu
472 5067 645 5150 dispenses,
669 5074 706 5131 ut
727 5075 889 5149 tamquam
910 5067 1013 5131 fidelis
1046 5068 1277 5132 dominicorum
1305 5069 1497 5133 talentorum
1528 5069 1737 5151 dispensator,

336 5169 544 5253 multiplicato
567 5171 686 5234 talento
709 5171 819 5235 audire
841 5171 1000 5253 merearis,
1022 5172 1106 5235 intra
1128 5173 1161 5234 in
1181 5173 1334 5255 gaudium
1356 5173 1476 5236 domini
1499 5174 1555 5237 tui.
1584 5172 1624 5236 In
1646 5173 1739 5235 ouius

337 5273 384 5336 rei
398 5273 615 5337 testimonium
635 5282 667 5338 et
681 5280 868 5358 perpetuam
882 5275 1063 5339 firmitatem
1082 5281 1264 5359 praesentes
1279 5278 1496 5341 concessimus
1510 5277 1619 5341 literas
1634 5275 1737 5359 sigillo

336 5383 445 5441 nostro
468 5379 678 5462 consignatas.
715 5377 834 5443 Datum
862 5398 945 5442 anno
969 5379 1089 5443 domiui
1111 5356 1211 5444 llud
1233 5381 1439 5464 nonagesImo
1464 5381 1585 5464 quinto.
