4106 6294
925 607 1081 705 ‚ar-

458 797 526 863 Nos
548 796 711 880 Nycolaus
742 799 879 863 vaivoda
899 798 1144 863 Transsiluanus
1175 803 1208 861 et
1229 817 1336 862 comes
1358 798 1397 862 de
1424 798 1535 862 Zonulr
1558 798 1670 862 damus
1680 796 1701 876 ¹)

302 922 360 986 pro
371 901 392 980 ¹)
414 903 575 983 memoria,
599 904 684 984 quod
708 925 781 968 cum
804 904 844 968 ad
866 904 1050 967 instantiam
1072 903 1196 966 comitis
1217 901 1329 966 Jacobi
1350 900 1408 964 filii
1430 904 1501 984 Apa
1522 902 1702 982 Nyeolaum

304 1006 344 1071 de
366 1006 516 1070 Machlras
538 1007 698 1070 hominem
720 1012 866 1071 nostrum
889 1006 929 1070 ad
951 1004 1184 1087 prohibendum
1210 1005 1345 1088 populos
1375 1006 1544 1087 utriusque
1565 1004 1703 1069 Ladislai

304 1110 529 1193 magistrorum
552 1109 690 1174 liliorum
711 1110 849 1174 Ladislai
872 1109 1033 1192 quondam
1056 1109 1210 1172 vaivodae
1231 1108 1448 1173 Transsiluani
1462 1109 1586 1190 Wyche
1608 1115 1641 1172 et
1662 1109 1702 1172 de

252 1226 269 1278 5
307 1212 414 1277 Chaba
435 1214 474 1277 ab
496 1214 609 1277 usibus
631 1218 663 1277 et
683 1212 873 1276 utilitatibus
894 1214 1131 1296 possessionum
1154 1212 1297 1277 eiusdem
1319 1213 1442 1276 comitis
1464 1211 1575 1275 Jacobi
1593 1211 1703 1275 Babus

304 1322 336 1381 et
346 1316 438 1381 Beud
454 1322 638 1381 vocatarum
649 1316 670 1393 ²)
687 1315 823 1379 Sabbata
840 1317 985 1400 proximo
998 1322 1070 1380 ante
1086 1317 1284 1379 nativitatem
1300 1314 1409 1379 beatae
1421 1316 1554 1399 virginis
1563 1317 1584 1393 ³)
1600 1322 1702 1379 trans-

304 1420 510 1503 misissemus,
539 1421 625 1486 idem
655 1422 749 1485 homo
771 1426 880 1484 noster
901 1422 971 1503 ipso
994 1420 1045 1483 die
1068 1420 1107 1482 ad
1130 1439 1190 1482 nos
1211 1438 1360 1482 reversus
1382 1419 1475 1483 nobis
1498 1419 1589 1500 dixit,
1616 1419 1703 1501 quod

304 1543 401 1608 supra
422 1524 535 1589 faciem
558 1526 791 1609 praedictsnrm
812 1524 1050 1608 possessionum
1074 1523 1197 1586 comitis
1219 1522 1331 1586 Jacobi
1353 1524 1537 1586 accessisset
1558 1529 1591 1586 et
1612 1540 1703 1606 prae-

305 1628 407 1692 dictos
429 1628 565 1711 populos
587 1629 626 1693 de
648 1628 773 1711 Wyche
805 1633 838 1692 et
869 1628 909 1692 de
932 1626 1039 1690 Chaba
1068 1626 1107 1689 ab
1139 1626 1287 1689 omnibus
1317 1627 1429 1691 usibus
1459 1632 1492 1690 et
1512 1626 1703 1690 utilitatibus

236 1744 270 1798 10
305 1732 478 1796 earundem
501 1752 520 1795 a
549 1732 644 1795 modo
674 1732 803 1795 utendis
826 1736 858 1796 et
879 1730 1092 1815 percipiendis
1112 1728 1246 1793 firmiter
1270 1730 1490 1813 prohibuisset.
1528 1729 1647 1794 Datum
1668 1731 1702 1792 in

303 1833 463 1913 Deeswan
486 1835 622 1900 Sabbata
638 1842 833 1919 praenotato,
856 1854 940 1898 anno
956 1834 1076 1897 domini
1099 1811 1140 1897 ll
1163 1811 1248 1897 CCC.
1270 1812 1343 1896 xi.

458 1974 534 2057 Aaf
550 1973 605 2037 der
615 1972 789 2037 Rdclcscite:
811 1972 1076 2037 Prohibitionalss
1092 1992 1149 2054 pro
1165 1972 1279 2035 comite
1290 1971 1410 2036 Jacoho
1425 1972 1491 2036 filio
1507 1973 1577 2056 Apa
1592 1978 1703 2035 contra

304 2078 441 2162 populos
464 2077 504 2141 de
526 2077 650 2159 Wyche
673 2079 766 2142 etde
790 2077 903 2141 Chaha.

956 2370 1053 2453 344.

236 2560 268 2613 15
380 2538 489 2607 1315.
516 2535 594 2607 Dus
621 2534 919 2607 Grosswordciaer
945 2535 1090 2626 Kupitel
1116 2534 1262 2625 bossuyt,
1290 2535 1372 2607 dass
1394 2536 1512 2607 Comes
1528 2534 1704 2608 Rauoldaa

305 2658 361 2729 dia
387 2657 618 2747 Besitaaapca
645 2655 852 2742 Sadsaultau,
888 2657 1038 2729 Komlod
1067 2657 1141 2728 aad
1167 2655 1396 2747 Napyayalus
1423 2657 1498 2728 dem
1535 2655 1703 2729 Weissen-

304 2778 429 2869 burpcr
454 2778 600 2869 Kapitel
624 2778 797 2849 uermnsbt
823 2778 892 2848 but.

463 2940 540 3011 erip.
553 2942 634 3011 Parq.
653 2940 862 3011 Kopitelorclu'v
874 2940 1041 3010 Karlsburq.
1060 2940 1149 3011 Siapal
1160 2958 1220 2995 war
1232 2942 1395 3012 uafflbdapt,
1413 2942 1450 2996 ist
1461 2942 1608 2997 miluinam
1621 2943 1704 2997 &aab

409 3028 573 3097 Perpernam
592 3028 801 3098 abpascbnittco.

236 3145 271 3199 20
466 3148 691 3219 Usuallstdndiqr
709 3149 839 3204 Saeradua'
857 3149 969 3203 Notata
985 3155 1028 3204 23.
1055 3150 1141 3217 Pejor
1162 3150 1252 3205 Codes
1275 3151 1362 3218 VIII,
1381 3155 1406 3218 1,
1423 3156 1484 3205 574.

462 3269 574 3339 Bepeat:
596 3271 758 3325 Tdrttnelau'
776 3272 822 3325 ἰών
841 3276 917 3338 1889,
935 3276 995 3326 681.

461 3444 644 3529 Capitulum
667 3448 817 3511 ecclesiae
839 3448 1045 3511 Varadiensis
1076 3447 1225 3511 omuibus
1248 3448 1363 3512 Christi
1385 3448 1532 3512 fidelibus
1554 3468 1704 3533 praesens

306 3549 460 3633 scriptum
482 3550 674 3632 inspecturis
697 3550 832 3614 salutem
855 3552 886 3613 in
912 3552 1054 3614 omnium
1070 3551 1235 3616 salvatore.
1257 3552 1309 3615 Ex
1332 3551 1479 3616 rabidius
1494 3552 1704 3635 protoplausti

308 3652 491 3716 defectuosa
513 3654 680 3735 posteritas
703 3653 736 3715 in
761 3660 884 3717 tantum
908 3655 1066 3718 defectum
1089 3656 1218 3719 devenit
1240 3656 1415 3738 caliginem,
1447 3662 1573 3719 utnon
1600 3655 1703 3718 solum

237 3763 271 3817 25
307 3754 502 3820 diuturnitas
532 3762 711 3841 temporum
740 3776 854 3820 verum
884 3759 977 3821 etiam
1010 3759 1136 3842 elapsus
1159 3759 1228 3823 eius
1250 3760 1434 3822 memoriam
1461 3757 1626 3823 obnubilet
1648 3758 1704 3821 ali-

307 3859 410 3941 qualis
434 3865 466 3923 et
488 3859 639 3922 oblivioni
656 3860 767 3943 undat
792 3861 877 3942 quod
901 3862 930 3925 ei
946 3868 1014 3925 erat
1028 3863 1183 3926 creditum
1206 3869 1239 3927 et
1260 3864 1460 3947 impressum
1483 3869 1704 3927 verumtamen

304 3981 346 4026 ex
368 3963 512 4027 altissimi
545 3964 717 4027 conditoris
750 3966 891 4027 omnium
923 3966 977 4046 qui
1002 3966 1079 4028 nihil
1102 3968 1170 4031 siue
1192 3967 1324 4030 remedii
1351 3966 1505 4030 solamine
1535 3967 1704 4048 dereliquit

305 4066 507 4150 providentia
528 4066 659 4131 influxit
680 4068 841 4131 mentibus
856 4069 1050 4152 prudentum
1072 4070 1228 4133 instinctu
1249 4070 1336 4133 illius
1358 4089 1469 4134 eorum
1485 4070 1625 4133 sollertia
1647 4070 1702 4134 ad-

305 4171 437 4252 invenit
461 4177 497 4233 ut
518 4177 608 4254 gesta
630 4172 795 4235 hominum
819 4171 1007 4236 donationes
1029 4178 1062 4236 et
1079 4173 1184 4256 legata
1199 4174 1449 4255 qualescumque
1472 4173 1615 4255 legaliter
1629 4173 1703 4237 iacti

235 4280 270 4335 30
306 4281 489 4339 contractus
511 4276 713 4358 pragmaticis
729 4276 934 4340 munimentis
950 4276 1127 4339 solidentur
1142 4283 1174 4340 et
1188 4279 1473 4339 instrumentorum
1488 4296 1525 4339 ac
1540 4276 1703 4339 literarum

304 4377 377 4441 fidei
400 4378 594 4443 adhibitione
617 4385 771 4463 perpetuo
795 4380 1065 4444 commendentur.
1088 4379 1227 4443 Proinde
1250 4380 1289 4443 ad
1312 4380 1536 4443 universorum
1558 4380 1703 4443 notitiam

305 4487 369 4544 tam
400 4483 616 4565 praesentium
647 4503 743 4564 quam
772 4484 955 4546 futurorum
986 4483 1099 4546 harum
1129 4485 1210 4547 serie
1239 4484 1389 4547 volumus
1411 4484 1587 4567 pervenire,
1617 4483 1704 4564 quod

305 4585 421 4649 nobilis
451 4587 502 4648 vir
524 4605 630 4650 comes
652 4586 817 4651 Renoldus
847 4586 933 4650 filius
954 4586 1110 4651 Johannis
1133 4587 1172 4651 de
1195 4607 1311 4670 genere
1333 4587 1576 4652 Kukeneieenld
1597 4605 1703 4649 coram

306 4687 399 4753 nobis
421 4691 631 4773 personaliter
653 4692 846 4755 constitutus
868 4691 1014 4774 religiose
1037 4691 1180 4774 cogitans
1202 4696 1329 4755 terrena
1354 4690 1544 4755 caelestibus
1567 4696 1704 4773 tempor-

236 4801 270 4855 35
305 4792 432 4875 aliaque
455 4793 673 4877 spiritualibus
688 4800 883 4858 commutare
905 4795 1081 4876 volensque
1097 4794 1258 4859 Christum
1273 4794 1333 4858 sibi
1348 4795 1541 4858 constituere
1556 4793 1704 4857 heredem

307 4896 461 4978 quasdam
491 4897 583 4961 villas
613 4917 688 4962 suas
709 4898 741 4960 in
773 4898 918 4961 districtu
947 4898 1185 4980 possessionum
1214 4918 1354 4981 suarum,
1383 4899 1418 4962 in
1444 4896 1587 4982 partibus
1607 4896 1705 4960 Tran-

306 5000 439 5066 siluanis
462 5002 669 5065 existentium
692 5001 890 5083 constitutas,
913 5001 1061 5065 videlicet
1074 5002 1201 5085 Almay,
1223 5001 1388 5066 Kumloud
1410 5008 1442 5065 et
1456 5000 1558 5064 Nulas
1577 5005 1704 5064 vocatas

305 5100 379 5168 cum
402 5105 551 5169 omuibus
582 5104 773 5169 utilitatibus
804 5110 836 5168 et
858 5105 1058 5188 pertinentiis
1080 5105 1148 5169 suis
1171 5104 1230 5169 sub
1257 5105 1364 5187 signis,
1394 5105 1487 5168 metis
1516 5122 1553 5167 ac
1575 5102 1704 5167 distino

306 5208 447 5272 tionibus
468 5209 571 5272 cultas
593 5228 630 5272 aa
652 5210 791 5292 signatas
814 5207 853 5272 ab
874 5209 1007 5291 antiquo
1024 5210 1168 5290 donasse,
1185 5208 1318 5291 dedisse,
1340 5207 1509 5289 rehquisse
1531 5227 1568 5271 ao
1582 5206 1704 5291 legasse

238 5343 274 5399 40
466 5344 486 5411 ¹)
509 5343 595 5400 Uaber
611 5343 661 5398 der
678 5343 754 5399 aaut
770 5342 978 5414 adduamque.

463 5431 486 5499 ¹)
504 5430 636 5497 Hiaraav‘
648 5430 898 5501 dardrqestn'cbca:
914 5430 990 5485 'Iram

461 5517 484 5591 ⁸)
502 5515 655 5587 sauata
672 5521 698 5575 6.
