4084 6302
937 592 1090 686 „ur-

310 784 518 848 Transiluano
550 790 582 846 et
612 783 698 846 vices
728 802 838 845 comm
867 780 1051 863 gerentibus
1081 780 1259 861 ceterisque
1289 779 1448 843 iudicibus
1479 783 1511 842 et
1536 777 1713 842 iustitiariis

313 889 401 971 regni
430 889 538 967 nostri,
570 886 748 969 specialiter
770 886 801 947 in
827 885 969 968 partibus
991 883 1208 947 Transiloanis
1231 882 1443 946 existentibus
1474 901 1562 945 nune
1593 888 1625 946 et
1655 902 1712 966 pre

312 1000 453 1075 tempore
484 991 674 1069 constitutis,
709 989 825 1070 quibus
856 994 1038 1072 praesentes
1068 986 1292 1067 ostenduntur,
1327 987 1413 1069 regio
1446 985 1549 1049 edicto
1579 984 1712 1050 firmiter

311 1096 523 1179 praecipimus
553 1114 610 1178 per
638 1101 830 1176 praesentes
861 1098 1021 1174 quatenus
1051 1092 1170 1154 dictum
1202 1092 1349 1153 comitem
1379 1088 1547 1153 Nicolaum
1570 1089 1649 1153 Wos
1680 1096 1713 1154 et

258 1209 273 1259 n
310 1200 392 1263 filios
415 1219 492 1262 suos
514 1200 636 1261 ratione
660 1198 893 1280 praedictarum
922 1197 1159 1279 possessionum
1182 1213 1223 1258 ex
1251 1200 1360 1263 nostra
1382 1193 1576 1277 benignitate
1598 1194 1709 1277 eidem,

310 1303 454 1385 exceptis
477 1303 622 1385 personis
643 1302 779 1364 fratrum
801 1308 833 1364 et
863 1300 1173 1383 consanguineorum
1196 1317 1337 1379 suorum,
1360 1296 1546 1361 collatarum
1571 1298 1712 1363 iudicare

310 1407 360 1469 vel
385 1413 491 1470 vestro
514 1411 617 1469 astare
646 1405 763 1468 iudicio
794 1411 905 1468 contra
935 1402 1095 1486 quoshbet
1117 1404 1230 1466 iratres
1253 1409 1285 1466 et
1306 1402 1471 1485 proximos
1497 1422 1574 1467 suos
1597 1403 1711 1486 quavis

310 1510 394 1573 linea
415 1510 629 1593 generationis
653 1510 756 1592 ipsum
778 1509 998 1590 contingentes
1014 1507 1204 1591 compellere
1220 1506 1404 1571 nullatenus
1425 1508 1643 1591 praesumatis.
1667 1507 1709 1572 at

309 1615 335 1676 si
361 1614 414 1695 qni
439 1633 481 1677 ex
498 1612 649 1677 fratribus
665 1621 697 1677 et
712 1613 867 1696 proximis
883 1613 957 1676 dicti
973 1612 1098 1676 comitis
1114 1611 1236 1675 Nicolai
1251 1610 1382 1692 aliquod
1396 1610 1476 1674 iuris
1491 1615 1547 1674 aut
1568 1612 1710 1695 proprie-

244 1727 274 1778 10
310 1719 384 1781 tatis
407 1718 572 1799 acquirere
602 1724 658 1780 aut
680 1717 849 1780 vendicare
872 1716 932 1780 sibi
955 1716 1075 1780 vellent
1096 1716 1130 1778 in
1153 1714 1273 1778 eisdem
1295 1720 1352 1777 aut
1378 1714 1582 1795 acquirerent
1603 1733 1710 1779 coram

309 1822 408 1903 vobis,
432 1842 490 1884 vos
505 1821 635 1905 penitus
649 1820 839 1884 retrahendo
855 1821 894 1884 de
909 1822 978 1903 ipso
997 1820 1125 1901 iudicio,
1147 1820 1180 1882 in
1196 1818 1229 1881 id
1244 1823 1356 1882 contm
1370 1818 1504 1881 formam
1520 1819 1711 1902 praemissae

307 1931 435 1989 nostrae
465 1924 643 1989 collationis
673 1924 761 1988 nullo
793 1924 886 1988 modo
915 1924 1125 1988 intromittere
1155 1924 1308 2005 audeatis,
1341 1923 1438 1986 immo
1469 1922 1571 1987 eidem
1601 1924 1709 1988 comiti

307 2028 438 2093 Nicolao
462 2029 562 2092 dictas
583 2029 800 2113 possessiones
822 2028 951 2113 pacifice
974 2034 1006 2093 et
1029 2028 1144 2110 quiete,
1172 2033 1269 2111 prout
1291 2046 1348 2111 per
1369 2047 1429 2090 nos
1451 2026 1554 2090 eidem
1576 2026 1709 2092 collatae

308 2133 509 2214 exstiterunt,
537 2139 648 2197 contra
670 2132 830 2214 quoslibet
851 2133 965 2196 fratres
987 2138 1019 2195 ct
1041 2134 1204 2215 proximos
1227 2151 1303 2195 suos
1326 2131 1487 2215 possidere
1509 2132 1709 2216 permittatis

244 2247 274 2297 ra
310 2257 403 2301 secus
434 2256 498 2299 non
522 2237 645 2300 facturi.
679 2237 760 2301 Nam
791 2237 817 2300 si
847 2255 939 2300 secus
969 2242 1080 2299 contra
1102 2237 1304 2320 praemissam
1336 2242 1478 2300 nostram
1507 2235 1708 2305 collationem

306 2341 503 2405 attentaretis
537 2341 587 2404 vel
622 2339 853 2405 attentaveritis
887 2340 1128 2422 quoquomodo,
1163 2360 1296 2422 vanum,
1334 2359 1460 2404 cassum
1492 2345 1525 2403 et
1557 2338 1707 2404 frivolum

305 2445 493 2509 anctoritate
533 2444 746 2528 praesentium
784 2444 984 2508 decernendo
1022 2444 1250 2508 committimus
1280 2443 1348 2508 fore
1382 2450 1414 2507 et
1442 2444 1546 2508 inane.
1589 2443 1708 2508 Datum

305 2548 338 2611 in
354 2548 429 2612 Alto
453 2557 566 2618 castro.
589 2548 640 2612 die
663 2549 820 2612 dominico
843 2549 991 2633 proximo
1014 2554 1086 2632 post
1108 2548 1225 2612 festum
1248 2546 1447 2631 epiphanyae
1469 2547 1599 2632 domini,
1621 2567 1707 2612 anno

307 2653 450 2717 eiusdem
472 2652 528 2716 Ml.
551 2653 651 2718 000⁰.
675 2651 845 2717 XXXX?

957 2946 1050 3031 553.

382 3115 488 3183 1340
515 3110 675 3183 Fabraor
704 3113 740 3181 8.
777 3111 855 3183 Dos
889 3109 1171 3203 Wasseaoarper
1195 3108 1342 3201 Kapitel
1367 3109 1513 3201 beasset,
1541 3111 1623 3184 dass
1650 3112 1706 3185 da

311 3231 448 3304 Wittwa
475 3231 645 3324 Stephane
670 3256 739 3305 aon
770 3232 869 3324 Gyop
894 3234 1005 3323 maipa
1032 3232 1163 3323 Horipa
1183 3232 1404 3323 fraipapebea
1430 3232 1499 3303 bol.

462 3397 539 3466 Orip.
558 3398 638 3468 Parp.
657 3397 867 3466 Kapitalarcbio
886 3396 1054 3466 Karlaburp.
1080 3396 1168 3465 Siapel
1185 3411 1245 3449 war
1263 3395 1427 3466 aayabdnpt.

458 3519 572 3589 Repest:
596 3518 915 3585 Tdrttaalmilcir·1889,
937 3522 994 3572 753.

232 3704 265 3754 ae
458 3695 640 3778 Capitulum
656 3695 807 3758 ccclesiae
817 3695 1060 3759 Transsiluanae
1076 3695 1224 3759 omnibus
1236 3695 1352 3759 Christi
1366 3690 1527 3775 fid[elibus
1538 3694 1703 3780 praesenls

303 3800 454 3882 scriptum
472 3799 662 3881 inspecturis
678 3798 813 3862 salutem
829 3800 862 3860 in
882 3798 993 3862 salutis
1009 3800 1166 3882 largitore.
1190 3800 1269 3862 Cum
1285 3796 1467 3881 redemptor
1481 3803 1591 3863 noster
1604 3799 1703 3865 Jesus

302 3902 446 3966 Christus
462 3903 559 3965 totius
572 3903 718 3965 conditor
729 3909 892 3965 creaturae
907 3902 945 3965 ad
964 3903 1022 3965 hoc
1037 3903 1226 3985 propitiatus
1238 3901 1408 3963 humanam
1421 3901 1560 3966 voluerit
1574 3923 1702 3968 carnem

300 4026 470 4081 assunmre,
493 4015 530 4070 ut
554 4007 729 4069 divinitatis
752 4026 828 4069 suae
855 4007 956 4087 gratia
975 4006 1080 4068 diruto
1104 4025 1168 4087 quo
1185 4005 1376 4068 tenebantur
1398 4007 1514 4089 captivi
1537 4008 1613 4091 iugo
1635 4027 1702 4072 ser·

301 4110 411 4173 vitutis
434 4111 584 4193 pristinae
608 4131 666 4173 nos
691 4111 872 4173 restitueret
894 4109 1040 4189 libertati,
1063 4109 1233 4172 salubriter
1256 4110 1353 4191 igitur
1368 4109 1481 4191 agitur,
1504 4110 1535 4172 hi
1558 4110 1702 4176 homines

230 4218 265 4272 30
301 4234 381 4295 quos
393 4213 432 4276 ab
445 4214 533 4276 initio
552 4221 664 4278 natura
679 4214 795 4277 liberos
811 4214 943 4296 protulit
959 4220 989 4277 et
1006 4214 1055 4276 ius
1072 4214 1213 4295 gentium
1227 4214 1301 4297 iugo
1317 4213 1523 4278 substituitur
1538 4217 1702 4282 servitutis

299 4318 331 4379 in
355 4338 393 4381 ea
424 4337 488 4399 qna
518 4318 582 4380 nati
612 4318 739 4381 fuerant
770 4318 1022 4381 manumittentis
1051 4316 1203 4381 beneficio
1227 4315 1364 4380 libertati
1392 4316 1571 4381 reddantur.
1616 4319 1701 4384 Hinc

299 4430 347 4485 est
369 4423 467 4503 igitur
491 4421 576 4503 qnod
599 4422 637 4483 ad
662 4422 885 4484 universorum
909 4421 1052 4484 notitiam
1077 4427 1140 4482 tam
1159 4421 1374 4503 praesentium
1398 4440 1494 4502 quam
1517 4421 1699 4489 futurormn

298 4525 409 4588 harum
434 4526 514 4589 serie
539 4525 688 4589 volumus
711 4526 887 4609 pervenire,
911 4525 996 4607 quod
1020 4544 1094 4588 cum
1117 4523 1233 4588 nobilis
1255 4524 1384 4588 domina
1405 4525 1516 4591 relicta
1538 4529 1700 4609 quondam

298 4627 448 4710 Stephani
470 4627 527 4690 filii
550 4628 713 4692 Samsonis
736 4628 851 4691 nobihs
874 4628 914 4693 de
937 4629 1030 4712 Gyog
1055 4629 1210 4712 superiori
1234 4630 1330 4692 misso
1353 4628 1393 4692 ad
1415 4648 1476 4692 nos
1498 4630 1616 4694 nuncio
1639 4651 1699 4697 suo

228 4738 262 4792 35
300 4732 390 4795 nobis
420 4731 581 4795 humiliter
611 4732 828 4816 snpphcasset,
860 4738 894 4796 ut
927 4734 980 4814 qui
1011 4733 1194 4796 infirmitate
1225 4733 1426 4816 praepeditus
1435 4733 1457 4809 ¹)
1487 4733 1527 4797 ad
1558 4739 1698 4800 nostram

297 4837 508 4918 praesentiam
534 4836 684 4900 accedere
711 4844 743 4900 et
765 4856 803 4900 ea
826 4856 908 4918 quae
931 4839 1108 4902 necessario
1131 4838 1237 4901 forent
1258 4836 1440 4901 confitenda
1464 4835 1609 4901 confiteri
1632 4857 1697 4903 non

297 4940 417 5003 valeret
440 4940 598 5003 hominem
623 4946 768 5004 nostrum
791 4940 943 5005 idoneum
965 4942 1120 5025 adipeam
1144 4942 1303 5005 destinare
1326 4942 1531 5025 dignaremur
1552 4943 1697 5027 horam,³)

297 5064 361 5126 quo
391 5044 524 5108 eandem
554 5041 581 5125 sl
762 5044 853 5128 lret³l
883 5052 980 5127 atque
1013 5044 1226 5109 confiteretur.
1263 5046 1366 5129 Igitur
1395 5065 1454 5110 nos
1488 5047 1696 5131 petitionibus

296 5148 438 5212 eiusdem
469 5148 585 5211 nobilis
615 5149 762 5212 doarium
785 5149 878 5213 iustis
900 5157 932 5214 et
961 5150 1110 5233 legitimis
1137 5157 1173 5213 ut
1195 5156 1343 5214 tenemur
1363 5150 1508 5215 inchoati
1537 5152 1577 5216 ad
1606 5152 1698 5216 audi·

225 5300 261 5356 40
453 5263 628 5370 uiuam:
645 5302 799 5370 praepedus.

451 5388 473 5456 ¹)
497 5386 628 5457 Vorlope:
646 5403 726 5442 oram.

451 5476 473 5542 ¹)
490 5473 591 5542 Meae,
608 5477 656 5530 27
673 5473 832 5533 &utimr
850 5475 928 5533 broit.
