4048 6284
888 584 1043 678 —25—

416 771 581 835 Honorius
603 771 772 855 episcopus
788 821 888 835 .....
904 772 1078 837 venerabili
1100 773 1190 836 tratri
1206 818 1214 835 .
1231 770 1271 848 st)
1287 773 1435 856 episcopo
1450 771 1666 836 Uitrasilrano

263 875 398 940 salutem
413 925 512 939 .....
529 874 622 952 Quod
644 875 750 940 dilecti
771 875 829 939 filii
852 877 1058 960 ..magister
1080 882 1112 941 et
1133 878 1247 940 iratres
1270 877 1383 940 domus
1406 882 1534 941 sanotae
1549 875 1668 941 Mariae

262 979 527 1043 Theotonicorum
557 986 674 1044 terram
702 980 788 1044 Boze
822 986 854 1045 et
883 981 968 1045 ultra
997 985 1122 1044 montes
1155 981 1279 1043 nivium
1308 986 1438 1064 propter
1470 1000 1667 1064 paganorum

261 1083 402 1148 insultas
424 1089 547 1147 vastam
568 1103 673 1166 usque
695 1085 736 1148 ad
758 1085 906 1169 proxima
935 1090 1078 1169 tempora
1100 1090 1132 1148 et
1154 1085 1311 1148 desertam
1338 1085 1463 1148 noviter
1490 1085 1666 1149 inhabitare

206 1195 225 1248 5
261 1192 423 1271 ceperunt,
445 1187 588 1271 ipsorum
617 1207 816 1271 paganorum
845 1190 966 1272 impetu
988 1207 1053 1251 non
1076 1188 1144 1251 sine
1168 1187 1269 1250 multo
1292 1188 1473 1252 discrimine
1495 1188 1664 1269 refrenato,

261 1293 307 1357 eis
329 1293 369 1355 ad
391 1292 549 1372 meritum,
579 1292 672 1356 nobis
702 1293 743 1356 ad
772 1293 925 1376 gaudium
955 1297 987 1355 et
1018 1292 1075 1354 toti
1106 1291 1224 1374 populo
1248 1290 1426 1355 Christiano
1455 1291 1605 1375 provenit
1626 1292 1665 1354 ad

259 1396 446 1481 proiectum,
474 1401 606 1480 propter
636 1397 722 1478 quod
752 1397 812 1480 ipsi
842 1397 955 1460 iratres
978 1401 1010 1460 et
1031 1395 1258 1459 inhabitatores
1288 1401 1391 1459 terrae
1413 1396 1573 1478 predictae
1599 1414 1665 1458 non

259 1506 336 1565 sunt
357 1499 533 1564 lacessendi
547 1500 681 1581 iniuriis
697 1499 753 1562 sed
774 1498 937 1563 beneficiis
959 1499 1159 1580 confovendi,
1177 1504 1336 1581 quatenus
1351 1518 1506 1563 numerus
1521 1498 1664 1562 fidelium

260 1611 377 1668 terram
398 1605 500 1688 ipsam
530 1603 775 1667 inhabitantium
796 1604 837 1667 ad
859 1623 1056 1688 paganorum
1084 1609 1237 1667 terrorem
1268 1609 1300 1667 et
1322 1603 1567 1667 Christianitatis
1589 1604 1665 1667 sub-

188 1712 225 1767 10
260 1708 378 1774 sidium
399 1708 533 1772 feliciter
554 1712 716 1791 augeatur.
740 1706 821 1770 Cum
837 1711 943 1770 antem
959 1712 1045 1770 terra
1058 1708 1128 1791 ipsa
1142 1708 1320 1771 secundum
1335 1707 1550 1789 indulgentias
1572 1707 1665 1771 dictis

259 1812 412 1876 tratribus
433 1811 473 1875 ah
496 1811 670 1895 apostolica
691 1810 766 1874 sede
788 1830 964 1892 concessae,
986 1811 1114 1874 nullum
1133 1817 1259 1893 praeter
1280 1810 1461 1874 Romanum
1482 1810 1664 1894 pontificem

262 1915 447 2000 episcopum
470 1915 584 1979 habeat
598 1914 650 1979 vel
672 1914 858 1998 praelatum,
881 1921 926 1995 tu,
948 1915 1032 1978 siout
1053 1934 1166 1979 eorum
1188 1915 1282 1978 nobis
1303 1914 1492 1996 conquestio
1507 1914 1664 1997 patefecit,

259 2020 293 2082 in
323 2037 361 2083 ea
389 2018 447 2083 tihi
478 2018 730 2082 iurisdictionem
759 2018 931 2082 indebitam
960 2038 1119 2103 usurpare
1149 2019 1362 2098 contendens,
1395 2017 1600 2101 presbyteros
1633 2023 1666 2081 et

260 2123 392 2187 clericos
412 2123 514 2206 ipsius
537 2128 640 2186 terrae
661 2123 702 2186 ad
724 2123 886 2204 synodum
908 2128 996 2186 tuam
1018 2143 1122 2205 vocas,
1142 2128 1175 2187 et
1196 2129 1261 2185 tam
1283 2121 1322 2185 ab
1345 2122 1392 2185 eis
1415 2141 1512 2203 quam
1535 2141 1555 2184 a
1576 2122 1664 2185 laicis

186 2232 221 2285 15
259 2226 398 2291 decimas
420 2232 453 2290 et
474 2226 536 2297 alia
557 2226 748 2309 episcopalia
764 2227 836 2289 iura
857 2227 968 2291 niteris
989 2233 1193 2308 extorquere,
1208 2226 1242 2289 in
1264 2244 1329 2306 eos,
1345 2227 1371 2289 si
1395 2232 1469 2290 tuae
1491 2245 1557 2289 non
1573 2227 1664 2290 satis·

258 2328 381 2394 iaciunt
409 2329 577 2411 voluntati,
606 2329 766 2393 interdicti
796 2335 829 2393 et
850 2330 1189 2394 excommunicationis
1212 2329 1386 2393 sententias
1412 2331 1452 2394 de
1474 2330 1566 2410 iacto,
1589 2349 1663 2393 cum

257 2434 299 2498 de
319 2433 390 2497 iure
412 2452 563 2515 nequeas,
592 2433 792 2517 proterendo.
837 2432 991 2497 Nolentes
1019 2434 1118 2517 igitur
1147 2433 1350 2515 aliquatenus
1381 2434 1548 2513 sustinere,
1578 2433 1664 2516 quod

256 2537 354 2602 iidem
376 2537 490 2601 iratres
519 2536 668 2619 indebite,
698 2537 884 2619 praesertim
914 2542 1026 2601 eontra
1055 2541 1181 2600 nostras
1202 2537 1418 2620 indulgentias
1444 2538 1664 2618 molestentur,

256 2641 447 2705 hatenntati
480 2647 555 2705 tuae
588 2659 646 2725 per
681 2641 855 2724 apostolica
887 2643 1004 2726 scripta
1035 2640 1169 2705 firmiter
1206 2641 1429 2725 praecipiendo
1466 2643 1663 2722 mandamus,

183 2748 220 2804 20
258 2749 420 2825 quatenus
442 2745 469 2808 si
492 2764 573 2827 quas
588 2745 670 2808 forte
691 2744 732 2808 de
754 2745 836 2808 iacto
859 2746 893 2807 in
916 2744 1047 2809 elericos
1062 2744 1115 2808 vel
1136 2743 1215 2807 alios
1230 2743 1422 2808 habitatores
1444 2744 1546 2828 ipsius
1560 2748 1663 2807 terrae

255 2847 433 2912 sententias
454 2849 625 2931 protulisti,
647 2868 701 2913 eas
723 2848 762 2912 de
784 2849 868 2913 tacto
892 2868 1023 2931 quoque
1045 2868 1111 2912 non
1134 2847 1283 2912 miserens
1304 2866 1465 2930 revocare,
1488 2847 1527 2911 ab
1551 2866 1663 2911 eorum

256 2952 443 3035 gravamine
465 2951 570 3016 taliter
592 2953 809 3034 conquiescas,
833 2954 920 3035 quod
942 2972 1002 3017 neo
1023 2954 1084 3036 ipsi
1106 2954 1223 3016 iustam
1241 2950 1379 3014 habeant
1400 2951 1565 3014 materiam
1586 2970 1663 3013 oon·

256 3055 423 3137 querendi,
438 3073 498 3119 nec
512 3075 572 3119 nos
584 3055 642 3119 tihi
657 3056 770 3119 durius
781 3055 919 3121 scrihere
931 3057 1166 3140 compellamur.
1182 3055 1245 3132 Qui
1256 3074 1330 3118 cum
1341 3055 1472 3117 domum
1487 3055 1664 3118 eorundem

253 3158 392 3221 irab'um
420 3158 466 3222 sic
494 3177 567 3223 rore
596 3165 726 3223 nostrae
754 3160 874 3243 gratiae
903 3161 1124 3244 rigaverimus,
1147 3164 1184 3222 ut
1209 3178 1280 3222 eam
1310 3159 1349 3221 de
1375 3158 1487 3222 humili
1511 3164 1596 3222 statu
1620 3160 1660 3222 ad

180 3267 216 3322 25
255 3260 359 3325 altum
382 3267 524 3345 tempore
546 3268 656 3326 nostro
686 3269 869 3346 provectam
899 3263 1127 3348 plantationem
1150 3268 1292 3325 nostram
1315 3282 1380 3325 non
1410 3263 1586 3345 incongrue
1608 3283 1663 3347 ap·

254 3364 377 3449 pollare
396 3365 566 3449 possimus,
588 3365 675 3430 illam
694 3386 733 3430 ea
746 3368 968 3450 praerogativa
983 3367 1144 3450 diligimus
1165 3367 1315 3448 cantatis,
1332 3367 1418 3448 quod
1441 3367 1511 3430 eius
1532 3367 1664 3451 indigna

252 3469 442 3552 gravamina
463 3488 528 3532 non
550 3488 718 3553 possemus
732 3472 767 3534 in
788 3472 941 3555 patientia
956 3471 1101 3535 tolerare.
1123 3469 1260 3534 Noveris
1280 3478 1396 3552 autem,
1411 3491 1472 3535 nos
1486 3473 1661 3536 venerabili

252 3573 348 3636 hatti
369 3579 480 3637 nostro
496 3618 505 3635 .
522 3572 556 3649 st)
585 3573 795 3657 Strigoniensi
817 3575 1053 3659 archiepiscopo
1075 3573 1287 3656 mandavisse,
1318 3580 1355 3638 ut
1377 3576 1439 3639 nisi
1460 3577 1554 3639 iuxta
1571 3595 1661 3640 man·

252 3676 368 3739 datum
389 3681 536 3739 nostrum
558 3679 721 3741 curaveris
744 3698 894 3743 revocare
913 3679 1096 3757 sententias,
1119 3679 1145 3741 si
1162 3698 1242 3763 quas
1256 3679 1290 3741 in
1306 3698 1401 3762 saepe
1416 3679 1518 3743 dictos
1541 3680 1661 3744 incolas

175 3786 213 3841 30
250 3778 425 3864 protulisti,
462 3780 530 3863 ipse
559 3779 638 3862 illas,
668 3787 832 3864 tamquam
861 3802 880 3845 a
909 3802 975 3845 non
1005 3801 1065 3845 suo
1096 3780 1200 3844 iudice
1233 3781 1459 3865 promulgatas,
1489 3783 1662 3847 denunciet

251 3882 363 3946 nullas
384 3900 462 3947 esse.
485 3881 604 3947 Datum
625 3883 782 3966 laterani,
804 3883 845 3948 Π.
867 3885 946 3949 Idus
967 3883 1162 3965 Decembris,
1184 3905 1269 3948 anno
1292 3890 1414 3949 octavo.

928 4176 992 4261 37.

338 4354 425 4428 Rom
451 4358 500 4428 im
517 4356 675 4429 Luaron
700 4360 806 4429 1223
823 4357 1011 4432 December
1025 4361 1086 4430 13.
1115 4359 1225 4450 Popst
1242 4358 1419 4431 Honorius
1438 4359 1516 4430 ΠΙ.
1544 4360 1659 4431 machi

248 4478 334 4549 ἆθηι
350 4475 564 4566 Erabbchos
581 4502 647 4551 von
669 4478 770 4551 Grau
787 4479 1014 4571 Mittheilonp
1035 4503 1101 4552 oon
1118 4481 1181 4552 der
1198 4503 1245 4551 oa
1263 4480 1329 4551 dea
1346 4479 1661 4570 aicbcnbtimiecbca

173 4617 210 4671 ao
247 4597 627 4689 Bisthosperichtctea
643 4600 748 4672 Buta
767 4600 834 4672 Nr.
858 4604 913 4673 36
933 4602 1006 4673 aad
1027 4602 1227 4692 bcouflropt
1243 4601 1314 4689 iba,
1344 4603 1485 4692 awaipo
1510 4600 1659 4673 Urtheil·

245 4719 400 4813 wrtiche
426 4719 598 4792 desselben
621 4743 730 4812 pepon
755 4721 1020 4795 Borraunmr
1038 4724 1110 4811 jair
1135 4722 1284 4814 uaqiltip
1309 4745 1353 4794 aa
1380 4723 1549 4795 maldros.

411 4883 536 4953 meae«
560 4883 769 4939 aaronem
788 4886 898 4940 Arma.

410 5003 521 5058 Druck:
540 5004 626 5071 Feje‘r
647 5005 737 5060 Codex
749 5005 800 5072 ΙΙΙ,
819 5011 843 5072 1,
862 5011 921 5060 422.
947 5007 1068 5061 Scheller
1081 5007 1183 5060 Arabio
1201 5007 1224 5074 I,
1241 5010 1301 5061 234.
1324 5006 1437 5061 Tcutach
1455 5025 1482 5060 u.
1497 5008 1658 5061 Firahaber

359 5089 430 5143 Stet.
453 5090 535 5144 Urkb.
553 5091 577 5159 I,
594 5095 636 5145 23.
665 5091 780 5146 lheimr
798 5092 876 5146 Mon.
896 5093 990 5162 Hunp.
1009 5093 1032 5160 1,
1050 5097 1092 5146 43.
1118 5092 1301 5147 Dcnsuaiuau
1320 5093 1545 5147 carmentem.

173 5213 210 5267 40
412 5211 525 5281 Repeti:
542 5212 669 5266 Poetae
687 5212 804 5283 &pcata
821 5214 875 5267 Nr.
897 5218 971 5268 7116.

412 5370 433 5433 ¹)
451 5366 626 5436 manuus

410 5455 433 5520 ⁹)
454 5451 579 5508 mm.
