4088 6292
980 570 1135 665 —ue-

348 762 542 822 eonsuetam
578 757 659 821 Item
682 776 789 822 comes
810 755 1034 842 parochialis[
1191 757 1233 842 F)
1255 759 1346 842 regni
1371 759 1474 823 nostri
1502 759 1543 823 ad
1572 759 1752 844 praedictas

349 860 493 925 Saxones
515 861 749 943 Transiluanos,
772 880 839 926 non
860 862 923 926 nisi
945 864 979 926 in
1001 863 1104 927 tribus
1129 862 1279 943 articulis,
1302 863 1451 927 videlicet
1471 864 1558 927 furto
1581 863 1634 928 vel
1655 864 1752 928 latro·

348 965 441 1046 cinio,
457 964 540 1028 iacto
556 965 751 1029 decimarum
766 985 804 1028 ac
818 972 1018 1030 monetarum
1034 965 1147 1030 debeat
1160 965 1310 1029 iudicare.
1339 966 1420 1030 item
1435 967 1463 1030 si
1478 966 1594 1049 aliquis
1608 968 1752 1051 ipsorum

348 1088 406 1151 per
427 1069 576 1132 comitem
598 1068 809 1153 parochialem
832 1088 868 1133 se
890 1070 1026 1133 senserit
1047 1074 1264 1152 aggravatum,
1294 1069 1396 1152 ipsam
1417 1089 1546 1133 causam
1568 1076 1697 1134 revocet
1718 1075 1752 1135 et

349 1171 481 1235 reducat
502 1172 604 1235 nostri
626 1172 735 1235 iudicii
756 1172 796 1236 ad
820 1169 831 1253 Ι
1143 1171 1186 1256 P)
1210 1192 1284 1236 cum
1306 1179 1435 1237 centum
1455 1174 1646 1256 bominibus,
1668 1174 1753 1238 inira
1786 1183 1803 1236 t

349 1275 401 1339 vel
423 1260 521 1359 supra
533 1275 719 1357 iuraverint,
741 1278 884 1341 nonnisi
901 1277 1111 1359 quadraginta
1133 1276 1280 1339 denarios
1302 1277 1501 1359 purgationis
1522 1277 1647 1342 solvere
1662 1283 1750 1341 tene-

350 1384 454 1442 antur.
490 1378 572 1442 ltem
602 1380 629 1442 si
658 1380 731 1461 quis
756 1380 913 1445 nobilium
936 1381 988 1444 vel
1011 1380 1177 1445 Saxonum
1199 1379 1415 1463 praefatorum
1436 1381 1654 1463 possessiones
1676 1399 1751 1444 sura

348 1502 406 1566 pro
440 1483 507 1547 suis
536 1484 722 1548 excessibus
752 1489 785 1548 et
813 1484 976 1549 maleficiis
1005 1484 1149 1548 amittere
1180 1483 1294 1547 debeat
1326 1482 1379 1547 vel
1408 1484 1585 1567 conlingat,
1625 1484 1751 1567 cognati

348 1586 449 1669 ipsius
475 1607 512 1650 ac
541 1587 713 1671 propinqui
742 1589 976 1671 possessionem
1004 1589 1106 1672 ipsam
1127 1587 1304 1651 redimendi
1325 1586 1463 1651 habeant
1484 1586 1677 1670 facultatem,
1707 1606 1749 1651 ns

348 1690 383 1753 in
411 1690 666 1773 possessionibus
694 1693 830 1775 propriis
860 1698 893 1757 et
918 1692 1012 1756 avitis
1042 1697 1232 1756 extraneum
1258 1689 1387 1755 doleant
1408 1709 1631 1774 possessorem.
1665 1690 1747 1755 Item
1784 1698 1818 1752 to

350 1793 501 1858 volumus
524 1794 610 1876 quod
633 1795 771 1858 vaivoda
790 1796 1018 1860 linnsiluanus
1040 1795 1164 1859 nobiles
1186 1795 1254 1858 sive
1276 1793 1421 1858 Saxones
1443 1799 1635 1858 memoratos
1649 1795 1749 1877 partis

347 1897 572 1960 Transiluanae
595 1902 628 1961 et
649 1898 751 1963 banus
773 1901 872 1963 totius
894 1898 1080 1963 Sclauoniae
1104 1898 1226 1963 nobiles
1247 1898 1346 1982 partis
1365 1896 1542 1962 Drewanae
1564 1897 1748 1962 nullatenus

350 2001 542 2066 descendere
570 2003 695 2085 possint
723 2022 783 2067 nec
807 2004 894 2087 ipsos
915 2005 951 2066 in
972 2003 1079 2085 aliquo
1101 2002 1242 2066 indebite
1265 2020 1446 2085 aggravare.
1484 2001 1530 2065 Ut
1551 2002 1651 2084 igitur
1670 2002 1748 2066 haec

349 2111 461 2168 nostra
492 2105 648 2168 ordinatio
674 2106 771 2170 immo
793 2108 901 2191 potius
923 2127 941 2169 a
962 2105 1258 2191 praedecessoribus
1279 2105 1398 2169 nostris
1420 2104 1549 2188 regibus
1570 2105 1749 2170 illustribus

348 2207 534 2291 Hungan'ae
555 2209 702 2292 primitus
724 2210 892 2274 observata
913 2209 1012 2274 robur
1034 2209 1176 2273 obtineat
1189 2214 1361 2292 perpetuae
1375 2206 1542 2291 firmitatis,
1564 2215 1748 2293 praesentes
1784 2219 1817 2271 le

349 2312 564 2376 concessimus
593 2313 702 2377 literas
731 2313 867 2397 duplicis
896 2312 991 2396 sigilli
1013 2314 1114 2377 nostri
1137 2312 1315 2376 munimine
1340 2311 1512 2376 roboratas.
1550 2312 1668 2376 Datum
1691 2332 1749 2398 per

349 2435 464 2479 manus
493 2415 621 2480 discreti
651 2417 712 2479 viri
735 2418 874 2500 magistri
896 2415 1051 2480 Theodori
1072 2416 1223 2480 Albensis
1245 2415 1396 2480 ecclesiae
1418 2421 1546 2480 nostrae
1568 2417 1747 2500 praepositi,

348 2520 440 2583 aulae
469 2527 595 2584 nostrae
625 2519 875 2587 vicecancellarii
904 2520 1010 2583 dilecti
1040 2527 1072 2584 et
1097 2518 1199 2584 fidelis
1224 2519 1334 2601 nostri,
1362 2540 1447 2583 anno
1474 2519 1594 2583 domini
1615 2498 1657 2584 11
1681 2498 1757 2585 dd.»

349 2623 553 2706 nonagesimo
576 2625 822 2707 primo,'octavo
845 2622 1006 2687 Kalendas
1028 2623 1147 2706 Marcii,
1169 2622 1260 2705 regni
1283 2628 1390 2687 autem
1406 2625 1507 2687 nostri
1529 2625 1631 2708 primo
1654 2643 1747 2688 anuo.

1000 2918 1095 3003 243.
1783 2940 1818 2996 ao

425 3084 523 3153 1291
540 3081 700 3154 Febaaor
725 3084 789 3153 24.
817 3082 934 3174 Kdaip
951 3081 1114 3155 Andreae
1132 3082 1210 3153 III.
1239 3080 1397 3172 beetdtipt
1423 3079 1479 3152 die
1504 3078 1669 3152 Urlouade
1690 3079 1749 3152 des

347 3203 482 3293 Kdaiye
495 3202 685 3275 Lodieloue
699 3202 769 3275 IV.
787 3227 853 3276 oon
870 3206 977 3275 1282
991 3203 1058 3275 Nr.
1078 3206 1172 3293 200,
1191 3204 1254 3274 mit
1271 3201 1413 3274 weleber
1431 3200 1580 3273 derselbe
1596 3201 1750 3273 mebrerc

350 3323 582 3414 Besitaaapea
617 3325 677 3396 dec
710 3324 1026 3416 memabdrpiscbea
1051 3324 1232 3396 Biatbams
1265 3346 1331 3394 coa
1365 3322 1428 3394 der
1458 3322 1750 3395 Geaicbtsbarlaeit

348 3444 407 3515 das
441 3442 636 3518 Woiwodaa
662 3445 737 3516 aad
762 3444 824 3517 der
850 3444 1177 3517 Komitatebeamtea
1204 3443 1337 3531 besrea't.

507 3606 1092 3677 0191119.ΚαρίαῖανεὴίυΚανῐεῠανρ.
1123 3605 1212 3676 Siepel
1233 3622 1293 3659 war
1319 3606 1535 3677 1190111111.-
1556 3606 1633 3661 Neela
1651 3605 1746 3660 Beato
1782 3606 1816 3660 25

451 3692 587 3747 Milkooia
605 3694 649 3761 11,
674 3697 727 3748 308
742 3694 791 3747 bot
809 3694 904 3763 Ko'aip
920 3694 1048 3747 Matilica
1065 3697 1134 3747 1474
1151 3693 1224 3746 dicae
1247 3691 1377 3747 Urbuade
1399 3693 1449 3746 mil
1468 3694 1550 3760 Jener
1573 3693 1621 3746 dea
1638 3691 1749 3761 Kdnipa

451 3779 607 3834 Ladislcua
624 3780 680 3835 IV.
706 3780 839 3850 1111111191.

505 3901 618 3956 Druck:
635 3903 730 3957 Beato
749 3903 886 3959 Miltooia
910 3904 954 3971 11,
978 3906 1038 3958 309.
1072 3902 1184 3956 Teatsob
1208 3919 1235 3954 u.
1260 3900 1421 3955 Firnbaber
1438 3897 1510 3954 siet.
1538 3898 1665 3967 Uram,
1689 3902 1748 3954 105.

451 3986 545 4041 Jakao
567 3986 717 4043 Okleoeltdr
735 3989 762 4056 1,
779 3993 822 4043 26.

505 4107 618 4177 Rcyeat:
639 4109 802 4164 Torttmlma'
819 4110 865 4164 teir
883 4114 959 4178 1889,
977 4114 1029 4164 575
1047 4110 1101 4163 Nr.
1119 4112 1162 4164 37.
1782 4108 1818 4161 30

502 4284 648 4348 Andreas
664 4285 714 4348 dei
735 4286 836 4367 gratia
849 4284 1042 4367 Hungariae,
1065 4283 1254 4364 Dalmaciae,
1278 4283 1436 4365 Onoadas,
1457 4283 1585 4366 Ramae,
1608 4281 1747 4363 Salinae,

349 4387 506 4469 Galliciae,
539 4387 744 4452 Lodomeriae
778 4388 1016 4469 Cumaniaeque
1054 4407 1115 4451 rex
1144 4388 1304 4452 universis
1335 4386 1453 4452 Christi
1480 4385 1629 4450 fidelibus
1657 4403 1749 4469 prae-

350 4491 489 4554 sentium
511 4490 656 4553 notitiam
679 4490 834 4554 habituris
855 4491 990 4555 salutem
1015 4492 1048 4554 in
1071 4509 1108 4554 eo
1132 4491 1187 4572 qui
1209 4490 1338 4574 regibus
1361 4491 1415 4554 dat
1436 4490 1579 4554 salutem.
1611 4488 1750 4553 Univer-

348 4613 459 4658 sorum
480 4593 611 4657 notitiae
633 4595 747 4658 harum
770 4594 850 4658 serie
874 4593 1080 4675 declaramus,
1111 4594 1197 4676 quod
1219 4592 1411 4657 venerabilis
1439 4598 1530 4677 pater
1552 4593 1668 4657 Petrus
1698 4592 1749 4656 dei

349 4696 450 4779 gratia
478 4696 647 4780 episcopus
668 4697 913 4761 Transsiluanus
944 4697 985 4760 ad
1014 4704 1156 4761 nostram
1177 4697 1331 4761 accedens
1361 4697 1573 4780 praesentiam
1602 4695 1750 4760 exhibuit
1783 4703 1818 4756 35

348 4799 440 4864 nobis
467 4805 613 4884 patentes
642 4801 750 4865 literas
772 4800 911 4864 Ladinlai
941 4800 991 4864 dei
1014 4800 1114 4882 gratia
1143 4801 1226 4883 regIs
1247 4799 1432 4883 Hungariae
1462 4799 1615 4883 patruelis
1643 4798 1750 4863 fratris

350 4903 450 4966 nostri
473 4922 570 4987 super
591 4903 791 4968 libertatibus
813 4905 1004 4988 populorum
1027 4903 1177 4968 ecclesiae
1199 4923 1276 4967 suae
1298 4903 1468 4986 coniectas,
1489 4910 1602 4987 petens
1624 4902 1750 4967 anobis

351 5006 519 5090 diligenter
534 5026 570 5070 ac
586 5008 709 5091 devote,
731 5015 769 5072 ut
783 5028 843 5071 nos
866 5008 992 5072 easdem
1007 5006 1114 5071 literas
1136 5014 1221 5071 ratas
1236 5006 1352 5071 habere
1374 5013 1407 5071 et
1420 5012 1531 5071 nostro
1547 5006 1751 5091 dignaremur

348 5110 514 5195 privilegio
545 5109 742 5175 confirmare.
777 5110 896 5187 Qarum
919 5111 1049 5194 quidem
1077 5110 1240 5174 literarum
1263 5116 1356 5174 tenor
1376 5111 1448 5175 telis
1478 5115 1534 5175 est
1568 5108 1673 5194 (Folpt
1701 5108 1750 5173 die

357 5211 505 5279 Urbaada
534 5213 586 5277 des
606 5212 726 5298 Kdnipe
747 5213 914 5279 1111111111
935 5212 957 5277 1
963 5212 999 5278 V.
1029 5212 1391 5297 1011282111200.)
1422 5215 1491 5280 Nos
1510 5214 1621 5298 itaque
1649 5215 1750 5299 ipsius
1782 5219 1819 5275 40

504 5348 774 5419 1160111111.

503 5435 901 5509 ’marcescentem
