4064 6288
1058 592 1103 654 '92

480 861 514 916 H
532 774 735 846 Etnpeactoltet
751 793 805 832 oon
823 776 1013 844 Lodomera'ua,
1033 777 1203 846 Eratiamof
1216 793 1270 833 ooo
1284 776 1365 832 erm
1383 780 1460 844 1282,
1478 776 1554 846 Orip.
1567 776 1776 846 respiramenta

511 864 709 918 manescit.

532 983 644 1038 Draclc:
665 984 778 1039 Teutact
795 1003 822 1039 a.
837 986 998 1039 Firnltolrer
1016 984 1087 1040 siet.
1105 985 1187 1041 Urlcb.
1206 986 1232 1052 I,
1247 990 1288 1041 79.
1311 985 1421 1039 Weaacl
1436 985 1500 1040 Ood.
1513 985 1621 1053 Arpad.
1634 985 1697 1052 ΙΙΙ,
1716 990 1775 1041 107.

533 1104 644 1173 &peste
662 1105 767 1160 Kaous
784 1106 965 1160 Monumento
985 1107 1009 1172 I,
1027 1110 1086 1161 500.

530 1277 697 1363 Philippus
726 1281 928 1344 miseratione
958 1281 1067 1343 divina
1089 1288 1216 1345 sanctae
1239 1281 1465 1364 Strigoniensis
1495 1280 1645 1345 ecclesiae
1674 1282 1774 1345 archi·
1808 1289 1825 1341 5

375 1381 543 1465 episcopus
572 1383 779 1465 eiusdemque
808 1383 870 1447 loci
901 1403 1007 1448 comes
1029 1390 1211 1468 perpetuus,
1242 1385 1333 1448 aulae
1363 1384 1447 1466 regis
1472 1384 1679 1447 cancellarius
1701 1385 1774 1448 uni·

374 1485 475 1548 versis
496 1492 681 1568 praesentes
702 1486 810 1550 literas
824 1488 1016 1571 inspecturis
1038 1488 1172 1552 salutern
1195 1489 1229 1550 iu
1252 1487 1389 1551 domino.
1416 1488 1533 1551 Vestra
1554 1488 1680 1550 noverit
1702 1488 1774 1551 uni-

375 1587 518 1670 versitas,
549 1589 636 1670 quod
665 1609 725 1653 nos
755 1591 794 1654 de
820 1593 921 1674 gratia
946 1590 1083 1674 speciali,
1116 1610 1180 1672 qua
1201 1592 1332 1655 dilectos
1358 1590 1450 1655 uobis
1479 1590 1513 1653 in
1537 1589 1660 1653 Christo
1691 1589 1773 1654 filios

376 1689 532 1753 decanum
561 1698 594 1756 et
623 1693 775 1776 plebanos
803 1694 842 1757 de
864 1694 1003 1759 Scibinio
1026 1695 1066 1758 ad
1089 1714 1149 1757 nos
1174 1700 1207 1757 et
1229 1694 1393 1757 ecclesiam
1422 1698 1563 1756 nostram
1594 1694 1774 1758 immediate

375 1794 571 1876 pertinentes
600 1796 718 1877 fovere,
752 1796 881 1879 diligere
911 1803 943 1861 et
972 1796 1142 1860 defendere
1170 1802 1325 1878 tenemur,
1358 1796 1478 1860 eisdem
1507 1796 1708 1878 indulsimus,
1737 1806 1774 1861 ut
1810 1805 1843 1857 10

376 1895 486 1960 nullus
508 1898 689 1963 citationem
711 1899 764 1963 vel
786 1899 1029 1983 appellationem
1051 1900 1091 1963 ad
1114 1919 1173 1963 nos
1198 1901 1293 1963 etiam
1315 1919 1357 1962 ex
1379 1899 1528 1982 legitimis
1550 1902 1655 1964 cauus
1677 1902 1774 1964 inter·

375 2001 510 2082 positam
524 2008 636 2066 contra
651 2002 790 2084 aliquem
812 2002 863 2066 vel
879 2002 1003 2084 aliquos
1018 2020 1130 2065 eorum
1150 2002 1254 2066 facere
1269 2009 1451 2085 praesumat
1465 2004 1525 2067 nisi
1541 2005 1631 2087 prius
1654 2004 1773 2069 decano

376 2123 486 2167 eorum
509 2106 687 2169 secundum
708 2106 788 2168 iuris
811 2105 955 2168 ordinem
977 2105 1140 2186 requisito,
1166 2112 1199 2169 et
1222 2106 1248 2169 si
1270 2106 1355 2169 idern
1378 2107 1517 2169 decanus
1538 2108 1573 2169 in
1594 2107 1775 2171 exhibenda

375 2207 498 2272 iustitia
525 2209 723 2273 insufficiens
751 2209 941 2293 appamerit,
965 2209 1129 2293 negligens
1158 2209 1210 2274 rel
1231 2211 1393 2290 remissus,
1414 2214 1453 2273 ut
1475 2217 1552 2275 tunc
1580 2211 1710 2274 demum
1739 2211 1773 2274 in

375 2311 556 2375 huiusmodi
579 2313 705 2376 casibus
720 2312 761 2375 ad
782 2318 924 2375 nostram
946 2315 1157 2394 praesentiam
1176 2313 1261 2377 licite
1283 2315 1399 2378 citetur
1421 2319 1453 2378 et
1471 2315 1566 2377 etiam
1588 2314 1773 2397 appelletur.
1809 2322 1842 2374 15

374 2413 413 2475 In
436 2414 528 2477 cuius
550 2414 597 2477 rei
619 2415 836 2478 testimoninm
858 2420 1041 2498 praesentes
1062 2417 1172 2480 literas
1194 2418 1409 2481 concessimus
1428 2417 1522 2500 sigilli
1544 2417 1646 2481 nostri
1668 2418 1773 2480 muni-

374 2517 460 2580 mine
481 2517 653 2581 roboratas.
682 2516 802 2580 Datum
816 2516 975 2601 Strigonii,
1002 2538 1086 2582 anno
1110 2520 1230 2584 domini
1250 2520 1299 2584 11ο
1321 2520 1387 2585 00⁰
1409 2521 1606 2603 sexagesimo
1629 2520 1702 2601 ΗΠ,
1724 2521 1773 2584 in-

376 2626 481 2685 trante
502 2620 596 2704 Maio,
619 2621 670 2685 die
693 2626 794 2685 sexto.

1028 2915 1119 2999 1116.

458 3095 594 3170 Orvt'eto
611 3101 718 3168 1264
733 3097 813 3168 Jati
828 3102 889 3168 16.
918 3097 1027 3189 Popet
1061 3097 1180 3169 Urbate
1198 3096 1268 3169 IV.
1292 3098 1451 3170 &molent
1472 3097 1589 3187 Kmip
1607 3094 1770 3187 Stephon,
1807 3113 1843 3167 20

375 3239 415 3289 er
440 3218 522 3290 colle
548 3219 604 3289 die
628 3219 742 3290 seincr
763 3219 901 3291 Matter
923 3240 1164 3309 qaamnmencn
1189 3217 1421 3309 Recitaaapen
1447 3217 1605 3303 Bistritz,
1633 3216 1770 3304 Rodrto,

373 3336 556 3428 Scandorf
573 3340 648 3410 aad
672 3338 873 3427 Borerdorf
890 3339 1016 3410 wieder
1040 3339 1296 3410 aumtcketcllea.

529 3502 640 3558 Druck:
662 3502 778 3558 Mser
795 3502 873 3556 Mon.
892 3502 987 3573 Hunc.
1006 3502 1032 3568 Ι,
1049 3504 1102 3556 275
1120 3502 1191 3555 nach
1207 3502 1267 3555 dem
1286 3501 1411 3573 Raptam
1434 3501 1642 3556 Vatttaaiacaa
1661 3501 1771 3555 Archiv.

534 3622 911 3693 neocaesareenses
922 3623 1028 3677 aanor.
1040 3622 1127 3690 xrr,
1147 3627 1205 3677 rm
1229 3622 1345 3677 narona
1359 3621 1435 3677 aaa.
1453 3622 1514 3677 cre.
1537 3621 1588 3688 rr,
1606 3626 1666 3676 417.
1686 3620 1773 3688 mea

479 3709 570 3765 eoae
587 3710 643 3779 rr,
665 3714 691 3778 3,
714 3713 775 3765 216.
806 3709 919 3764 riona
935 3727 963 3763 u.
983 3709 1145 3764 mammae
1163 3708 1234 3764 sea.
1258 3708 1340 3763 nrm.
1359 3710 1385 3775 r,
1406 3712 1450 3763 eo.
1476 3707 1660 3763 Demeam
1678 3707 1770 3762 noea
1807 3705 1841 3759 25

477 3801 563 3851 aeae
580 3800 641 3852 319.

531 3917 643 3987 Regnat·
664 3916 863 3972 stomomate
882 3921 958 3983 1871,
976 3919 1018 3971 66.
1042 3916 1170 3970 Pottlrart
1188 3915 1305 3986 &gesto
1323 3915 1376 3970 Nr.
1396 3919 1489 3970 18984.

527 4092 679 4158 Urbanus
701 4093 868 4176 episcopus
891 4141 1019 4154 .....
1042 4092 1204 4155 carissimo
1227 4092 1261 4153 in
1284 4090 1409 4154 Christo
1432 4088 1497 4153 filio
1521 4088 1681 4173 Stephano
1703 4089 1771 4173 regi

372 4194 582 4279 primogenito
614 4195 767 4259 carissimi
796 4194 830 4257 in
854 4193 978 4258 Christo
1008 4193 1066 4257 filii
1098 4195 1198 4259 nostri
1220 4193 1316 4259 Belae
1346 4193 1480 4257 illustris
1505 4193 1589 4277 regis
1611 4192 1771 4277 Ungariae

373 4299 506 4363 salutem
531 4349 659 4362 .....
681 4299 711 4362 Α
734 4304 790 4361 tua
812 4297 946 4361 sollicite
968 4297 1062 4361 debet
1084 4299 1274 4363 excellentia
1289 4297 1432 4376 devitari,
1455 4295 1542 4378 quod
1564 4295 1720 4359 iniustum
1735 4300 1768 4359 et
1802 4299 1838 4354 30

372 4402 523 4466 indecens
545 4421 615 4467 esse
635 4402 832 4485 dignoscitur
846 4406 878 4464 et
899 4401 1068 4484 praecipue
1085 4402 1171 4483 qnod
1185 4402 1336 4465 iniuriam
1352 4420 1409 4465 seu
1425 4399 1577 4463 offensam
1592 4398 1771 4462 carissimae

371 4506 406 4569 in
428 4505 553 4569 Christo
575 4504 658 4570 filiae
682 4509 809 4568 nostrae
830 4503 949 4567 Mariae
979 4504 1113 4568 illustris
1134 4506 1262 4588 reginae
1284 4504 1444 4587 Ungariae
1466 4502 1577 4564 matris
1599 4506 1672 4564 tuae
1695 4520 1770 4563 oon-

374 4609 475 4673 tinere
497 4608 633 4672 ridetur.
657 4607 740 4672 Sane
755 4610 838 4672 sicut
860 4607 1013 4670 carissimi
1035 4608 1068 4670 in
1085 4607 1210 4672 Christo
1232 4606 1289 4671 filii
1310 4607 1412 4671 nostri
1427 4604 1523 4669 Belae
1539 4602 1671 4667 illustris
1686 4605 1770 4686 regie

378 4712 536 4796 Ungariae
566 4713 664 4797 patris
685 4713 734 4775 tui
757 4718 789 4776 et
813 4712 878 4773 iam
900 4709 1002 4774 dictae
1029 4712 1157 4794 reginae
1180 4713 1318 4775 nuncius
1341 4708 1485 4793 specialis
1507 4727 1564 4792 pro
1587 4709 1657 4790 ipsa
1678 4707 1771 4771 nobis

372 4818 530 4901 exposuit
561 4823 597 4880 tu
627 4836 693 4880 non
724 4815 900 4895 attendens,
932 4814 1018 4896 quod
1049 4834 1100 4879 res
1129 4815 1213 4879 inter
1244 4814 1322 4878 alios
1345 4818 1416 4877 acta
1440 4811 1531 4875 alteri
1553 4810 1769 4893 praeiudicare
1805 4816 1839 4869 35

373 4940 437 4984 non
471 4920 573 5001 debet
606 4924 777 5004 praetextu
810 4917 977 4981 cuiusdam
1010 4917 1256 5000 compositionis,
1291 4935 1373 4998 quae
1408 4916 1477 4979 sine
1510 4914 1611 4997 ipsius
1643 4914 1771 4997 reginae

372 5043 505 5088 assensu
527 5024 611 5087 inter
633 5030 664 5087 te
687 5028 719 5086 et
741 5039 848 5104 regern
871 5021 1018 5101 eundem,
1040 5026 1163 5104 patrem
1185 5025 1286 5102 tuum,
1314 5019 1388 5082 olim
1412 5017 1623 5082 intervenisse
1646 5016 1771 5098 dicitur,

374 5127 526 5208 quasdem
555 5125 648 5189 villas
677 5132 710 5190 et
737 5132 847 5204 terras,
877 5123 1026 5203 Bistiche‚
1056 5123 1198 5203 Rodona,
1221 5123 1358 5187 Zolosim
1386 5128 1418 5186 et
1440 5119 1569 5198 Querali
1598 5120 1772 5203 vulgariter

372 5235 581 5314 nuncupatas,
598 5248 678 5311 quas
691 5228 761 5312 ipsa
771 5234 804 5292 et
818 5234 941 5291 ceterae
956 5228 1084 5310 reginae
1097 5227 1264 5310 Ungariae,
1278 5245 1360 5308 quae
1374 5231 1618 5309 praecesserunt
1629 5223 1771 5305 eandem,

374 5338 564 5417 atempore‚
587 5332 680 5395 cuius
702 5332 855 5396 memoria
883 5351 949 5394 non
972 5332 1090 5411 existit,
1114 5336 1289 5395 tenuerunt
1309 5328 1439 5414 pacifice
1466 5334 1498 5392 et
1521 5327 1637 5410 quiete,
1659 5332 1770 5391 contra
1805 5333 1842 5388 40

375 5437 528 5500 iustitiam
551 5435 714 5519 occupasti
736 5441 768 5499 et
787 5439 956 5518 occupatas
976 5434 1099 5498 detines
1121 5434 1154 5496 in
1174 5434 1317 5497 eiusdem
1339 5433 1467 5517 reginae
1487 5430 1717 5514 praeiudicium
1739 5435 1772 5493 et
