4048 6284
945 594 1101 690 -ap-

327 787 422 851 eliam
444 785 597 850 fratribus
619 805 677 869 per
697 790 824 849 nostras
846 784 993 849 dedimus
1014 785 1123 849 literas
1140 785 1175 846 in
1196 782 1363 863 mandatis,
1384 786 1422 846 ut
1444 782 1500 845 tibi
1523 784 1728 849 restituerent

327 891 487 971 universa
516 908 599 972 quae
621 890 843 953 invenirentur
860 893 953 953 extra
972 889 1132 972 praefatos
1153 888 1269 951 limites
1291 904 1472 968 occupasse,
1494 906 1531 950 ao
1554 907 1595 951 ne
1616 888 1728 953 huius-

325 993 412 1057 modi
434 992 596 1057 contentio
618 998 728 1076 posset
749 993 886 1077 amplius
907 992 1112 1073 invalescere,
1134 1037 1143 1055 .
1167 1037 1176 1055 .
1200 991 1239 1054 de
1257 988 1420 1070 linewelt
1443 995 1476 1053 et
1497 1034 1506 1052 .
1531 1033 1540 1052 .
1563 990 1603 1054 de
1624 991 1727 1074 Egris,

326 1104 359 1161 et
381 1097 471 1161 ..de
494 1094 620 1172 Querch
642 1095 810 1159 abbatibus
825 1096 971 1160 dedimus
993 1098 1027 1159 in
1049 1095 1214 1176 mandatis,
1238 1101 1275 1157 ut
1297 1093 1337 1156 ad
1351 1092 1422 1156 loca
1436 1093 1505 1176 ipsa
1518 1095 1727 1177 personaliter

273 1208 291 1258 5
325 1201 520 1281 aooedentes,
555 1199 723 1283 diligenter
755 1200 949 1283 inspicerent
978 1198 1095 1262 limites
1127 1197 1311 1277 antedictos,
1345 1204 1377 1260 et
1406 1197 1432 1260 si
1465 1197 1612 1262 viderent
1639 1200 1726 1284 ipsos

325 1304 439 1368 fratres
461 1303 570 1385 aliqua
590 1309 683 1367 extra
705 1303 834 1366 eosdem
857 1303 1010 1366 terminos
1032 1321 1090 1366 seu
1105 1302 1221 1366 limites
1244 1319 1424 1384 occupasse,
1439 1302 1517 1385 ipsis
1538 1304 1726 1369 auctoritate

325 1414 436 1471 nosua
456 1408 670 1491 iniungerent,
700 1412 738 1470 ut
768 1425 806 1471 ea
835 1406 892 1470 tibi
914 1407 1121 1470 restituerent
1143 1406 1212 1469 sine
1234 1424 1340 1482 mora3
1370 1405 1523 1488 quicquid
1546 1408 1726 1490 superbiis

325 1511 508 1576 invenirent
524 1518 557 1574 et
574 1512 724 1591 facerent,
747 1509 838 1573 nobis
853 1508 989 1573 fideliter
1003 1508 1143 1573 relaturi.
1165 1508 1316 1590 Tuaeque
1331 1509 1516 1592 scripsimus
1535 1510 1725 1593 celsitudini,

324 1622 363 1678 ut
384 1615 584 1698 permitteres
606 1614 692 1696 ipsos
715 1612 845 1676 abbates
866 1612 966 1676 libere
987 1613 1179 1696 investigare
1198 1613 1368 1696 praedicta,
1391 1619 1423 1677 et
1444 1614 1473 1677 si
1493 1614 1550 1677 tibi
1573 1616 1725 1699 expedire

255 1722 291 1776 10
326 1718 459 1798 videres,
481 1718 617 1781 nuncios
639 1721 712 1780 tuos
734 1718 876 1781 mitteres
898 1735 972 1779 cum
986 1717 1115 1797 eisdem,
1137 1716 1390 1800 investigationis
1411 1716 1594 1781 huiusmodi
1610 1719 1724 1783 seriem

324 1824 533 1905 inspecturos.
555 1821 672 1885 Videat
693 1821 792 1903 igitur
813 1820 900 1903 regia
920 1820 1170 1903 circumspectis,
1186 1826 1294 1883 utrum
1309 1819 1468 1902 pendente
1482 1820 1726 1904 investigatione

325 1945 362 1988 ac
384 1925 537 1989 relatione
559 1924 742 1988 huiusmodi
764 1923 910 1987 debuerit
924 1923 1046 2005 aliquid
1069 1942 1088 1985 a
1111 1930 1141 1986 te
1164 1923 1215 1988 vel
1235 1923 1274 1986 ab
1297 1923 1374 2006 ipsis
1396 1922 1547 1987 fratribus
1570 1925 1725 1990 innovari.

325 2029 419 2093 Certe
442 2029 481 2092 de
504 2028 596 2093 nobis
618 2029 745 2092 interim
769 2028 874 2092 denuo
897 2026 1073 2105 intimante,
1105 2027 1191 2108 quod
1214 2028 1275 2111 ipsi
1296 2028 1411 2091 babes
1433 2035 1507 2092 tuae
1529 2027 1726 2094 liberalitatis

325 2133 427 2217 gratia
449 2153 514 2196 non
545 2132 696 2210 contenti,
726 2130 827 2194 multa
856 2131 895 2193 de
919 2131 982 2193 tuis
1005 2138 1123 2194 temere
1154 2136 1354 2214 occuparant,
1377 2137 1410 2196 et
1432 2131 1487 2194 tibi
1510 2152 1549 2195 ea
1569 2135 1726 2218 repetenti

256 2242 291 2294 15
326 2220 564 2319 responderant,
587 2236 675 2317 quod
696 2236 729 2298 in
752 2254 860 2318 pugna
890 2241 1019 2317 propter
1041 2235 1101 2297 hoc
1124 2234 1230 2316 potius
1259 2236 1340 2298 mori
1363 2234 1490 2315 vellent,
1514 2255 1611 2318 quam
1632 2239 1724 2301 resti-

327 2346 417 2404 tuere
449 2339 505 2402 illa
535 2340 600 2421 tibi,
631 2359 689 2404 uos
719 2339 798 2401 moti
827 2338 966 2421 graviter
998 2344 1110 2402 contra
1142 2339 1433 2422 praesumptionem
1461 2339 1652 2423 huiusmodi,
1685 2343 1725 2406 ad

327 2441 524 2506 venerabiles
568 2442 683 2505 iratres
717 2447 845 2505 nostros
868 2486 876 2505 .
901 2442 939 2517 .ยน)
970 2441 1211 2506 Waradiensem
1247 2450 1279 2507 et
1300 2488 1309 2506 .
1333 2442 1372 2519 st)
1407 2442 1615 2509 (laudensem
1644 2448 1726 2530 epis-

327 2565 423 2630 copos
445 2565 574 2629 asperas
596 2545 688 2609 valde
711 2545 888 2609 direximus
911 2546 1017 2609 literas
1040 2553 1237 2627 contraeas,
1259 2566 1388 2629 asperas
1414 2546 1547 2627 inquam
1570 2557 1727 2629 quantum

328 2650 369 2713 ad
383 2651 662 2734 exaggerationem
681 2650 802 2735 culpae,
827 2668 909 2730 quae
924 2649 1077 2713 fratribus
1091 2649 1314 2733 imponebatur
1328 2650 1457 2731 eisdem,
1481 2670 1545 2714 non
1570 2660 1727 2733 quantum

255 2758 292 2812 20
327 2755 367 2818 ad
389 2754 530 2818 mandati
552 2754 695 2837 formam,
727 2773 809 2835 quae
842 2753 1038 2817 rationabilis
1067 2758 1116 2817 est
1146 2760 1178 2817 et
1206 2754 1299 2835 iusta,
1329 2754 1373 2816 ita
1403 2760 1440 2817 ut
1469 2755 1552 2818 sicut
1582 2775 1641 2821 nec
1669 2776 1728 2841 per

326 2858 413 2940 alias,
436 2878 518 2942 quas
540 2865 577 2922 ut
599 2877 696 2941 supra
718 2857 869 2938 diximus,
884 2857 976 2921 nisus
998 2875 1033 2920 es
1054 2857 1095 2920 ad
1117 2874 1248 2921 sensum
1270 2855 1369 2920 alium
1390 2861 1586 2940 retorquere,
1607 2860 1653 2923 ita
1667 2879 1727 2925 nec

326 2981 383 3044 per
403 2961 474 3025 illas
497 2981 573 3026 sane
594 2960 772 3025 intellectas
795 2961 959 3024 materiam
974 2959 1090 3024 babeas
1112 2960 1264 3043 fatigandi
1287 2959 1401 3024 fratrm
1414 2961 1501 3044 ipsos
1523 2982 1620 3047 super
1635 2965 1728 3030 terris

327 3064 396 3146 sibi,
418 3065 515 3128 immo
539 3065 647 3128 verius
670 3064 729 3128 deo
753 3084 772 3128 a
794 3071 851 3128 taa
872 3063 1060 3128 liberalitate
1083 3064 1218 3145 donatis,
1239 3063 1295 3127 sed
1317 3065 1528 3152 recuperandi
1550 3066 1726 3152 dumtaxat,

328 3169 452 3251 siquas
467 3168 549 3232 forte
571 3175 666 3232 extra
689 3187 783 3252 saepe
799 3168 901 3232 dictos
923 3167 1076 3231 terminos
1092 3173 1211 3231 temere
1233 3168 1417 3232 invaserint
1441 3167 1516 3234 Sine
1531 3190 1627 3235 causa
1650 3191 1725 3237 vero

256 3275 292 3331 25
327 3278 440 3336 contra
462 3273 575 3336 fratres
594 3291 654 3337 nos
676 3273 876 3336 commovisti
898 3271 1086 3357 praedictos,
1104 3277 1137 3334 et
1158 3271 1227 3335 sine
1249 3290 1346 3336 causa
1366 3278 1492 3337 nostras
1514 3274 1555 3337 ad
1568 3275 1728 3358 praefatos

327 3377 493 3459 episcopos
515 3374 623 3438 literas
645 3375 830 3459 impetrasti,
859 3395 933 3439 curn
962 3376 1051 3459 prius
1081 3375 1168 3458 ipsos
1197 3394 1264 3438 non
1293 3374 1399 3439 solum
1429 3377 1529 3460 terris,
1553 3397 1633 3460 quas
1655 3378 1728 3444 illos

329 3486 424 3542 extra
446 3498 540 3562 saepe
563 3478 664 3542 dictus
687 3479 840 3542 terminos
863 3497 1035 3562 occupasse
1065 3478 1200 3559 dicebas,
1229 3498 1342 3542 verum
1366 3480 1461 3543 etiarn
1486 3480 1555 3561 hiis,
1579 3500 1659 3563 quas
1682 3484 1728 3548 eis

328 3582 514 3663 donaveras,
544 3582 703 3666 pendente
731 3582 966 3665 praedictorum
995 3581 1149 3645 relatione
1179 3582 1339 3663 abbatum,
1369 3602 1426 3667 pro
1457 3590 1532 3648 tuae
1554 3585 1728 3651 voluntatis

329 3683 460 3748 arbitrio
484 3685 661 3769 spoliasses,
685 3686 769 3749 sicut
789 3685 883 3750 nobis
905 3701 1016 3757 eorum
1032 3684 1219 3766 conquestio
1235 3685 1437 3769 postmodnm
1460 3687 1616 3771 patefecit,
1639 3696 1672 3753 et
1685 3710 1729 3754 err

255 3793 293 3847 30
327 3806 365 3851 eo
387 3788 581 3872 collegimus,
611 3789 696 3871 quod
726 3795 912 3875 praeceptor
941 3789 1110 3853 domorum
1139 3790 1241 3873 ipsius
1271 3788 1444 3872 hospitalis,
1475 3809 1557 3873 quae
1579 3792 1613 3855 in
1643 3799 1729 3858 terra

327 3912 425 3977 supra
447 3893 532 3957 dicta
553 3895 742 3976 conmstunt,
772 3894 913 3957 secundo
936 3893 988 3958 vel
1010 3894 1104 3958 tertio
1135 3892 1195 3974 die,
1227 3911 1290 3975 quo
1320 3894 1459 3958 nuncius
1489 3899 1566 3959 tuus
1596 3896 1729 3961 anobis

325 3996 487 4061 licentiam
510 3997 549 4060 ad
572 4002 603 4061 te
625 3997 781 4062 redeundi
804 4005 975 4081 receperat,
997 3998 1038 4061 ad
1060 4004 1202 4062 nostram
1225 3996 1314 4061 venit
1335 3998 1555 4081 praesentiam,
1575 4000 1729 4083 spoliatus

326 4108 420 4182 terra,
441 4109 539 4185 prout
561 4100 693 4184 dicebat,
723 4101 834 4165 eadem
863 4107 895 4165 et
917 4100 956 4165 ab
987 4119 1025 4165 ea
1047 4121 1120 4165 cum
1142 4100 1294 4164 fratribus
1324 4101 1391 4164 suis
1413 4102 1570 4166 violenter
1600 4104 1728 4168 eiectus.

327 4202 417 4268 Sicut
446 4222 522 4287 ergo
552 4211 640 4267 tuam
670 4203 747 4268 alias
776 4210 909 4288 paterno
940 4205 1055 4269 effectu
1084 4205 1268 4268 monuimus
1298 4204 1539 4288 providentiam,
1569 4207 1613 4269 ita
1643 4226 1729 4271 nunc

255 4314 294 4366 35
329 4326 497 4372 monemus
528 4315 560 4371 et
590 4309 755 4371 hortamur
784 4309 945 4389 attentius,
973 4329 1010 4373 ac
1041 4309 1244 4373 obsecramus
1273 4308 1308 4370 in
1337 4308 1465 4371 domino
1491 4308 1571 4371 Jesu
1594 4308 1729 4392 Christo,

330 4418 489 4493 quatenus
511 4412 626 4495 spretis
648 4411 906 4494 suggestionibus
929 4411 1150 4495 malignorum,
1174 4411 1229 4491 qui
1252 4411 1397 4474 videntes
1416 4411 1590 4494 praefatam
1612 4418 1729 4476 terram

326 4533 385 4598 per
414 4515 605 4601 immensum
635 4514 792 4577 dictorum
823 4514 959 4578 fratrum
989 4514 1132 4579 studium
1161 4514 1340 4599 profecisse,
1374 4514 1415 4577 ad
1444 4515 1514 4578 eius
1547 4514 1729 4598 cupidinem

327 4619 498 4682 venenosis
520 4617 723 4681 suasionibus
739 4623 770 4681 te
792 4618 958 4698 accedunt,
974 4619 1088 4682 fratres
1107 4618 1192 4702 ipsos
1214 4617 1248 4681 iu
1264 4637 1399 4701 regnum
1415 4623 1507 4681 tuum
1523 4637 1588 4681 non
1604 4618 1730 4683 differas

327 4740 489 4804 revocare,
511 4741 548 4785 ac
571 4722 616 4785 eis
638 4722 811 4785 restituens
841 4727 874 4785 et
905 4722 1030 4785 restitui
1052 4722 1172 4785 faciens
1193 4722 1316 4803 integre
1339 4721 1446 4784 omnia
1467 4720 1553 4784 bona
1574 4740 1642 4804 sua,
1664 4722 1730 4787 dic-

254 4830 294 4885 40
328 4832 458 4907 tamque
479 4831 599 4889 terram
621 4823 750 4909 pacifice
772 4826 850 4909 ipsis
873 4833 905 4890 et
928 4827 1036 4908 quiete
1058 4825 1229 4903 dimittens,
1256 4823 1435 4887 secundum
1456 4824 1573 4889 limites
1595 4826 1629 4889 in
1650 4827 1729 4911 ipsis

327 4929 392 4991 tuis
413 4927 588 5012 privilegiis
610 4928 801 5012 designatos,
824 4930 870 4993 sic
892 4931 938 4993 eis
961 4927 1135 4993 satisfacias
1157 4927 1196 4990 de
1219 4927 1342 4990 damnis
1373 4934 1405 4990 et
1426 4928 1552 4991 iniuriis
1574 4929 1729 5012 irrogatis,

328 5032 415 5113 quod
437 5031 542 5114 deum,
564 5033 658 5097 cuius
680 5032 831 5096 offensam
855 5052 897 5096 ex
920 5033 980 5095 hoc
1001 5030 1114 5115 procul
1137 5029 1234 5094 dubio
1257 5032 1399 5094 nosceris
1428 5032 1610 5114 incurrisse,
1634 5033 1731 5116 digna

326 5136 429 5219 possis
451 5136 667 5200 satisfactione
696 5136 830 5219 placare,
860 5156 897 5199 ac
926 5136 956 5199 ei
985 5142 1150 5218 acceptum
1180 5134 1313 5198 reddere
1341 5154 1460 5199 munus
1492 5137 1643 5219 tuum,โa
1664 5156 1729 5219 quo

327 5239 424 5303 habes
446 5258 512 5302 nou
535 5238 640 5303 solum
662 5241 768 5304 omnia
782 5238 868 5302 bona
889 5245 953 5321 tua,
979 5238 1035 5303 sed
1058 5239 1153 5302 etiam
1176 5238 1409 5323 temetipsum,
1432 5240 1535 5304 sciens
1559 5238 1730 5321 quodnisi

255 5393 294 5447 45
486 5392 507 5460 ยน)
525 5391 694 5448 arcuada.

482 5478 506 5548 ยน)
526 5476 640 5550 Graeca
