4064 6288
979 580 1134 675 —eo—

359 760 555 826 sufficienter
575 765 763 828 instructam
785 771 818 828 et
835 765 1050 849 nihilominus,
1073 769 1160 849 quod
1185 787 1243 831 vos
1266 768 1305 832 de
1327 769 1509 833 huiusmodi
1531 771 1618 834 scitis
1640 777 1755 835 natura

360 867 480 947 negotii
502 866 595 931 nobis
617 868 710 951 plene
726 870 841 933 vestris
861 870 962 933 literis
985 878 1017 935 et
1030 869 1166 935 fideliter
1180 873 1357 956 exponatis,
1380 871 1589 957 praefigentes
1610 874 1755 958 partibus

359 969 531 1034 terminum
560 977 800 1055 competentem,
831 993 895 1055 quo
925 993 983 1057 per
1011 980 1233 1058 procuratores
1263 976 1394 1040 idoneos
1425 982 1457 1040 et
1482 976 1678 1041 sufficienter
1706 979 1755 1041 in-

360 1077 499 1137 structos
515 1081 623 1139 nostro
638 1095 673 1138 se
688 1078 872 1160 conspectui
886 1084 1134 1160 repraesentent,
1148 1079 1265 1141 iustam
1281 1086 1410 1143 auctore
1425 1080 1553 1144 domino
1566 1082 1755 1145 sententiam

361 1182 554 1259 recepturae.
575 1178 683 1243 Testes
704 1188 821 1262 autem,
844 1181 900 1262 qui
922 1181 1042 1245 tuerint
1063 1181 1216 1243 nominati
1239 1182 1266 1244 si
1285 1200 1319 1244 se
1341 1183 1449 1263 gratia,
1473 1182 1545 1245 odio
1568 1183 1619 1246 vel
1642 1185 1754 1248 timore
1790 1193 1806 1245 5

361 1276 587 1361 subtraxerint
610 1300 746 1346 censura
767 1284 867 1347 simili,
879 1284 1089 1367 appellatione
1103 1289 1247 1348 cessante
1263 1286 1382 1367 cogatis
1397 1286 1524 1349 veritati
1538 1287 1755 1351 testimonium

360 1381 534 1465 perhibere,
549 1403 615 1447 non
630 1384 831 1449 obstantibus
845 1386 954 1469 literis,
976 1405 1072 1471 super
1086 1388 1135 1451 his
1149 1389 1190 1451 ad
1205 1388 1403 1453 venerabiles
1424 1389 1538 1453 fratres
1553 1394 1679 1452 nostros
1695 1434 1704 1452 .
1721 1388 1755 1468 .¹)

361 1485 603 1551 cracoviensem
625 1494 681 1551 et.
698 1487 733 1566 .¹)
756 1487 979 1554 Cuiariensem
1000 1493 1165 1575 episcopos
1180 1511 1237 1556 seu
1252 1491 1403 1556 dilectum
1417 1491 1519 1556 filium
1534 1499 1679 1556 nostrum
1696 1538 1705 1556 .
1721 1493 1756 1573 .⁸)

360 1588 585 1654 Prenestinum
607 1592 752 1673 electum,
786 1599 863 1657 tuno
885 1594 918 1656 in
948 1595 1091 1677 partibus
1120 1595 1183 1659 illis
1204 1596 1390 1678 fungentem
1413 1596 1580 1678 legationis
1602 1596 1715 1678 officio,
1738 1618 1757 1661 a

360 1693 436 1757 sede
455 1693 626 1777 apostolica
640 1695 824 1777 impetratis,
847 1716 884 1760 ac
906 1699 1132 1762 constitutione
1147 1699 1186 1763 de
1202 1698 1326 1762 duabus
1349 1699 1442 1763 dietis
1464 1699 1548 1762 edita
1564 1699 1600 1761 in
1622 1701 1755 1764 concilio
1791 1706 1826 1761 10

361 1797 509 1880 generali.
541 1797 661 1862 Datum
682 1798 817 1865 Perusii.
847 1800 885 1862 V.
900 1800 978 1865 Idus
1001 1799 1154 1883 Octobris,
1176 1802 1380 1885 pontificatus
1405 1804 1506 1866 nostn'
1528 1822 1612 1865 anno
1635 1808 1756 1867 octavo.

1028 2112 1093 2195 69.

439 2272 593 2365 Peracta
619 2276 723 2345 1234
751 2274 940 2347 November
955 2279 1013 2345 14.
1050 2274 1160 2366 Popst
1182 2272 1316 2365 (ἔνεμον
1338 2273 1408 2344 IX
1436 2275 1556 2347 malent
1581 2274 1672 2347 Bata
1696 2299 1759 2348 res

362 2395 487 2482 iactor,
524 2395 579 2466 dic
613 2393 801 2467 Woloclrea
826 2418 891 2466 sur
917 2395 1172 2486 Amkeanuap
1207 2395 1266 2466 das
1292 2393 1455 2484 Biscbofa
1485 2397 1548 2467 der
1573 2395 1760 2468 Kumcaen

359 2537 404 2586 aa
429 2515 613 2587 achadeo.
1794 2534 1826 2588 15

516 2678 627 2732 Drtoelc:
648 2678 764 2732 Ibeiuer
781 2678 859 2732 Mon.
877 2678 973 2747 Huap.
993 2680 1018 2745 I,
1036 2682 1087 2733 131
1109 2678 1179 2731 noco
1197 2679 1257 2732 dem
1275 2678 1399 2746 Rapister
1422 2677 1630 2732 Vctitoniscltes
1647 2679 1757 2733 Arellio.

465 2794 498 2803 —
516 2763 650 2832 Rayaotd
666 2762 771 2817 Ausul.
789 2763 883 2829 XIII,
900 2767 961 2817 419.
986 2762 1092 2832 Ripotla'
1109 2762 1270 2816 Baliarium
1293 2764 1401 2817 ordinis
1419 2764 1520 2817 Proed.
1540 2764 1565 2830 I,
1586 2768 1626 2819 70.
1644 2765 1759 2819 Katouc

465 2849 540 2903 flat.
564 2850 624 2903 crit.
648 2848 679 2915 V,
701 2853 758 2904 706.
786 2849 872 2916 Fejtr
893 2850 982 2904 (ledes
1000 2849 1183 2916 111,2‚399.
1206 2849 1760 2916 Ilaaailvonia1870‚44.Dcaaasa'auu

466 2934 633 2990 Dccmacatc
651 2939 710 2990 132.

517 3056 629 3126 Repeti:
648 3058 774 3112 Pontou
793 3057 910 3128 Repcstc
927 3059 981 3113 Nr.
999 3062 1077 3114 9764.
1793 3059 1828 3113 20

516 3231 688 3316 Gregorius
718 3233 885 3316 episcopus
908 3283 1035 3296 .....
1058 3234 1220 3297 carissimo
1250 3235 1284 3296 in
1314 3232 1438 3297 Christo
1468 3230 1535 3294 filio
1565 3230 1662 3296 Belse
1691 3233 1758 3315 reg'

361 3335 571 3418 primogenito
606 3336 689 3418 regis
719 3336 878 3419 Ungariae
907 3337 1043 3402 salutem
1076 3385 1204 3400 .....
1241 3336 1281 3400 In
1313 3336 1529 3400 Cumanorum
1565 3335 1758 3419 episcopatu,

362 3438 445 3502 sicut
471 3439 660 3522 accepimus
691 3440 820 3521 quidam
850 3440 969 3524 populi
1001 3443 1057 3523 qui
1078 3439 1196 3505 Walati
1225 3445 1389 3519 vocantur,
1421 3439 1573 3518 existunt
1609 3440 1664 3520 qui
1697 3440 1757 3502 etsi

362 3547 552 3605 censeantur
574 3544 703 3606 nomine
725 3542 912 3623 Christiano,
935 3544 995 3607 sub
1018 3564 1084 3608 una
1105 3551 1211 3608 tamen
1233 3543 1295 3608 fide
1318 3541 1424 3606 varios
1445 3542 1527 3605 ritus
1550 3541 1703 3606 babentes
1725 3547 1759 3605 et

361 3663 476 3725 mores,
504 3645 559 3709 illa
586 3648 798 3728 committunt,
828 3665 910 3729 quae
940 3648 1014 3710 huie
1043 3653 1120 3711 sunt
1149 3647 1271 3711 nomini
1300 3646 1435 3709 inimica
1479 3644 1561 3707 Nam
1583 3644 1758 3708 Romanam
1794 3652 1827 3705 25

362 3748 526 3812 ecclesiam
554 3754 795 3814 contemnentes
822 3770 888 3814 non
917 3748 1132 3813 evenerabili
1153 3747 1250 3811 fratre
1272 3753 1382 3811 nostro
1405 3791 1414 3809 .
1438 3793 1446 3809 .
1470 3749 1622 3831 episcopo
1645 3746 1759 3810 Cuma·

361 3870 486 3934 norum,
510 3853 564 3935 qui
587 3854 649 3916 loci
671 3854 859 3917 diocesanus
881 3853 999 3933 existit,
1022 3851 1078 3915 sed
1100 3871 1118 3914 a
1141 3851 1331 3933 quibusdam
1358 3850 1637 3934 pseudoepiscopis
1661 3849 1758 3915 Grae·

361 3973 472 4018 corum
494 3956 591 4020 ritum
613 3956 796 4020 tenentibus
817 3957 970 4020 universa
989 3954 1148 4037 recipiunt
1170 3953 1383 4018 ecclesiastica
1405 3959 1602 4018 sacramenta
1623 3958 1656 4017 et
1677 3972 1758 4017 non·

362 4057 443 4121 nulli
471 4059 511 4123 de
539 4078 638 4143 regno
662 4059 820 4143 Ungsn'ae
854 4067 919 4123 tam
941 4059 1063 4141 Ungui
1094 4077 1190 4140 quam
1219 4057 1405 4121 Theutonici
1437 4061 1470 4121 et
1503 4055 1557 4119 alii
1589 4055 1759 4119 orthodoxi

361 4161 505 4224 morandi
527 4182 624 4226 causa
645 4182 719 4226 cum
740 4163 818 4246 ipsis
840 4168 1007 4227 transeunt
1028 4161 1068 4225 ad
1091 4160 1220 4226 eosdem
1235 4167 1267 4225 et
1289 4162 1335 4224 sio
1356 4179 1430 4224 cum
1453 4160 1507 4239 eis,
1531 4160 1606 4241 quia
1620 4156 1758 4241 populus
1794 4168 1829 4223 30

361 4283 448 4328 unus
469 4264 544 4329 lacti
565 4285 640 4329 cum
669 4266 787 4330 eisdem
809 4265 974 4346 Walatbis‚
1005 4284 1043 4329 eo
1066 4270 1257 4347 contempto,
1280 4263 1453 4347 praemissa
1474 4262 1633 4344 recipiunt
1654 4278 1758 4323 sacra·

362 4372 469 4431 menta
497 4369 532 4431 in
560 4388 657 4451 grave
687 4368 939 4432 orthodoxorum
968 4367 1153 4432 scandalum
1184 4372 1217 4431 et
1246 4366 1482 4449 derogationem
1511 4383 1577 4428 non
1603 4354 1758 4426 modicam

361 4468 436 4534 fidei
459 4470 663 4535 Christianae.
707 4471 756 4535 Ne
778 4471 939 4554 igiturex
962 4472 1145 4535 diversitate
1175 4471 1297 4533 rituum
1318 4468 1459 4553 pericula
1480 4466 1671 4551 proveniant
1692 4465 1760 4528 ani·

361 4593 494 4655 marum,
527 4593 587 4637 nos
617 4574 761 4638 volentes
790 4574 973 4638 huiusmodi
1001 4574 1179 4657 periculum
1214 4573 1352 4653 obviare,
1385 4591 1426 4635 ne
1459 4570 1592 4655 praefati
1622 4568 1762 4633 Walatbi

362 4677 526 4740 materiam
558 4677 696 4742 habeant
727 4697 786 4762 pro
820 4677 945 4741 defectu
978 4684 1250 4742 sacramentorum
1279 4677 1319 4739 ad
1349 4675 1565 4739 schismaticos
1595 4673 1760 4756 episcopos
1795 4688 1829 4742 36

361 4781 540 4862 accedendi,
563 4781 665 4845 eidem
688 4783 835 4865 episcopo
858 4780 976 4843 nostris
999 4780 1111 4844 damus
1133 4781 1234 4845 literis
1256 4782 1291 4843 in
1312 4778 1479 4857 mandatis,
1508 4783 1547 4840 ut
1570 4774 1760 4840 catholicum

363 4884 409 4947 eis
431 4884 614 4967 episcopum
644 4883 691 4947 illi
720 4885 842 4948 nationi
871 4884 1067 4947 conformem
1093 4884 1228 4967 provida
1257 4882 1483 4946 deliberatione
1505 4878 1679 4943 constituat
1700 4874 1761 4940 sibi

362 4987 456 5050 iuxta
477 4987 634 5070 generalis
656 4991 776 5052 statuta
797 4986 923 5051 concilii
944 4987 1099 5050 vicarium
1120 4987 1155 5049 in
1177 4985 1354 5069 praedictis,
1382 4984 1438 5066 qui
1459 4984 1489 5047 ei
1510 5002 1568 5066 per
1590 4980 1697 5044 omnia
1718 4980 1760 5044 sit

363 5089 514 5155 obediens
535 5096 568 5155 et
582 5089 754 5174 subiectus,
768 5089 1017 5154 contradictores
1031 5108 1270 5174 percensuram
1291 5086 1534 5153 ecclesiasticam
1550 5083 1760 5168 appellatione

519 5262 539 5328 ¹)
562 5259 695 5315 Wislaaa.
1794 5249 1831 5306 40

517 5349 540 5415 ¹)
557 5344 686 5402 Midam.

518 5434 541 5501 ⁸)
557 5431 687 5489 Jacotaa.

2014 1020 2019 1117 l
