4106 6294
202 781 305 850 Excep-

180 860 265 914 tiones
277 876 320 913 ca-

210 938 293 1008 pituli.

282 1613 320 1667 Ἰ.

288 3897 323 3951 Π.

276 4934 325 4989 III.

972 583 1126 679 349—

502 774 617 839 Coram
638 772 730 837 vobis
753 774 927 838 venerabili
948 773 1018 836 viro
1042 774 1169 837 domino
1192 771 1338 856 Philippo
1362 772 1401 835 de
1420 770 1573 835 Sardinea
1597 771 1750 835 canonico

347 878 522 943 Arborensi
546 876 691 940 auditore
705 878 845 959 generali
861 877 1050 942 venerabilis
1065 877 1164 960 patris
1184 877 1303 941 domini
1326 876 1433 939 fratris
1448 875 1583 940 Gentilis
1598 883 1631 939 et
1645 882 1751 939 cetera

348 988 380 1047 et
408 982 441 1043 in
472 980 556 1043 inira
585 981 702 1064 scripta
731 1000 827 1045 eausa
857 982 1035 1065 specialiter
1064 982 1214 1064 deputato
1246 981 1413 1064 Philippus
1444 981 1483 1043 de
1513 979 1648 1063 Cingulo
1677 1000 1750 1063 pro-

348 1091 477 1150 curator
499 1084 692 1149 substitutus
715 1083 915 1148 dominorum
940 1086 1165 1148 canonicorum
1188 1093 1221 1149 et
1243 1084 1373 1168 capituli
1394 1084 1584 1148 venerabilis
1599 1084 1749 1147 ecclesiae

347 1189 497 1254 Albensis
519 1187 761 1252 lbanssiluanae
791 1193 903 1252 contra
929 1195 1152 1272 procuratores
1182 1208 1239 1253 seu
1270 1195 1509 1272 procuratorem
1532 1188 1749 1271 plebanorum,
1786 1196 1802 1247 5

347 1291 609 1376 presbyterorum
643 1298 675 1355 et
704 1292 949 1356 universitatum
981 1293 1122 1357 eiusdem
1151 1293 1301 1356 Albensis
1330 1292 1573 1356 Transsiluanae
1608 1292 1750 1373 diocesis,

348 1415 422 1459 curn
445 1394 563 1477 quibus
585 1414 692 1458 coram
706 1395 798 1459 vobis
820 1402 869 1460 est
890 1397 924 1459 in
940 1417 1044 1476 causa,
1067 1403 1099 1461 et
1121 1397 1295 1481 scripturas
1314 1416 1372 1480 per
1393 1397 1497 1479 ipsum
1513 1401 1751 1480 procuratorem

349 1500 418 1563 loco
441 1499 663 1583 probationum
687 1500 858 1584 productas
881 1501 1086 1584 exceptiones
1109 1500 1163 1563 dat
1185 1507 1217 1564 et
1239 1500 1370 1564 exhibet
1391 1500 1474 1563 intra
1497 1500 1637 1584 scriptas.

503 1603 662 1688 Imprimis
678 1604 865 1687 excipiendo
881 1602 957 1666 dicit
969 1604 1135 1687 Philippus
1150 1610 1337 1688 procurator
1352 1604 1546 1668 substitutus
1558 1605 1748 1688 praedictus,

349 1708 436 1790 quod
458 1707 569 1772 literae
591 1727 649 1792 per
664 1708 783 1772 dichrm
799 1715 1036 1791 procuratorem
1052 1710 1151 1791 partis
1166 1710 1318 1773 adversae
1333 1716 1407 1773 ante
1423 1708 1551 1772 testium
1568 1713 1748 1791 aperturam
1790 1713 1822 1765 10

347 1811 529 1896 productae,
552 1831 634 1893 quae
650 1813 695 1876 sic
713 1813 886 1896 incipiunt:
912 1811 942 1875 N
943 1831 979 1874 os
995 1811 1214 1892 Gombolinus,
1236 1813 1388 1877 Nicolans
1403 1812 1535 1876 comites
1552 1809 1750 1874 Oibinienses

348 1920 446 1998 atque
468 1915 661 1979 universitas
684 1916 826 1980 eiusdem
848 1916 961 1979 harum
985 1916 1066 1978 serie
1086 1915 1249 1981 literarum
1274 1917 1531 1999 recognoscimus
1555 1914 1672 1997 quibus
1694 1933 1751 1977 er-

348 2020 436 2104 pedit
450 2020 619 2102 universis,
634 2021 667 2082 in
684 2021 805 2084 animas
824 2024 949 2083 nostras
964 2025 1178 2104 protestantes
1196 2026 1356 2100 strelam,
1373 2021 1459 2102 quod
1475 2019 1600 2083 nullum
1615 2018 1751 2102 probant

348 2124 610 2207 impedimentum
640 2144 699 2188 nec
722 2124 862 2206 aliquam
883 2125 978 2188 fidem
1001 2125 1131 2207 iaciunt
1161 2126 1200 2189 de
1223 2125 1330 2207 aliquo
1353 2125 1493 2208 legitimo
1516 2123 1751 2206 impedimento,

349 2227 406 2292 sed
421 2228 504 2292 sicut
517 2228 552 2292 in
573 2227 638 2292 fine
660 2228 801 2312 ipsarum
824 2228 987 2292 literarum
1011 2230 1201 2310 continetur,
1224 2230 1283 2313 ipsi
1303 2230 1422 2309 dicunt,
1445 2229 1566 2291 dictum
1582 2227 1750 2289 vaivodam
1788 2234 1820 2286 15

350 2352 415 2396 non
444 2338 621 2415 praestasse
650 2333 684 2395 in
706 2332 876 2416 praedictis
898 2333 1028 2414 aliquod
1057 2334 1327 2417 impedimentum.
1362 2333 1402 2396 Et
1432 2338 1500 2396 esto
1511 2332 1531 2407 1)
1562 2332 1631 2395 sine
1662 2349 1752 2414 prae·

349 2436 467 2499 iudicio
491 2436 578 2517 quod
601 2436 661 2519 ipsi
684 2437 815 2499 comites
838 2442 869 2499 et
892 2438 1085 2500 universitas
1115 2438 1258 2501 dicerent
1279 2444 1311 2501 et
1334 2436 1537 2511 affirmarent,
1560 2435 1631 2498 illos
1653 2435 1752 2498 tuisse

349 2540 527 2623 impeditos,
552 2558 663 2603 eorum
686 2539 806 2603 dictum
830 2541 864 2602 in
887 2541 944 2603 hac
967 2546 1056 2624 parte
1083 2542 1203 2604 nullam
1227 2541 1322 2604 fidem
1352 2540 1481 2621 iaciunt,
1513 2539 1589 2620 quia
1618 2557 1656 2601 ea
1685 2557 1750 2600 uon

350 2644 503 2707 dixerunt
526 2662 584 2706 seu
599 2642 812 2707 testificarunt
826 2645 975 2709 mandato
991 2646 1105 2709 iudicis
1120 2667 1178 2710 seu
1193 2646 1375 2729 superioris
1397 2645 1453 2708 sed
1469 2643 1650 2706 voluntarie
1672 2641 1752 2704 illud

349 2748 469 2829 dieunt
492 2753 525 2812 et
546 2747 592 2810 sic
607 2747 743 2827 videtur,
767 2749 852 2829 quod
869 2768 962 2832 prece
978 2749 1029 2812 vel
1044 2749 1193 2832 precibus
1212 2748 1292 2812 illud
1315 2749 1433 2811 dicunt.
1457 2748 1621 2811 Attamen
1638 2765 1749 2810 eorum
1786 2751 1820 2805 20

350 2852 470 2915 dictum
485 2851 608 2916 tollitur
622 2871 679 2935 per
694 2852 801 2916 literas
817 2853 958 2916 eiusdem
975 2854 1129 2916 vaivodae
1152 2853 1292 2936 praelato
1309 2853 1437 2916 domino
1453 2852 1556 2933 legato
1570 2851 1752 2930 destinatas,

352 2956 408 3037 qui
423 2956 499 3019 dicit
513 2961 546 3019 et
561 2954 705 3036 affirmat,
728 2956 853 3019 nullum
869 2957 988 3020 eisdem
1012 2976 1071 3021 nec
1094 2957 1163 3020 aliis
1186 2957 1226 3020 ad
1249 2957 1369 3020 curiam
1391 2956 1492 3039 ipsius
1515 2955 1634 3018 domini
1656 2953 1751 3036 legati

350 3059 500 3123 accedere
517 3058 698 3122 volentibus
720 3060 982 3142 impedimentum
998 3068 1175 3144 praestasse
1200 3081 1258 3125 seu
1281 3060 1434 3144 praestari
1456 3059 1577 3137 iecisse,
1607 3064 1640 3122 et
1664 3059 1749 3140 quod

350 3182 408 3246 per
436 3163 505 3227 eius
527 3163 700 3245 potentiam
731 3169 764 3226 et
786 3168 948 3228 terrenum
972 3165 1059 3247 viget
1081 3165 1187 3229 cultus
1209 3166 1303 3247 pacis.
1337 3164 1473 3247 insuper
1499 3164 1595 3227 iidem
1625 3161 1751 3246 plebani

351 3272 384 3331 et
397 3265 459 3347 alii,
482 3268 566 3329 sicut
587 3265 718 3329 tratrem
740 3266 909 3330 Hernicum
934 3267 972 3330 de
989 3268 1100 3331 ordine
1116 3269 1374 3332 Praedicatorum
1397 3269 1553 3331 miserunt
1575 3267 1615 3330 ad
1630 3267 1751 3330 curiam
1787 3271 1820 3323 ‘25

351 3369 391 3434 ad
414 3370 634 3434 excusandum
649 3370 786 3449 eosdem,
809 3371 854 3434 ita
876 3377 908 3434 et
930 3391 986 3454 per
1008 3392 1082 3435 enm
1097 3373 1195 3436 alium
1219 3374 1258 3435 de
1280 3373 1370 3435 curia
1392 3372 1493 3454 ipsius
1515 3372 1635 3434 domini
1656 3371 1751 3454 legati

351 3474 403 3538 vel
419 3474 458 3538 de
473 3474 566 3538 Buda
580 3480 818 3557 procuratorem
834 3474 1039 3558 principalem
1057 3476 1108 3540 vel
1124 3478 1333 3541 substitutum
1348 3477 1542 3539 constituere
1559 3482 1591 3540 et
1607 3476 1753 3539 ordinare

350 3583 535 3661 potuerunt,
558 3584 590 3641 et
612 3578 795 3662 peripsum
818 3579 948 3642 fratrem
970 3578 1139 3642 Herricum
1163 3580 1213 3642 vel
1237 3581 1335 3643 alium
1357 3580 1464 3643 literas
1487 3586 1519 3643 et
1540 3580 1753 3643 instrumenta

351 3700 463 3745 eorum
485 3681 654 3761 destinare,
677 3682 764 3763 quod
786 3683 846 3765 ipsi
862 3690 1023 3764 tamquam
1045 3682 1103 3746 filii
1118 3683 1255 3747 malitiae
1278 3690 1310 3746 et
1325 3684 1539 3765 subterfugias
1562 3690 1752 3764 quaerentes

351 3785 455 3850 tacere
477 3790 692 3849 cessaverunt
1787 3789 1823 3842 30

505 3888 587 3952 Item
602 3893 714 3951 eontra
728 3890 901 3973 scripturas
916 3895 949 3953 et
970 3892 1187 3954 attestationes
1203 3891 1375 3973 productas
1397 3897 1429 3954 et
1444 3896 1569 3973 apertas
1583 3891 1618 3953 in
1633 3891 1751 3954 iudicio

350 3993 538 4076 excipiendo
555 3993 631 4056 dicit
645 3994 825 4076 praedictus
841 3993 1006 4078 Philippus
1028 3995 1158 4058 nomine
1174 4014 1238 4076 quo
1257 4014 1361 4077 supra
1385 3994 1471 4076 quod
1487 3993 1608 4057 dictum
1623 3993 1751 4074 Syffridi

351 4096 466 4181 prioris
495 4096 534 4160 de
558 4096 697 4160 Candela
726 4099 815 4160 testis
844 4117 909 4160 non
939 4099 1034 4162 iurati
1065 4098 1190 4162 nullum
1220 4106 1350 4163 estnec
1372 4098 1512 4179 aliquam
1541 4096 1637 4161 fidem
1668 4099 1752 4179 tacit,

351 4219 425 4265 cum
447 4201 617 4284 singularis
640 4202 681 4265 sit
704 4202 735 4262 in
759 4201 842 4264 dicte
858 4221 927 4281 suo,
950 4208 983 4266 et
998 4202 1116 4265 dictum
1138 4203 1239 4286 ipsius
1256 4221 1375 4264 vanum
1398 4202 1439 4265 sit
1461 4206 1493 4264 et
1516 4201 1636 4264 nullam
1658 4201 1753 4266 fidem

351 4305 471 4368 faciens
485 4323 542 4368 seu
561 4304 778 4387 probationem
803 4305 1029 4387 impedimenti,
1052 4325 1125 4369 narn
1150 4325 1213 4368 non
1238 4306 1321 4374 dicit.
1347 4323 1445 4385 quare
1468 4311 1500 4367 et
1523 4324 1587 4385 qua
1604 4305 1643 4368 de
1658 4324 1754 4368 causa
1788 4309 1821 4361 35

351 4413 577 4472 testamentum
593 4408 698 4471 dictus
713 4408 861 4471 dominus
873 4408 1045 4472 Bertoldus
1060 4417 1249 4492 procurator
1264 4409 1338 4473 tecit
1354 4416 1385 4472 et
1402 4408 1519 4490 quibus
1533 4408 1754 4491 praesentibus

352 4517 385 4577 et
400 4531 464 4594 quo
479 4530 590 4576 mense
613 4530 669 4575 seu
693 4511 752 4593 die,
776 4518 808 4574 et
830 4512 857 4575 si
878 4521 1008 4595 propter
1030 4511 1247 4577 infirmitatem
1270 4512 1322 4576 vel
1345 4518 1474 4596 propter
1488 4512 1557 4575 alia
1586 4512 1654 4576 Neo
1669 4513 1754 4593 dicit

351 4617 385 4680 in
416 4635 481 4698 qua
508 4616 561 4679 via
582 4615 705 4698 positus
737 4621 805 4678 erat
827 4615 932 4679 dietus
957 4615 1106 4679 dominus
1128 4615 1299 4679 Bertoldus
1328 4622 1516 4700 procurator
1544 4621 1578 4679 et
1606 4615 1647 4678 ad
1677 4617 1753 4697 quid

352 4727 421 4784 erat
441 4721 476 4782 in
498 4718 583 4782 dicta
603 4718 657 4781 via
677 4718 809 4801 positus,
837 4720 936 4783 etsie
962 4722 1032 4784 eius
1055 4721 1175 4783 dictum
1205 4719 1331 4784 nullum
1353 4721 1466 4804 probat
1484 4716 1753 4804 impedimentum

353 4824 387 4887 in
409 4822 586 4908 praedietis.
1787 4828 1822 4881 40

507 4927 590 4990 Item
612 4926 688 4989 dicit
710 4926 830 4989 dietum
853 4926 996 4990 Nicholai
1019 4928 1143 4991 comitis
1163 4928 1341 4991 Salomonis
1363 4928 1581 5008 adolescentis,
1605 4930 1660 5010 qui
1685 4930 1753 4992 rice

353 5051 413 5096 sua
434 5036 467 5095 et
487 5031 586 5115 patris
608 5030 659 5095 sui
681 5030 836 5113 deposuit
858 5030 966 5094 literas
982 5031 1101 5094 domini
1123 5031 1278 5094 vaivodae
1300 5050 1334 5094 se
1358 5031 1475 5094 vidisse
1498 5032 1753 5095 comminatorias

353 5138 465 5198 contra
493 5134 594 5199 dictos
623 5139 844 5218 procuratores
874 5139 907 5198 et
928 5134 1072 5216 nuncios,
1103 5135 1179 5198 dicit
1201 5135 1325 5199 nullum
1350 5153 1420 5199 esse
1446 5141 1479 5199 et
1507 5135 1629 5198 nullam
1658 5135 1753 5198 tidem

353 5237 457 5302 iacere
471 5238 506 5301 in
520 5257 617 5302 eausa
630 5238 800 5322 praedicta
823 5258 897 5302 cum
912 5239 980 5322 ipse
1002 5240 1131 5302 nomine
1150 5239 1281 5303 alterius
1297 5239 1443 5323 deponat
1465 5258 1525 5304 nec
1541 5238 1633 5321 dicat
1657 5259 1753 5321 quarn

510 5409 531 5476 ¹)
554 5408 686 5479 Vorlopa:
703 5410 773 5463 exto.
1788 5408 1822 5461 lb
