4088 6292
961 601 1117 698 Q

339 791 494 856 decimam
523 810 581 855 seu
610 791 809 856 exactionem
841 792 934 855 aliam
967 793 1140 875 quamlibet
1174 793 1301 876 exigere
1331 798 1514 877 praesumat
1543 794 1582 858 ab
1613 793 1740 858 eisdem.

338 895 384 960 Ut
405 896 503 979 igitur
524 896 621 961 huius
643 901 771 960 nostrae
795 896 1018 960 rotihihitionis
1043 902 1075 960 et
1095 896 1344 961 confirmationis
1366 898 1464 961 series
1485 897 1584 960 robur
1600 896 1741 961 obtineat

337 1005 510 1084 perpetuae
532 998 690 1064 firmitatis
712 1019 772 1065 nec
794 1019 947 1083 processu
970 1001 1204 1083 temporumin
1226 1000 1352 1064 irritum
1366 1001 1467 1084 possit
1481 1001 1634 1082 revocari,
1650 1020 1740 1084 prae·

338 1108 445 1168 sentes
467 1104 683 1168 concessimus
704 1103 813 1168 literas
836 1104 971 1188 duphcis
994 1104 1088 1188 sigilli
1110 1105 1212 1168 nostri
1227 1105 1403 1169 munimine
1419 1103 1590 1168 roboratas.
1620 1103 1739 1167 Datum

337 1227 395 1291 per
417 1227 531 1272 manus
553 1207 681 1272 discreti
704 1208 766 1270 viri
788 1207 930 1290 magistri
944 1202 1098 1271 Theodori
1113 1206 1264 1271 Albensis
1279 1207 1430 1272 ecclesiae
1444 1209 1625 1291 praepositi,
1648 1208 1739 1273 aulae
1775 1216 1791 1268 5

337 1317 466 1376 nostrae
488 1311 738 1376 vicecancellarii
760 1310 866 1375 dilecti
890 1316 923 1375 et
943 1310 1046 1375 fidelis
1068 1312 1179 1393 nostri,
1201 1330 1285 1374 anno
1308 1311 1428 1374 domini
1450 1311 1499 1375 Ml
1518 1312 1584 1376 00⁰
1602 1331 1741 1396 nonage-

339 1415 418 1480 simo
441 1415 543 1497 tertio,
566 1415 701 1498 septimo
723 1416 801 1479 Idus
823 1415 1024 1499 Nouembris,
1047 1415 1137 1498 regni
1159 1421 1267 1479 autem
1289 1415 1391 1479 nostri
1412 1435 1496 1479 anno
1521 1422 1644 1498 quarto.

997 1743 1089 1828 265.

417 1910 522 1980 1293
549 1908 739 1981 November
770 1912 795 1979 7
817 1908 989 1981 hr'a1301
1013 1908 1231 1979 36666614.
1268 1908 1419 1997 Johoaa,
1447 1908 1661 1998 Erebaachof
1678 1933 1743 1982 666

339 2029 590 2118 1166666666
606 2029 778 2102 (lamecen
792 2029 1011 2121 heploalipea
1024 2030 1080 2101 dic
1097 2028 1261 2101 Urloaade
1274 2030 1334 2101 des
1345 2030 1650 2121 Kdaiquadreoc
1663 2030 1740 2101 ΙΙΙ.
1778 2049 1812 2103 10

339 2152 528 2224 6661293
546 2151 613 2222 Nr.
633 2154 718 2222 264
726 2152 798 2240 sar
816 2151 880 2223 dea
901 2149 1182 2241 Weiseeabarper
1199 2150 1352 2243 Kopitel.

500 2313 576 2384 069.
595 2314 675 2384 Pero.
699 2313 802 2384 Unger.
821 2314 1029 2369 Loadcaardtic
1047 2314 1198 2383 Budapeat.
1220 2314 1276 2370 Dic
1295 2314 1382 2385 Sicqel
1400 2332 1493 2368 waren
1511 2332 1549 2368 66
1568 2316 1742 2385 Pergameni·

444 2400 560 2468 atreifen
578 2401 741 2470 awehdagt.
760 2431 795 2440 -
812 2401 869 2455 Die
893 2402 1022 2456 Urhande
1040 2402 1076 2455 iat
1095 2402 1165 2456 nach
1180 2402 1383 2471 Auascrtipunp
1401 2419 1453 2456 666
1472 2402 1526 2456 Nr.
1544 2405 1604 2467 264,
1623 2402 1691 2455 noch
1707 2420 1743 2456 au

444 2486 590 2541 Lebeeitcn
607 2488 655 2543 dea
672 2487 782 2557 Ktoina
800 2489 931 2542 Andreae
949 2488 1012 2543 III.
1032 2489 1186 2558 auspestdlt
1203 2489 1322 2542 worden.

497 2609 609 2663 Druck:
631 2609 744 2664 Teutcch
761 2626 789 2663 6.
803 2609 966 2664 Firahober
984 2608 1056 2663 Stet.
1074 2609 1156 2663 Urlcb.
1175 2610 1201 2676 I,
1221 2613 1279 2663 186.
1306 2609 1416 2663 Weneel
1436 2608 1500 2663 Ood.
1519 2609 1626 2677 Arpad.
1650 2608 1682 2675 V,
1699 2612 1742 2663 83.
1780 2613 1812 2665 15

445 2695 630 2749 Denaaaianu
647 2695 814 2750 Documenta
831 2700 891 2750 623.

496 2868 591 2951 (Text
619 2870 675 2934 der
703 2868 850 2935 Urhuadc
876 2871 928 2935 dea
958 2870 1079 2956 Kdniqc
1103 2871 1246 2936 Andreas
1275 2869 1342 2933 ΙΠ.
1374 2892 1431 2935 oon
1460 2872 1549 2934 1293
1569 2870 1627 2936 Nr.
1653 2871 1745 2953 264.)

341 2974 409 3039 Nos
432 2974 518 3038 enim
532 2974 696 3039 iohannes
718 2976 770 3039 dei
791 2977 893 3060 gratia
916 2977 1171 3059 archiepiscopus
1192 2975 1383 3055 Colocensis,
1406 2975 1497 3040 aulae
1520 2976 1640 3039 domini
1662 2976 1746 3058 regis

342 3078 492 3142 Andreae
508 3079 724 3161 cancellarius,
737 3086 769 3143 et
780 3079 896 3143 Petrus
907 3080 1152 3143 lhanssiluanus
1167 3099 1204 3142 ac
1213 3079 1348 3143 Thomas
1358 3080 1534 3143 Boanensis
1545 3099 1602 3163 per
1613 3080 1746 3143 eandem

342 3182 491 3266 episcopi,
514 3182 590 3246 item
613 3184 711 3247 irater
726 3182 887 3247 Gerardus
909 3184 996 3267 prior
1018 3189 1051 3247 et
1073 3188 1251 3247 conventus
1274 3184 1407 3247 fratrum
1424 3183 1683 3247 Praedicatorum
1705 3182 1745 3245 de
1781 3190 1815 3244 20

342 3285 427 3350 Alba
454 3286 689 3369 Transsiluana,
720 3288 797 3350 item
826 3287 924 3350 irater
946 3287 1093 3350 Andreas
1118 3288 1205 3369 prior
1235 3293 1387 3369 totusque
1417 3293 1596 3352 conventus
1626 3286 1746 3350 ordinis

342 3390 477 3454 fratrum
491 3390 728 3454 Heremitarum
750 3392 852 3454 sancti
867 3391 1043 3473 Augustini
1066 3391 1105 3455 de
1120 3392 1239 3473 eadem,
1263 3393 1338 3473 quia
1361 3392 1513 3474 originale
1531 3391 1746 3474 praesentium

342 3494 534 3577 scriptorum
563 3494 715 3558 iratribus
743 3495 909 3558 memorati
940 3495 1070 3579 capituli
1093 3496 1243 3559 ecclesiae
1265 3496 1508 3561 Transsiluanae
1538 3495 1577 3559 de
1605 3496 1676 3558 loco
1706 3494 1746 3558 ad

342 3598 449 3661 locum
471 3605 602 3681 propter
623 3600 749 3663 viarum
771 3598 954 3662 discrimine
976 3619 1085 3662 secum
1114 3598 1236 3663 deferre
1259 3604 1366 3662 tutum
1388 3618 1458 3663 esse
1480 3618 1549 3661 non
1569 3598 1746 3682 videbatur,

343 3702 383 3765 ad
405 3703 591 3785 petitionem
614 3707 646 3766 et
668 3703 851 3766 instantiam
883 3704 1060 3786 praenotati
1083 3702 1212 3786 capituli
1243 3703 1464 3786 praesentibus
1487 3703 1628 3786 ipsarum
1649 3703 1747 3786 privi-
1782 3711 1816 3764 25

342 3806 504 3890 legiahum
533 3806 698 3871 literarum
729 3807 805 3871 dicti
831 3807 951 3870 domini
973 3806 1122 3870 Andreae
1151 3807 1235 3888 regis
1259 3806 1360 3870 eidem
1389 3806 1527 3889 capitulo
1557 3806 1747 3870 donatarum

343 3930 450 3974 coram
480 3910 573 3974 nohis
604 3911 643 3974 de
666 3910 765 3975 verbo
788 3912 828 3974 ad
858 3910 993 3974 verbum
1016 3930 1091 3974 cum
1114 3930 1239 3973 summa
1264 3910 1428 3994 diligentia
1457 3911 1681 3994 transscriptis,
1711 3914 1749 3972 ut

342 4014 462 4079 eisdem
488 4014 584 4098 plena
607 4013 687 4079 fides
713 4015 834 4098 ubique
860 4015 1005 4078 locorum
1031 4013 1227 4097 adhibeatur,
1254 4015 1357 4098 sigilla
1383 4020 1492 4078 nostra
1518 4015 1671 4077 duximus
1693 4034 1748 4097 ap-

343 4120 500 4202 ponenda

1000 4362 1091 4446 266.
1781 4385 1816 4440 so

421 4529 534 4600 1294.
557 4527 636 4600 Dae
657 4525 939 4618 Weesaearqer
951 4526 1095 4618 Kapitel
1114 4526 1250 4617 6666696
1262 4526 1318 4598 die
1332 4524 1536 4617 8666616669
1549 4486 1612 4597 der
1621 4523 1747 4614 Halfte

345 4649 409 4722 der
426 4648 616 4742 Besitaaap
638 4648 827 4721 Gerebeaes
844 4647 955 4719 durch
972 4646 1136 4719 Ehelleaa
1152 4670 1217 4719 666
1233 4646 1399 4720 Toroealeo
1418 4670 1465 4719 66
1481 4648 1576 4718 aeine
1598 4645 1746 4719 Vettera.

501 4812 614 4868 Druck:
634 4812 725 4868 (iodea
737 4810 854 4882 polliae
871 4812 922 4880 VI,
940 4815 993 4866 413
1004 4811 1076 4865 noda
1087 4811 1147 4866 666
1161 4810 1238 4881 Orio.
1251 4811 1332 4880 Perp.
1344 4810 1376 4866 in
1387 4812 1436 4866 der
1448 4810 1609 4881 86666669
1621 4808 1749 4864 Emeridt

447 4900 563 4970 Nayy'a
591 4899 680 4970 Sieqel
697 4898 816 4954 dornellae
835 4898 952 4967 Steropel
969 4897 1020 4951 wie
1037 4897 1092 4950 Nr.
1109 4901 1171 4964 216,
1189 4914 1229 4951 66
1246 4896 1429 4953 roth-waiam
1447 4897 1649 4952 Seidcnaehnur
1666 4912 1747 4966 cape·

446 4985 541 5056 nanu.
559 5016 593 5026 -
615 4985 728 5041 Teatech
746 4983 1265 5053 a.Firrmaeersao.Urao.1,18e
1782 4982 1816 5037 35

502 5162 685 5246 Capitulum
702 5162 854 5227 ecclesiae
869 5161 954 5225 beati
968 5160 1130 5225 Michaelis
1153 5160 1334 5244 archangeh
1349 5160 1575 5224 Transiluanae
1590 5157 1750 5222 universis

349 5263 466 5329 Christi
480 5263 629 5329 fidelibus
643 5271 708 5329 tam
731 5264 952 5349 praesentibus
969 5284 1065 5346 quam
1087 5264 1205 5327 futuris
1223 5283 1374 5347 praesens
1391 5264 1544 5347 scriptum
1559 5262 1750 5346 inspecturis

346 5367 483 5432 salutem
506 5368 540 5431 in
556 5369 699 5433 omnium
715 5368 881 5433 salvatore.
904 5369 1139 5433 Universorum
1161 5368 1292 5432 notitiae
1307 5368 1420 5431 harum
1438 5368 1520 5431 serie
1544 5366 1750 5447 declaramus,

346 5471 433 5553 quod
456 5471 605 5554 magister
618 5471 769 5537 Ehelleus
790 5471 877 5536 lilius
891 5472 1042 5536 Ehelleus
1065 5472 1104 5536 de
1118 5471 1290 5535 Turualrov
1311 5470 1520 5554 personaliter
1535 5488 1642 5532 coram
1656 5468 1750 5531 nobis
