4088 6292
180 3076 321 3130 Productio

175 3157 327 3225 procurato·

151 3256 153 3260 *
187 3233 313 3301 riorum‘)

180 3312 318 3380 utriusque

206 3390 296 3459 parus.

172 3702 327 3756 Procurato-

184 3780 252 3833 n'um
270 3780 316 3833 do-

171 3857 328 3913 miniSaucti

183 3952 231 4005 pro
248 3936 318 4005 eapi-

172 4014 327 4069 1111011108-

196 4091 306 4146 siluano.

225 4170 277 4225 Pro

188 4248 310 4317 capitulo.

978 600 1132 695 aaa

350 784 432 849 Item
454 784 622 849 Nicolaum
652 787 817 851 scabinum
848 789 888 852 de
920 789 1054 867 Uibium,
1088 789 1143 871 qui
1173 790 1298 853 iuratus
1327 789 1418 865 dixit
1452 810 1486 854 se
1516 790 1616 854 dictas
1645 791 1753 855 literas

351 888 472 952 domini
494 888 648 953 vairodae
671 891 788 954 vidisse
819 898 851 955 et
880 891 1048 955 audivisse.
1093 892 1174 955 Item
1202 893 1409 976 Heuiungum
1442 895 1598 957 nuncium
1623 896 1753 978 provin-

350 992 479 1057 cialium
502 993 541 1057 de
564 992 697 1075 Oibinio,
721 996 833 1076 quiin
856 996 978 1058 animas
992 996 1135 1078 ipsorum
1157 997 1400 1078 provincialium
1423 999 1548 1062 iuratus
1567 998 1647 1061 illud
1670 998 1753 1062 idem

351 1095 528 1160 affirmavit.
573 1096 653 1160 Item
676 1097 847 1162 Herricum
877 1107 1116 1183 procuratorem
1146 1097 1297 1162 ecclesiae
1329 1101 1471 1163 omnium
1500 1108 1684 1166 sanctorum
1713 1103 1753 1166 de

351 1197 536 1282 Keldenich
560 1201 616 1280 qui
631 1201 756 1265 iuratus
779 1203 862 1266 dixit
875 1202 955 1265 illud
970 1203 1063 1282 idem,
1086 1209 1119 1265 et
1133 1203 1264 1286 insuper
1280 1203 1362 1267 idem
1379 1204 1566 1269 Bertoldum
1582 1205 1753 1289 plebanum
1788 1216 1804 1267 ὅ

351 1302 502 1368 ecclesiae
530 1305 711 1388 praedictae
740 1305 959 1389 aplebcsauis
989 1307 1057 1369 suis
1086 1308 1126 1369 ad
1157 1309 1217 1370 iter
1246 1309 1462 1391 arripiendum
1499 1309 1597 1373 fuisse
1627 1310 1753 1393 publice

351 1406 558 1489 licentiatum,
589 1408 666 1472 item
688 1408 856 1474 Nicolaum
880 1411 1009 1473 hatrem
1040 1411 1114 1473 dicti
1138 1413 1354 1494 procuratoris
1376 1432 1449 1475 cum
1473 1414 1651 1477 iuramento
1674 1414 1754 1478 illud

350 1509 435 1574 idem
457 1517 660 1576 asserentem.
684 1512 764 1576 Item
782 1513 857 1577 dicti
879 1513 1008 1597 plebani
1022 1515 1055 1577 in
1079 1516 1129 1578 sui
1146 1516 1353 1579 excusatione
1369 1516 1477 1580 literas
1493 1517 1585 1580 nobis
1601 1517 1753 1601 plurimas

350 1619 604 1697 praesentarunt,
626 1616 774 1679 videlicet
796 1636 838 1681 cx
861 1624 950 1700 parte
973 1619 1191 1683 universitatis
1214 1620 1413 1694 Oibinieusis
1436 1621 1512 1684 item
1535 1621 1753 1685 universitatis

351 1716 391 1782 de
413 1716 524 1799 Sebys,
548 1719 625 1783 item
649 1719 776 1803 Georgii
798 1721 926 1804 plebani
949 1722 988 1785 de
1011 1722 1145 1801 Oibinio,
1168 1722 1243 1784 item
1267 1722 1401 1785 Walteri
1424 1725 1564 1806 magistri
1588 1725 1752 1807 hospitalis
1790 1734 1822 1788 10

351 1822 452 1884 sancti
483 1822 614 1905 spiritus
641 1824 778 1887 civitatis
809 1826 961 1908 ciusdem,
992 1828 1068 1890 item
1090 1826 1247 1890 Johauuis
1277 1825 1403 1910 plebani
1431 1827 1470 1890 de
1502 1828 1577 1891 villa
1599 1829 1752 1908 Vmberti,

352 1944 435 2007 quae
457 1945 568 1990 omues
591 1946 625 1991 se
648 1947 745 2011 super
766 1928 890 1992 literam
907 1930 1028 1993 donuni
1050 1931 1205 1994 vaivodae
1220 1931 1447 2012 fraudaverunt,
1470 1950 1511 2005 ex
1527 1933 1620 1995 cuius
1642 1936 1752 1995 tenore

350 2031 511 2113 perterriti
541 2031 582 2094 ad
610 2031 807 2115 praedictum
836 2033 898 2097 iter
919 2040 1143 2117 procuratores
1166 2035 1341 2098 eorundem
1373 2036 1544 2119 procedere
1567 2055 1632 2099 non
1655 2036 1753 2100 aude·

350 2134 437 2217 bant
459 2135 552 2199 cuius
574 2137 769 2200 corbanum
800 2137 904 2201 dictus
925 2138 1073 2221 princeps
1108 2144 1172 2201 tam
1195 2157 1369 2221 persuum
1392 2140 1555 2222 nuncium,
1578 2159 1675 2222 quam
1696 2158 1754 2223 per

351 2258 427 2303 suas
455 2238 564 2303 literas
594 2240 628 2302 in
658 2240 741 2303 dicto
772 2242 908 2304 termino
938 2261 1043 2304 coram
1075 2241 1167 2304 nobis
1198 2261 1275 2305 suae
1306 2242 1491 2306 intentionis
1518 2262 1665 2307 assereus
1686 2262 1751 2306 non
1789 2255 1821 2306 15

351 2343 450 2407 fauisse
472 2362 528 2407 eos
549 2343 702 2427 plebanos
725 2344 776 2408 vel
791 2351 1013 2428 procuratores
1029 2347 1204 2409 eorundem
1227 2345 1266 2408 ab
1289 2346 1415 2430 incepto
1431 2347 1544 2410 itinere
1560 2347 1752 2430 praepedire.

350 2447 439 2511 Haec
461 2447 559 2530 igitur
581 2448 626 2511 sic
649 2454 718 2511 acta
741 2455 773 2511 et
795 2468 901 2511 coram
925 2449 1017 2513 nobis
1042 2449 1194 2512 ventilata
1216 2455 1248 2512 et
1271 2451 1303 2512 in
1320 2450 1445 2533 scriptis
1467 2450 1604 2514 fideliter
1626 2450 1753 2513 redacta

351 2558 476 2615 vestrae
498 2552 680 2636 paternitati
703 2552 959 2616 transscribimus
974 2553 1151 2635 sigillorum
1168 2559 1351 2616 nostrorum
1367 2554 1543 2617 munimine
1558 2554 1753 2636 consignata,

351 2655 524 2718 terminum
546 2661 654 2719 autem
678 2655 865 2718 vicesimum
888 2657 971 2719 diem
994 2678 1013 2720 a
1036 2657 1109 2721 data
1131 2658 1347 2740 praesentium
1357 2657 1377 2734 ¹)
1400 2657 1543 2741 parthus
1570 2658 1751 2720 memoratis

353 2757 506 2822 duximus
540 2758 768 2841 assignandum
801 2778 906 2823 coram
940 2762 1129 2843 paternitate
1162 2767 1270 2825 vestra
1306 2762 1517 2845 peremptorie
1550 2761 1753 2845 comparendi
1788 2772 1823 2827 20

353 2862 388 2925 in
410 2881 507 2926 causa
528 2867 710 2926 memorata
733 2861 853 2927 Datum
868 2865 902 2927 in
918 2864 1000 2928 Vina
1023 2865 1174 2939 inferiori,
1197 2864 1312 2929 Sabato
1329 2866 1362 2927 in
1378 2865 1466 2947 albis,
1489 2865 1591 2929 Nonis
1608 2865 1754 2929 videlicet

352 2966 507 3050 sparse)
530 2985 614 3029 anno
638 2967 757 3030 domur
780 2945 821 3031 ir.
853 2946 938 3032 odo.
960 2947 1090 3045 virus)

508 3069 568 3134 Die
599 3068 710 3147 ultimo
743 3072 861 3135 mensis
883 3072 1003 3155 Aprilis
1033 3073 1289 3156 comparentibus
1319 3074 1352 3136 in
1383 3073 1499 3136 iudicio
1529 3093 1634 3137 coram
1669 3074 1753 3137 dicto

354 3174 483 3238 domino
514 3175 658 3240 auditore
680 3174 778 3239 Santo
807 3176 1027 3240 archidiacono
1060 3178 1099 3241 de
1121 3176 1268 3241 Karazna
1289 3179 1442 3240 canonico
1466 3177 1617 3242 ecclesiae
1639 3177 1753 3242 Trans·

354 3278 496 3344 siluanae
508 3299 550 3343 cx
563 3286 654 3363 parte
668 3299 735 3343 uua
749 3287 781 3343 et
796 3280 924 3343 domino
941 3280 1092 3344 Bertoldo
1109 3281 1228 3344 decano
1245 3282 1284 3344 de
1300 3280 1442 3345 Kelnelre
1459 3281 1593 3365 plebano
1610 3281 1752 3346 eiusdem
1788 3292 1822 3348 25

354 3383 415 3447 loci
444 3384 704 3467 procuratoribus
734 3385 817 3447 intra
846 3385 972 3468 scriptis
1005 3404 1046 3447 cx
1081 3390 1170 3467 parte
1203 3383 1310 3466 altera,
1346 3384 1480 3466 quilibet
1509 3387 1650 3470 ipsorum
1680 3405 1754 3469 pro-

354 3486 521 3552 duxerunt
541 3488 760 3571 procuratoris
780 3487 865 3550 inira
886 3488 1002 3571 scripta
1024 3487 1135 3570 sigillis
1159 3488 1373 3572 pendentibus
1395 3489 1538 3572 sigillata
1563 3489 1667 3553 Tenor
1680 3508 1754 3572 pro·

353 3591 505 3654 curatorii
526 3591 656 3675 capituli
677 3590 895 3654 Traussiluani
916 3591 988 3654 talis
1011 3597 1067 3654 cst

509 3696 577 3759 Nos
605 3695 780 3779 capitulum
810 3696 961 3759 ccclesiae
995 3696 1078 3759 beati
1108 3695 1270 3760 Michaelis
1301 3697 1481 3781 archangeli
1511 3695 1754 3760 lhaussiluanac

353 3800 569 3882 praesentium
599 3819 656 3883 per
685 3809 829 3864 tenorem
851 3799 1066 3883 significamus
1090 3801 1207 3881 quibus
1230 3802 1360 3884 expedit
1384 3801 1551 3881 universis,
1586 3799 1672 3882 quod
1694 3820 1754 3863 nos
1789 3811 1824 3864 30

354 3903 519 3967 dominum
549 3903 700 3967 Sanctum
732 3904 989 3968 archidiaconum
1020 3905 1059 3967 de
1089 3904 1234 3968 Karasua
1264 3906 1516 3968 concanonicum
1545 3909 1691 3968 nostrum
1720 3905 1753 3967 in

354 4008 444 4070 curia
466 4008 656 4071 venerabilis
678 4009 777 4092 patris
799 4008 905 4071 fratris
918 4007 1053 4072 Gentilis
1069 4009 1270 4072 miseratione
1286 4009 1394 4071 divina
1410 4009 1494 4072 tituli
1509 4010 1610 4073 sancti
1625 4009 1754 4073 Martini

354 4111 388 4174 in
410 4110 575 4175 Montibus
597 4112 776 4195 presbyteri
799 4112 977 4189 cardinalis,
1000 4112 1190 4196 apostolicae
1206 4112 1290 4176 sedis
1313 4111 1405 4195 legati
1429 4113 1463 4174 iu
1487 4113 1635 4176 omuibus
1650 4113 1755 4177 causis

354 4234 413 4279 scu
435 4216 580 4299 negotiis,
610 4234 693 4297 quae
715 4235 821 4279 coram
851 4217 920 4299 ipso
951 4216 1079 4279 domino
1110 4216 1212 4298 legato
1244 4215 1295 4279 vel
1325 4235 1430 4279 coram
1465 4234 1670 4297 quocumque
1692 4215 1754 4279 alio

353 4319 458 4383 iudice
492 4319 634 4401 delegato
665 4319 717 4382 rel
748 4320 907 4383 ordinario
942 4321 1026 4383 intra
1054 4320 1206 4384 terminos
1240 4337 1317 4382 suae
1350 4318 1518 4402 legationis
1551 4327 1663 4384 contra
1695 4338 1754 4384 uos
1789 4330 1823 4385 35

354 4429 561 4487 moverentur
572 4423 624 4486 vel
636 4442 696 4486 nos
711 4442 840 4487 movere
852 4442 982 4487 necesse
998 4424 1195 4503 haberemus,
1212 4428 1357 4486 nostrum
1373 4424 1606 4506 constituimus,
1621 4425 1755 4489 fecimus

354 4532 388 4590 et
409 4526 628 4589 ordinavimus
649 4546 760 4590 verum
776 4526 953 4609 legitimum
976 4533 1008 4591 et
1030 4525 1241 4590 sufficientem
1257 4526 1502 4609 generalemque
1516 4533 1754 4612 procuratorem

354 4636 387 4695 et
408 4631 577 4712 syndicum
600 4632 820 4713 nunciumque
851 4633 1019 4716 specialem
1042 4632 1081 4694 ad
1104 4632 1271 4715 agendum,
1302 4631 1546 4712 defendendum,
1572 4631 1754 4715 petendum,

354 4735 629 4818 interrogandum,
663 4734 937 4819 respondendum,
971 4735 1267 4816 contradicendum,
1301 4735 1528 4817 replicandum,
1560 4735 1754 4818 ponendum,

354 4838 578 4922 excipiendum
605 4838 852 4922 dilationemque
881 4842 1071 4925 petendum,
1101 4839 1306 4904 subeundum
1333 4839 1546 4903 iuramentum
1577 4838 1754 4902 calumniae
1788 4848 1824 4903 40

354 4947 387 5007 et
402 4942 441 5006 dc
455 4943 589 5006 veritate
604 4943 747 5025 dicenda,
769 4942 941 5006 iurandum
955 4944 989 5006 in
1012 4944 1134 5006 animas
1156 4948 1281 5005 nostras
1296 4948 1329 5006 ct
1350 4943 1390 5005 ad
1405 4942 1631 5026 praestandum
1647 4944 1754 5006 cuius·

353 5045 432 5110 libet
453 5047 579 5130 generis
601 5052 836 5110 sacramentum
858 5050 890 5109 et
911 5046 1127 5109 iuramentum
1143 5046 1366 5129 recusandum,
1388 5044 1615 5128 confitendum,
1639 5047 1754 5110 transi-

511 5216 532 5284 ¹)
549 5215 634 5285 Armi
650 5217 694 5270 24·

510 5302 533 5370 ¹)
550 5301 636 5371 aas
652 5305 678 5357 r.

511 5390 533 5456 ⁸)
550 5387 663 5443 mua.-
681 5388 768 5456 mja
788 5388 878 5444 cosa
900 5389 988 5457 rur,
1005 5394 1031 5458 r,
1048 5394 1092 5444 41.

511 5474 533 5546 ⁴)
555 5473 688 5545 Vortupc:
704 5464 807 5544 procu-r.
