4084 6302
1005 618 1069 683 482

496 806 573 878 θήρ.
591 807 672 876 Perp.
695 804 905 875 Kapitelorcbr'o
925 805 1153 860 Hmmauaatodt.
1184 802 1280 873 Sicpcl,
1303 802 1446 872 ερίὶεουαὶ,
1471 802 1668 856 Durchmesser
1693 804 1736 855 6‘1

444 893 604 949 damnarer
621 893 680 947 aad
697 896 740 947 34
761 893 928 960 declinator,
946 893 1052 947 weissen
1072 892 1179 959 Wacbs,
1198 909 1236 945 on
1247 891 1338 945 rather
1352 889 1553 943 Scidcrrschnur
1571 888 1735 957 anpcbdnpt.

446 979 596 1047 unomen
613 979 721 1034 uaetar:
738 979 765 1034 ε’
782 1006 788 1016 ·
804 979 1007 1034 curuantur
1022 1004 1028 1016 ·
1045 978 1105 1032 nm
1124 1001 1131 1014 ·
1147 978 1277 1031 esrom
1294 1001 1300 1012 ·
1317 965 1484 1030 lncmurr
1507 1002 1512 1011 ·
1534 974 1736 1029 armonem-

441 1065 541 1121 unsis
556 1090 563 1103 ·
584 1067 623 1121 In
640 1067 700 1121 dem
713 1065 857 1137 Siepelseld
874 1068 943 1119 oben
955 1065 1054 1118 Morta
1068 1066 1117 1118 mit
1135 1066 1195 1119 dem
1207 1065 1308 1131 Ktadc,
1327 1065 1461 1117 doraater
1479 1063 1552 1116 litata
1570 1063 1630 1115 eine
1644 1060 1737 1130 Fipur

443 1154 493 1207 mil
511 1153 603 1208 Mitra
626 1154 686 1207 und
703 1153 880 1220 Biscbosatob
897 1153 1016 1219 audead,
1045 1169 1094 1206 eor
1111 1152 1250 1205 deraelbrm
1273 1151 1332 1204 cina
1355 1167 1386 1204 ao
1410 1149 1626 1218 auspezcicbnete
1644 1147 1738 1217 Fipar
1773 1149 1789 1197 ι’»

441 1239 565 1294 Ιεπίεεηά.
584 1239 758 1308 Adpebr'ldct:
776 1240 902 1308 Battydn
920 1239 1007 1308 Lepre
1024 1239 1112 1293 eccles.
1130 1239 1157 1304 1,
1177 1242 1235 1292 197.

493 1360 606 1416 orer.-
624 1359 747 1415 saaua
765 1360 868 1415 rrae
886 1360 912 1428 r,
930 1364 991 1414 aas.

494 1537 698 1601 Ohanadinus
714 1536 764 1601 dei
779 1542 812 1601 et
823 1536 1013 1620 apostolicae
1028 1536 1112 1600 sedis
1128 1538 1230 1620 gratie
1244 1537 1499 1619 archiepiscopus
1511 1532 1737 1617 Strigoniensis

336 1641 464 1725 locique
486 1641 629 1706 eiusdem
652 1660 758 1705 comes
773 1646 948 1725 perpetuus
970 1641 1119 1705 omnibus
1135 1640 1250 1704 Christi
1273 1639 1421 1703 fidehbus
1442 1639 1657 1722 praesentium
1682 1656 1738 1699 no·

337 1745 440 1809 titiam
462 1745 618 1809 habituris
641 1744 776 1809 salutem
799 1745 832 1808 in
856 1745 983 1808 domino
1007 1744 1227 1808 benedictione
1249 1764 1322 1807 cum
1346 1750 1486 1827 paterna.
1512 1742 1600 1806 Inter
1621 1743 1738 1805 arduas
1776 1746 1808 1796 10

337 1848 562 1914 sollicitudinis
585 1853 712 1913 nostrae
735 1848 932 1932 praelaturae
955 1868 1049 1912 curas
1064 1848 1144 1911 illud
1166 1849 1335 1932 praecipue
1358 1848 1446 1931 angit
1467 1868 1523 1909 cor
1545 1853 1692 1910 nostrum
1706 1854 1739 1909 et

337 1952 521 2037 praecordia
543 1957 669 2017 nostrae
695 1952 957 2016 considerationis
987 1953 1102 2036 pungit
1124 1958 1156 2016 et
1182 1958 1370 2033 commovet
1393 1957 1431 2014 ut
1460 1951 1664 2014 ecclesiarum
1687 1951 1736 2014 dei

337 2062 440 2123 status
455 2057 548 2121 nobis
563 2057 738 2139 subiectus,
759 2057 977 2121 insollentium
993 2057 1224 2121 temeritatibus
1247 2057 1436 2139 exagitatus,
1460 2055 1560 2117 nostri
1575 2053 1738 2136 regiminis

337 2166 481 2246 tempore
496 2163 547 2226 sui
565 2161 769 2226 relevaminis
783 2162 945 2244 suscipere
960 2160 1081 2225 valeret
1095 2162 1336 2225 incrementum.
1364 2159 1413 2223 Ad
1437 2160 1495 2222 hoc
1511 2159 1595 2222 enim
1611 2158 1738 2222 divinae

336 2264 463 2349 pietatis
478 2265 647 2330 clementia
661 2284 758 2348 super
773 2265 903 2349 specula
918 2285 976 2327 nos
999 2266 1150 2348 prorexit
1164 2264 1312 2328 culminis
1327 2270 1516 2347 pastoratus
1538 2270 1575 2327 ut
1590 2263 1738 2326 ecclesias
1776 2265 1807 2313 15

336 2367 388 2432 dei
405 2369 439 2431 in
454 2367 541 2453 pacis
562 2368 801 2457 pulchritudine
823 2376 856 2433 et
878 2369 928 2433 sui
951 2369 1081 2433 honoris
1104 2369 1299 2433 incremento
1323 2370 1488 2433 foveamus
1511 2375 1544 2432 et
1558 2367 1613 2430 ubi
1629 2386 1737 2431 earum

336 2476 455 2536 statum
484 2492 548 2537 usu
570 2472 723 2557 sacrilego
747 2474 880 2557 profane
910 2474 1070 2536 temeritas
1097 2475 1307 2557 impugnaret,
1336 2472 1381 2535 ibi
1403 2473 1430 2536 si
1452 2493 1517 2535 non
1548 2471 1738 2554 temporalis,

335 2575 447 2639 saltem
462 2576 636 2658 spiritualis
650 2576 775 2660 gladius
797 2577 983 2659 procederet
997 2577 1038 2640 ad
1053 2577 1234 2640 vindictam.
1264 2577 1349 2641 Hinc
1372 2577 1523 2659 estquod
1538 2574 1738 2639 honorabiles

339 2684 372 2744 et
393 2680 521 2744 discreti
543 2680 605 2743 viri
627 2680 782 2744 canssimi
804 2680 838 2743 in
861 2680 986 2744 Christo
1008 2679 1066 2743 filii
1087 2681 1189 2744 nostri
1217 2681 1440 2745 universitates
1462 2678 1610 2742 videlicet
1631 2676 1738 2760 pleba-
1766 2697 1768 2700 ’

336 2802 452 2849 norum
476 2783 718 2866 Zybiniensium
741 2789 774 2849 et
789 2784 828 2848 de
843 2784 960 2848 Brasso
976 2804 1033 2867 per
1050 2784 1211 2849 sollennes
1226 2786 1362 2849 nuncios
1377 2803 1489 2849 eorum
1505 2783 1652 2847 videlicet
1674 2782 1738 2845 dis·
1773 2782 1808 2836 20

335 2893 440 2953 cretos
469 2887 556 2953 viros
585 2888 732 2953 dominos
754 2888 968 2959 Walhrunum
999 2889 1155 2952 decanum
1179 2888 1405 2970 Cybiniensem
1436 2893 1469 2952 et
1497 2885 1669 2971 plebanum
1699 2885 1739 2948 de

335 2991 563 3057 Stolchenberh
585 3012 623 3057 ao
637 2992 823 3057 Michaelem
845 2993 1002 3057 decanum
1022 2994 1061 3056 de
1075 2993 1193 3057 Brasso
1214 3012 1339 3056 necnon
1361 2991 1534 3075 plebanum
1550 2991 1589 3053 de
1604 2989 1739 3069 Corona,

336 3101 369 3161 et
389 3097 486 3162 etiam
507 3096 618 3179 rigore
641 3116 772 3161 suarum
795 3097 959 3161 literarum
982 3116 1059 3161 suae
1089 3097 1326 3160 communitatis
1348 3096 1459 3179 sigillis
1482 3096 1738 3177 consignatorum

336 3200 526 3283 querulosae
540 3220 616 3265 suae
631 3201 878 3284 supplicationes
893 3202 1011 3265 uostris
1027 3201 1159 3265 auribus
1175 3220 1212 3265 eo
1229 3200 1322 3264 modo
1338 3199 1555 3283 propalarunt
1579 3199 1738 3281 quomodo

338 3305 468 3388 quidam
489 3305 587 3368 immo
610 3304 737 3388 plurimi
768 3305 869 3388 ipsius
891 3305 990 3388 partis
1016 3304 1209 3369 habitatores
1232 3324 1291 3368 sua
1319 3305 1448 3387 propria
1468 3303 1560 3367 lucra
1581 3309 1738 3368 sectantes
1773 3301 1807 3353 25

338 3410 372 3472 in
394 3408 625 3494 praeiudicium
649 3414 752 3472 status
774 3408 988 3489 ecclesiastici,
1011 3408 1239 3491 temporalibus
1258 3428 1324 3471 non
1347 3408 1498 3487 contenti,
1521 3406 1739 3490 spiritualibus

336 3531 371 3578 se
399 3513 578 3577 immiscere
607 3512 643 3575 in
673 3516 890 3595 contemptum
914 3512 1014 3575 divim
1041 3513 1179 3575 nominis
1201 3518 1233 3575 et
1265 3512 1455 3594 derogamen
1486 3531 1563 3575 suae
1592 3511 1739 3594 propriae

337 3616 450 3681 salutis
472 3615 657 3680 nullatenus
680 3615 897 3695 formidarent,
931 3615 1109 3699 spiritualia
1130 3616 1214 3679 enim
1238 3616 1355 3681 iudicia
1377 3617 1437 3679 sub
1460 3614 1607 3679 exanrine
1630 3614 1739 3677 iudicii

336 3719 509 3785 saecrrlans
530 3720 762 3800 discernentur,
792 3720 888 3782 immo
911 3720 945 3781 in
968 3739 1064 3782 usum
1091 3720 1305 3783 attraxissent.
1336 3718 1544 3783 Sacerdotum
1567 3720 1661 3782 eham
1684 3718 1738 3781 de·

335 3823 517 3889 cedentium
532 3824 617 3887 bona
631 3828 781 3907 raperent
800 3828 832 3887 et
846 3824 880 3886 in
896 3843 973 3887 suos
992 3843 1072 3886 usus
1087 3823 1265 3887 saeculares
1284 3828 1472 3887 convertere
1488 3842 1551 3885 non
1568 3827 1737 3886 cessarent.
1774 3823 1808 3876 30

334 3926 403 3991 Nec
424 3927 486 4011 ipsi
506 3927 687 3991 sacerdotes
710 3927 900 3992 decedentes
928 3928 962 3989 in
986 3928 1053 3990 rita
1082 3927 1134 3990 vel
1156 3927 1190 3989 in
1220 3933 1331 4005 morte,
1362 3927 1513 4007 cuiquam
1535 3925 1662 4008 legendi
1684 3925 1738 3987 ha-

335 4030 449 4095 berent
478 4032 669 4096 facultatem.
710 4030 801 4095 Tales
831 4032 981 4095 chamin
1012 4031 1165 4115 plebanos
1195 4038 1228 4094 et
1249 4039 1388 4095 rectores
1411 4031 1537 4108 curae1)
1560 4031 1738 4094 animarum

338 4155 470 4200 suarum
498 4136 533 4199 in
563 4136 641 4200 locis
662 4135 809 4220 plurimis
839 4135 956 4220 ehgere
978 4141 1086 4200 essent
1107 4137 1235 4216 assueti,
1266 4138 1323 4218 qui
1345 4155 1447 4199 annos
1477 4135 1677 4199 discretionis
1706 4140 1740 4197 et

337 4245 462 4324 tempus
484 4239 660 4322 legitimum
690 4259 757 4303 non
780 4239 941 4304 habereut.
975 4240 1043 4304 Nec
1066 4240 1292 4322 parochialium
1320 4240 1511 4324 populorum
1543 4258 1620 4302 suae
1643 4258 1738 4302 curae

339 4344 532 4408 creditorum
548 4344 728 4408 animarum
744 4344 838 4407 saluti
854 4363 1041 4407 succurrere
1057 4344 1202 4408 valerent
1217 4345 1356 4408 remedio
1373 4350 1552 4427 opportuno
1568 4362 1628 4407 neo
1643 4344 1738 4407 etiam
1773 4342 1807 4395 35

336 4449 549 4513 ecclesiastica
570 4454 770 4512 sacramenta
792 4448 887 4531 digne
902 4448 1073 4531 impertire.
1096 4446 1213 4511 Essent
1235 4449 1330 4512 etiam
1352 4448 1480 4532 plurimi
1504 4447 1736 4530 praedictorum

334 4553 544 4637 plebanorum
567 4557 600 4617 et
622 4553 827 4617 ecclesiarum
849 4558 1010 4616 rectorum
1041 4553 1142 4635 ipsius
1164 4553 1263 4635 partis
1280 4552 1449 4632 ffbonorum
1471 4570 1604 4635 operum
1626 4558 1738 4615 contu·

334 4657 467 4740 meliosi,
498 4656 554 4739 qui
584 4656 662 4720 dum
692 4656 788 4720 iidem
815 4654 942 4739 plebani
971 4661 1003 4720 et
1034 4656 1239 4720 ecclesiarum
1270 4661 1408 4720 rectores
1438 4656 1570 4721 salutari
1598 4656 1738 4720 remedio

335 4759 514 4824 animarum
543 4779 675 4824 suarum
698 4760 866 4824 consulere
896 4760 1098 4824 intendentes
1126 4760 1233 4841 aliqua
1262 4762 1314 4844 pia
1336 4780 1433 4845 opera
1461 4761 1502 4824 ad
1531 4760 1658 4824 laudem
1689 4780 1739 4824 ec-

335 4863 450 4927 clesiae
472 4868 609 4946 sanotae,
639 4870 842 4928 aeternorum
865 4864 1133 4948 contemplatione
1164 4866 1375 4948 praemiorum
1399 4871 1432 4929 et
1462 4866 1615 4929 honorem
1638 4865 1739 4949 ipsius
1773 4862 1809 4915 40

338 4966 492 5050 crucifixi,
522 4968 579 5051 qui
600 4968 721 5051 proprii
751 4969 802 5032 sui
824 4969 947 5033 cruoris
977 4988 1055 5032 nece
1086 4969 1210 5052 lapsum
1241 4970 1372 5033 humani
1400 4970 1527 5054 generis
1557 4970 1739 5051 vindicavit

340 5071 509 5156 disponere
530 5071 717 5155 stabilirent
740 5073 846 5137 verbis
868 5092 980 5137 eorum
1001 5079 1057 5136 aut
1072 5073 1172 5153 iactis
1196 5074 1285 5137 velut
1307 5073 1465 5138 bonorum
1484 5093 1616 5158 operum
1639 5074 1740 5136 invidi

335 5176 605 5260 reprehendentes
628 5197 694 5241 non
716 5178 945 5260 permitterent,
968 5178 1074 5260 ipsum
1092 5176 1212 5240 bonum
1235 5197 1348 5241 eorum
1368 5178 1568 5261 propositum
1590 5196 1740 5240 consum-

335 5299 432 5344 mare.
454 5280 571 5344 Adhuc
586 5282 680 5345 etiam
703 5281 780 5344 dum
802 5280 837 5344 in
853 5281 930 5365 ipsis
952 5281 1096 5365 partibus
1118 5301 1176 5365 pro
1193 5281 1334 5365 legitima
1355 5287 1388 5345 et
1409 5281 1550 5345 evidenti
1566 5300 1662 5345 causa
1682 5299 1740 5363 per

337 5384 534 5468 superiorem
549 5384 696 5468 generale
711 5385 930 5468 imponeretru
944 5385 1149 5450 interdictum
1164 5385 1303 5468 rehgiosi
1319 5403 1447 5451 servare
1462 5406 1528 5449 non
1544 5393 1694 5450 curarent
1709 5390 1741 5448 et
1774 5383 1809 5436 45

490 5539 511 5610 ¹)
535 5536 670 5608 Vernae,-
687 5554 750 5593 cure
767 5538 818 5593 mit
835 5538 1128 5610 Abla'trmrparcr'cbea
1144 5537 1196 5607 star
1213 5554 1229 5591 r
1245 5538 1314 5593 atbar
1330 5554 1359 5593 a.
