4084 6302
1044 620 1106 684 olo

374 810 408 873 in
431 810 649 894 redemptione
671 810 855 894 pecuniaria
869 810 1025 892 restituta,
1048 830 1105 894 pro
1122 811 1232 876 eodem
1249 811 1380 875 Nicolao
1403 811 1468 875 fibo
1483 811 1667 897 Hennengii
1688 833 1777 878 nunc

374 915 537 997 superstiti
560 913 771 999 approbantes
794 913 931 977 valitura
953 920 1106 998 perpetuo
1130 914 1363 979 confimamus.
1392 914 1511 979 Datum
1533 916 1566 979 in
1581 915 1721 1001 Lypche‚
1742 919 1776 980 in

375 1016 454 1079 festo
479 1015 561 1080 beati
584 1016 713 1080 Martini
735 1016 936 1099 confessoris,
959 1038 1043 1082 anne
1067 1019 1186 1082 domini
1209 1017 1258 1081 Μ0
1289 997 1369 1082 CO&
1388 1018 1493 1085 Xlina.

536 1152 631 1218 Uare
659 1155 726 1218 den
751 1152 866 1237 Sieqel:
900 1155 1023 1220 Relatio
1054 1163 1086 1219 et
1109 1158 1288 1219 commissio
1320 1158 1474 1221 vaivodae
1498 1157 1596 1222 verbo
1627 1159 1713 1241 regio
1736 1158 1776 1221 ad

374 1257 532 1341 duplicem
557 1277 659 1321 meam
682 1260 932 1341 requisitionem.
1813 1271 1830 1322 5

1017 1571 1125 1653 aaa.

461 1751 662 1842 Wiaocprad
697 1756 796 1824 1341
830 1752 973 1823 Januor
999 1755 1058 1823 15.
1104 1752 1221 1843 Kiiaiq
1253 1753 1348 1823 Korl
1383 1752 1541 1842 beroart
1576 1752 1632 1823 die
1667 1751 1779 1825 &aaa

374 1873 504 1945 Heracle
528 1875 567 1944 ia
594 1874 671 1946 dem
697 1873 816 1946 Basita
840 1897 905 1946 voa
932 1873 1130 1965 Epyadorf.

533 2036 609 2108 θήρ.
629 2039 709 2108 Perp.
738 2038 841 2108 Unger.
860 2037 1121 2091 Notionolmuseam
1139 2037 1290 2105 Budapeat.
1317 2036 1413 2106 Siapel,
1431 2037 1514 2103 rand,
1537 2036 1644 2092 waiam
1667 2036 1777 2105 Worba,

477 2139 537 2177 war
561 2125 618 2192 auf
635 2125 684 2179 der
703 2125 846 2180 Riiclaocitc
870 2124 1059 2192 oufpedratclt.
1078 2153 1112 2162 —
1131 2123 1187 2177 Die
1210 2124 1339 2177 Urbuada
1363 2123 1399 2177 ist
1424 2123 1495 2177 oracla
1516 2123 1704 2193 &spumabat
1721 2138 1775 2177 voa
1814 2123 1848 2175 10

479 2208 574 2280 Ktoip
590 2211 710 2281 Ludwig
723 2211 748 2264 I.
768 2214 836 2265 1349
854 2211 912 2263 aad
930 2209 979 2262 mit
991 2210 1080 2263 dieser
1097 2209 1227 2264 Urbunde
1244 2227 1298 2263 voa
1315 2210 1465 2265 dnnaalbea
1479 2214 1554 2277 1367,
1576 2209 1651 2279 θήῃ.
1670 2210 1774 2278 Unger.

480 2296 742 2352 Notioaaolmuseam
759 2297 911 2365 Badapest.

530 2471 597 2535 Nos
620 2472 758 2536 Karolus
788 2474 839 2537 dei
869 2473 970 2556 gratia
999 2492 1058 2536 rex
1081 2472 1266 2553 Huugariae
1293 2477 1402 2535 tenore
1432 2474 1648 2556 praesentium
1678 2473 1775 2556 signi·

374 2575 505 2639 ficamus
529 2576 647 2657 quibus
669 2578 800 2661 expedit
816 2578 983 2657 universis,
1007 2576 1093 2658 quod
1117 2595 1158 2639 ex
1183 2577 1382 2657 querimonia
1397 2576 1525 2640 Martini
1547 2576 1605 2640 iiiii
1619 2576 1776 2640 lobannis

375 2680 450 2743 dicti
473 2680 578 2744 Henel
607 2701 676 2763 suo,
705 2680 844 2745 Ladizlai
873 2686 906 2745 et
927 2679 1050 2743 Nicolai
1080 2679 1215 2743 fratrum
1245 2700 1378 2743 suorum
1392 2681 1537 2771 *nomine
1560 2680 1652 2762 iacta,
1682 2680 1776 2743 datur
1812 2687 1848 2739 15

375 2784 467 2847 uobis
488 2784 632 2867 intelligi,
655 2785 740 2866 quod
757 2785 949 2848 universitas
971 2782 1163 2867 populorum
1186 2802 1243 2847 seu
1264 2784 1427 2848 bominum
1444 2783 1483 2848 de
1499 2783 1661 2865 Byztricia
1682 2789 1715 2847 et
1736 2782 1776 2845 ad

375 2887 507 2951 eandmn
534 2888 762 2971 pertinentium
792 2886 970 2973 specialiter
991 2887 1132 2970 hospites
1155 2885 1194 2949 de
1215 2884 1296 2950 laad
1319 2891 1434 2949 terram
1462 2905 1520 2950 seu
1541 2886 1776 2970 possessiouem

375 2991 543 3075 Epyndori
572 2998 726 3072 vocatam,
755 3011 852 3073 quam
882 3010 941 3054 uos
971 3011 1028 3074 pro
1055 2990 1204 3054 fidelibus
1234 2989 1396 3070 obsequiis
1425 2990 1595 3053 meritoriis
1624 2989 1775 3073 praedicti

374 3096 532 3160 lobannis
547 3096 622 3159 dicti
637 3096 741 3160 Henel
757 3095 855 3179 patris
870 3114 981 3159 eorum
1001 3094 1061 3159 sibi
1075 3095 1109 3156 iu
1125 3093 1208 3157 filios
1222 3093 1361 3156 filiorum
1376 3093 1476 3157 veluti
1491 3094 1630 3176 legitime
1649 3100 1775 3158 nostrae

374 3201 479 3283 regiae
491 3199 650 3263 collationi
659 3201 872 3283 pertinentem
883 3206 1055 3283 perpetuae
1067 3198 1247 3261 donationis
1259 3197 1351 3260 titulo
1363 3197 1537 3261 contulisse
1549 3197 1774 3281 dignoscimur,
1810 3202 1849 3256 ‘20

375 3304 461 3386 ipsos
491 3302 574 3366 lilios
595 3302 751 3367 lobannis
782 3303 821 3366 de
851 3302 961 3365 eadem
984 3301 1185 3365 excludendo
1215 3301 1254 3364 ab
1277 3301 1354 3384 ipsis
1383 3306 1568 3384 usurpatam
1599 3301 1777 3366 detinerent

375 3414 407 3472 et
438 3413 606 3472 uterentur
636 3408 669 3469 in
692 3407 918 3470 detrimentum
942 3405 1042 3468 nostri
1072 3404 1202 3468 honoris
1225 3411 1256 3468 et
1277 3422 1407 3487 gravem
1429 3404 1584 3467 iacturam
1614 3405 1694 3468 iuris
1723 3424 1776 3468 eo·

375 3511 519 3575 rundem.
545 3510 637 3574 Unde
653 3528 727 3572 cum
740 3528 799 3571 nos
811 3516 907 3592 prout
922 3514 1029 3572 nostro
1042 3507 1198 3571 incumbit
1213 3508 1375 3591 regiminis
1391 3507 1494 3571 officio
1511 3527 1775 3591 unumquemque

376 3614 607 3696 regnicolarum
625 3618 806 3675 nostrorum
822 3611 856 3673 in
872 3630 930 3674 suo
948 3612 1016 3675 iure
1032 3630 1222 3675 conservare
1238 3611 1418 3693 debeamus,
1439 3618 1545 3676 tamen
1560 3611 1623 3675 illis
1639 3631 1776 3693 quorum

376 3725 482 3800 patres
504 3724 537 3779 et
557 3716 777 3800 progenitores
807 3713 966 3797 regalibus
988 3715 1194 3779 adhaerentes
1225 3717 1362 3779 servitiis
1384 3735 1418 3779 se
1441 3722 1473 3779 et
1494 3735 1552 3798 per
1574 3735 1775 3798 consequeus
1811 3722 1847 3775 25

376 3842 487 3885 eorum
503 3826 648 3905 posteros
663 3820 858 3883 studuerunt
869 3837 942 3901 erga
959 3839 1018 3881 nos
1032 3818 1157 3883 efficere
1169 3820 1323 3902 gratiosos
1335 3819 1525 3883 favorabiles
1540 3838 1609 3883 esse
1624 3819 1777 3883 debemus

377 3933 408 3988 et
431 3932 587 4006 tenemur,
610 3930 643 3988 et
658 3923 734 4005 quia
750 3943 808 3986 nos
831 3923 914 3986 inter
936 3929 1059 3987 ceteros
1074 3930 1201 3987 nostros
1222 3922 1333 3987 fideles
1350 3923 1509 4007 praefatos
1524 3921 1606 3985 filios
1620 3922 1776 3987 lobannis

376 4029 451 4093 dicti
474 4027 578 4092 Henel
601 4027 773 4091 recordatis
796 4027 991 4091 multimodis
1009 4025 1214 4091 fidelitatibus
1237 4033 1269 4092 et
1289 4026 1433 4091 fidelium
1456 4026 1683 4109 obsequiorum
1706 4046 1777 4109 gra·

377 4133 467 4197 tuitis
496 4133 617 4196 merids
647 4130 790 4196 eiusdem
811 4129 968 4194 lobannis
990 4130 1023 4191 in
1053 4130 1214 4212 praedicta
1236 4131 1407 4195 donatione
1430 4136 1539 4194 nostra
1568 4128 1715 4213 pacificos
1745 4136 1777 4194 et

378 4237 503 4319 quietos
519 4241 746 4300 conservantes
762 4238 969 4297 manutenere
986 4233 1189 4297 intendimus,
1214 4233 1261 4298 Ob
1277 4235 1337 4297 boc
1360 4254 1419 4298 nos
1439 4239 1643 4298 memoratam
1659 4218 1775 4296 terram
1812 4241 1848 4294 30

376 4360 434 4404 seu
456 4341 688 4424 possessionem
711 4337 879 4421 Epyudorf
909 4344 971 4399 tam
994 4357 1014 4400 a
1035 4337 1203 4420 praedictis
1226 4357 1322 4421 quam
1350 4338 1389 4401 ab
1413 4338 1561 4402 omnibus
1584 4336 1653 4400 aliis
1676 4337 1775 4420 ipsam

377 4445 516 4508 indebite
531 4450 564 4508 et
577 4443 835 4527 praesumptione
850 4441 1018 4505 temeraria
1032 4441 1217 4524 occupando
1238 4461 1393 4531 usurpare
1409 4440 1620 4505 innitentibus
1636 4440 1675 4504 de
1691 4440 1778 4523 regia

376 4553 532 4632 potestate
547 4546 729 4610 auferentes
743 4550 776 4609 et
798 4550 985 4609 revocantes
1006 4545 1100 4608 iuxta
1114 4545 1281 4627 primariae
1296 4552 1423 4609 nostrae
1439 4544 1619 4608 donationis
1635 4544 1775 4628 vigorem

377 4672 450 4715 cum
474 4650 622 4715 omuibus
644 4651 711 4714 suis
726 4647 917 4713 utilitatibus
939 4655 971 4712 et
985 4648 1185 4731 pertiuentiis
1206 4649 1367 4713 universis
1389 4648 1558 4712 submotis
1580 4654 1612 4711 et
1634 4647 1777 4711 terminis

377 4756 445 4819 suis
467 4755 552 4819 veris
574 4759 606 4817 et
628 4753 768 4835 antiquis
790 4751 963 4835 reddimus,
993 4752 1190 4816 restituimus
1213 4759 1245 4815 et
1266 4751 1385 4816 eisdem
1408 4750 1555 4833 Martiae,
1577 4750 1721 4814 Ladislao
1744 4756 1777 4815 et
1811 4759 1847 4813 35

377 4858 509 4923 Nicolao
538 4856 612 4922 filiis
633 4856 790 4920 lobannis
812 4875 849 4919 aa
871 4856 1013 4939 ipsorum
1043 4858 1179 4940 posteris
1202 4856 1307 4920 denuo
1331 4855 1531 4919 conferentes
1560 4855 1774 4939 praesentium

378 4962 551 5047 patrocinio
564 4960 790 5025 confirmamus
804 4959 934 5042 pacifice
945 4967 978 5023 et
990 4961 1096 5043 quiete
1108 4960 1341 5045 possidendam,
1357 4958 1526 5023 tenendam
1542 4964 1575 5022 et
1590 4957 1775 5022 habendam.

376 5066 495 5130 Datum
518 5067 551 5129 in
566 5064 771 5147 Wyssegrad,
795 5064 888 5126 tertio
911 5063 962 5127 die
977 5070 1161 5128 octavarum
1184 5064 1256 5128 festi
1279 5063 1518 5148 epiphaniarum
1539 5046 1669 5143 domini,
1692 5082 1776 5125 anno

377 5169 520 5234 eiusdem
543 5167 708 5252 millesimo
732 5145 817 5231 OOC.
832 5165 930 5232 XLffo
952 5168 1062 5251 primo.

540 5303 636 5371 uara
656 5304 724 5370 dem
747 5303 863 5388 Sieyel:
884 5305 1008 5370 Relatio
1030 5306 1193 5371 vairodae.
1810 5313 1848 5369 4ο
