<?xml version="1.0" encoding="UTF-8"?>
<!DOCTYPE html PUBLIC "-//W3C//DTD XHTML 1.0 Transitional//EN"
    "http://www.w3.org/TR/xhtml1/DTD/xhtml1-transitional.dtd">
<html xmlns="http://www.w3.org/1999/xhtml" xml:lang="en" lang="en">
 <head>
  <title>
</title>
<meta http-equiv="Content-Type" content="text/html;charset=utf-8" />
  <meta name='ocr-system' content='tesseract 3.04.00' />
  <meta name='ocr-capabilities' content='ocr_page ocr_carea ocr_par ocr_line ocrx_word'/>
</head>
<body>
  <div class='ocr_page' id='page_1' title='image "./urkundenbuchzur00mlgoog_0111.png"; bbox 0 0 4064 6288; ppageno 0'>
   <div class='ocr_carea' id='block_1_1' title="bbox 974 597 1128 693">
    <p class='ocr_par' dir='ltr' id='par_1_1' title="bbox 974 597 1128 693">
     <span class='ocr_line' id='line_1_1' title="bbox 974 597 1128 693; baseline 0 -33"><span class='ocrx_word' id='word_1_1' title='bbox 974 597 1128 693; x_wconf 55' lang='lat' dir='ltr'>—rl—</span> 
     </span>
    </p>
   </div>
   <div class='ocr_carea' id='block_1_2' title="bbox 278 784 1820 5528">
    <p class='ocr_par' dir='ltr' id='par_1_2' title="bbox 351 784 1816 2216">
     <span class='ocr_line' id='line_1_2' title="bbox 352 784 1747 871; baseline 0.004 -24"><span class='ocrx_word' id='word_1_2' title='bbox 352 784 437 847; x_wconf 83' lang='lat' dir='ltr'>infra</span> <span class='ocrx_word' id='word_1_3' title='bbox 465 784 617 848; x_wconf 90' lang='lat' dir='ltr'>terminos</span> <span class='ocrx_word' id='word_1_4' title='bbox 645 786 955 869; x_wconf 84' lang='lat' dir='ltr'>praenominatarum</span> <span class='ocrx_word' id='word_1_5' title='bbox 985 792 1142 851; x_wconf 87' lang='lat' dir='ltr'>terrarum</span> <span class='ocrx_word' id='word_1_6' title='bbox 1163 787 1359 869; x_wconf 90' lang='lat' dir='ltr'>ubicumque</span> <span class='ocrx_word' id='word_1_7' title='bbox 1384 786 1475 850; x_wconf 85' lang='lat' dir='ltr'>factis</span> <span class='ocrx_word' id='word_1_8' title='bbox 1505 786 1557 850; x_wconf 92' lang='lat' dir='ltr'>vel</span> <span class='ocrx_word' id='word_1_9' title='bbox 1586 786 1747 871; x_wconf 77' lang='lat' dir='ltr'>faciendis,</span> 
     </span>
     <span class='ocr_line' id='line_1_3' title="bbox 352 887 1747 975; baseline 0.003 -24"><span class='ocrx_word' id='word_1_10' title='bbox 352 893 574 971; x_wconf 76' lang='lat' dir='ltr'>praeterquam</span> <span class='ocrx_word' id='word_1_11' title='bbox 604 888 688 951; x_wconf 88' lang='lat' dir='ltr'>intra</span> <span class='ocrx_word' id='word_1_12' title='bbox 715 887 821 970; x_wconf 84' lang='lat' dir='ltr'>Lytua</span> <span class='ocrx_word' id='word_1_13' title='bbox 849 909 996 954; x_wconf 91' lang='lat' dir='ltr'>necnon</span> <span class='ocrx_word' id='word_1_14' title='bbox 1019 890 1169 956; x_wconf 88' lang='lat' dir='ltr'>aediliciis</span> <span class='ocrx_word' id='word_1_15' title='bbox 1191 898 1224 956; x_wconf 90' lang='lat' dir='ltr'>et</span> <span class='ocrx_word' id='word_1_16' title='bbox 1245 890 1447 974; x_wconf 80' lang='lat' dir='ltr'>agriculturis</span> <span class='ocrx_word' id='word_1_17' title='bbox 1470 890 1618 954; x_wconf 91' lang='lat' dir='ltr'>omnibus</span> <span class='ocrx_word' id='word_1_18' title='bbox 1639 910 1747 975; x_wconf 89' lang='lat' dir='ltr'>sump-</span> 
     </span>
     <span class='ocr_line' id='line_1_4' title="bbox 354 990 1747 1077; baseline 0.004 -23"><span class='ocrx_word' id='word_1_19' title='bbox 354 990 439 1054; x_wconf 88' lang='lat' dir='ltr'><strong>tibus</strong></span> <span class='ocrx_word' id='word_1_20' title='bbox 461 991 595 1054; x_wconf 80' lang='lat' dir='ltr'>fratrum</span> <span class='ocrx_word' id='word_1_21' title='bbox 617 992 719 1056; x_wconf 90' lang='lat' dir='ltr'>diotae</span> <span class='ocrx_word' id='word_1_22' title='bbox 735 992 849 1056; x_wconf 91' lang='lat' dir='ltr'>domus</span> <span class='ocrx_word' id='word_1_23' title='bbox 870 994 970 1076; x_wconf 87' lang='lat' dir='ltr'>factis,</span> <span class='ocrx_word' id='word_1_24' title='bbox 993 996 1107 1058; x_wconf 82' lang='lat' dir='ltr'>tenetis</span> <span class='ocrx_word' id='word_1_25' title='bbox 1123 1014 1252 1077; x_wconf 90' lang='lat' dir='ltr'>quoque</span> <span class='ocrx_word' id='word_1_26' title='bbox 1272 1013 1330 1058; x_wconf 90' lang='lat' dir='ltr'>seu</span> <span class='ocrx_word' id='word_1_27' title='bbox 1345 993 1529 1057; x_wconf 89' lang='lat' dir='ltr'>animalium</span> <span class='ocrx_word' id='word_1_28' title='bbox 1544 1000 1576 1058; x_wconf 92' lang='lat' dir='ltr'>et</span> <span class='ocrx_word' id='word_1_29' title='bbox 1597 1013 1747 1077; x_wconf 89' lang='lat' dir='ltr'>pecorum</span> 
     </span>
     <span class='ocr_line' id='line_1_5' title="bbox 351 1096 1747 1181; baseline 0.004 -24"><span class='ocrx_word' id='word_1_30' title='bbox 351 1114 485 1158; x_wconf 90' lang='lat' dir='ltr'>suorum</span> <span class='ocrx_word' id='word_1_31' title='bbox 506 1096 641 1178; x_wconf 76' lang='lat' dir='ltr'>pascuis,</span> <span class='ocrx_word' id='word_1_32' title='bbox 671 1096 801 1179; x_wconf 79' lang='lat' dir='ltr'>piscinis</span> <span class='ocrx_word' id='word_1_33' title='bbox 830 1097 934 1179; x_wconf 90' lang='lat' dir='ltr'>etiam,</span> <span class='ocrx_word' id='word_1_34' title='bbox 964 1117 1046 1180; x_wconf 87' lang='lat' dir='ltr'>quae</span> <span class='ocrx_word' id='word_1_35' title='bbox 1076 1118 1163 1162; x_wconf 91' lang='lat' dir='ltr'>nunc</span> <span class='ocrx_word' id='word_1_36' title='bbox 1186 1104 1262 1162; x_wconf 90' lang='lat' dir='ltr'>sunt</span> <span class='ocrx_word' id='word_1_37' title='bbox 1283 1097 1334 1161; x_wconf 90' lang='lat' dir='ltr'>vel</span> <span class='ocrx_word' id='word_1_38' title='bbox 1368 1096 1447 1160; x_wconf 85' lang='lat' dir='ltr'>fient</span> <span class='ocrx_word' id='word_1_39' title='bbox 1467 1116 1525 1181; x_wconf 90' lang='lat' dir='ltr'>per</span> <span class='ocrx_word' id='word_1_40' title='bbox 1547 1098 1642 1181; x_wconf 90' lang='lat' dir='ltr'>ipsos,</span> <span class='ocrx_word' id='word_1_41' title='bbox 1665 1117 1747 1180; x_wconf 91' lang='lat' dir='ltr'>quae</span> 
     </span>
     <span class='ocr_line' id='line_1_6' title="bbox 353 1198 1797 1287; baseline 0.003 -27"><span class='ocrx_word' id='word_1_42' title='bbox 353 1198 459 1260; x_wconf 91' lang='lat' dir='ltr'>cmnia</span> <span class='ocrx_word' id='word_1_43' title='bbox 481 1198 521 1262; x_wconf 88' lang='lat' dir='ltr'>ad</span> <span class='ocrx_word' id='word_1_44' title='bbox 542 1199 684 1282; x_wconf 92' lang='lat' dir='ltr'>ipsorum</span> <span class='ocrx_word' id='word_1_45' title='bbox 707 1199 841 1264; x_wconf 76' lang='lat' dir='ltr'>fratrum</span> <span class='ocrx_word' id='word_1_46' title='bbox 863 1221 959 1264; x_wconf 91' lang='lat' dir='ltr'>usum</span> <span class='ocrx_word' id='word_1_47' title='bbox 980 1202 1177 1285; x_wconf 71' lang='lat' dir='ltr'>integraliter</span> <span class='ocrx_word' id='word_1_48' title='bbox 1199 1202 1348 1266; x_wconf 89' lang='lat' dir='ltr'>volumus</span> <span class='ocrx_word' id='word_1_49' title='bbox 1374 1202 1511 1283; x_wconf 90' lang='lat' dir='ltr'>retineri,</span> <span class='ocrx_word' id='word_1_50' title='bbox 1533 1208 1659 1286; x_wconf 91' lang='lat' dir='ltr'>praeter</span> <span class='ocrx_word' id='word_1_51' title='bbox 1681 1204 1745 1287; x_wconf 93' lang='lat' dir='ltr'>pis·</span> <span class='ocrx_word' id='word_1_52' title='bbox 1781 1213 1797 1265; x_wconf 80' lang='lat'><strong>5</strong></span> 
     </span>
     <span class='ocr_line' id='line_1_7' title="bbox 352 1300 1747 1388; baseline 0.006 -25"><span class='ocrx_word' id='word_1_53' title='bbox 352 1302 492 1365; x_wconf 89' lang='lat' dir='ltr'>cationes</span> <span class='ocrx_word' id='word_1_54' title='bbox 521 1300 661 1365; x_wconf 89' lang='lat' dir='ltr'>Danubii</span> <span class='ocrx_word' id='word_1_55' title='bbox 695 1322 732 1366; x_wconf 90' lang='lat' dir='ltr'>ac</span> <span class='ocrx_word' id='word_1_56' title='bbox 763 1305 903 1387; x_wconf 77' lang='lat' dir='ltr'>piscinae</span> <span class='ocrx_word' id='word_1_57' title='bbox 935 1304 974 1368; x_wconf 93' lang='lat' dir='ltr'>de</span> <span class='ocrx_word' id='word_1_58' title='bbox 1005 1304 1132 1387; x_wconf 80' lang='lat' dir='ltr'>Cheley,</span> <span class='ocrx_word' id='word_1_59' title='bbox 1163 1325 1243 1388; x_wconf 89' lang='lat' dir='ltr'>quas</span> <span class='ocrx_word' id='word_1_60' title='bbox 1272 1305 1365 1369; x_wconf 90' lang='lat' dir='ltr'>nobis</span> <span class='ocrx_word' id='word_1_61' title='bbox 1394 1312 1427 1368; x_wconf 91' lang='lat' dir='ltr'>et</span> <span class='ocrx_word' id='word_1_62' title='bbox 1455 1306 1533 1388; x_wconf 90' lang='lat' dir='ltr'>ipsis</span> <span class='ocrx_word' id='word_1_63' title='bbox 1562 1324 1747 1371; x_wconf 89' lang='lat' dir='ltr'>communes</span> 
     </span>
     <span class='ocr_line' id='line_1_8' title="bbox 353 1404 1748 1493; baseline 0.004 -25"><span class='ocrx_word' id='word_1_64' title='bbox 353 1423 562 1469; x_wconf 83' lang='lat' dir='ltr'>reservamus.</span> <span class='ocrx_word' id='word_1_65' title='bbox 600 1404 811 1470; x_wconf 79' lang='lat' dir='ltr'>concedmus</span> <span class='ocrx_word' id='word_1_66' title='bbox 840 1408 945 1490; x_wconf 89' lang='lat' dir='ltr'>etiam,</span> <span class='ocrx_word' id='word_1_67' title='bbox 976 1407 1062 1490; x_wconf 93' lang='lat' dir='ltr'>quod</span> <span class='ocrx_word' id='word_1_68' title='bbox 1085 1408 1286 1472; x_wconf 87' lang='lat' dir='ltr'>medietatem</span> <span class='ocrx_word' id='word_1_69' title='bbox 1314 1409 1455 1472; x_wconf 89' lang='lat' dir='ltr'>omnium</span> <span class='ocrx_word' id='word_1_70' title='bbox 1477 1415 1693 1493; x_wconf 84' lang='lat' dir='ltr'>proventuum</span> <span class='ocrx_word' id='word_1_71' title='bbox 1716 1416 1748 1474; x_wconf 90' lang='lat' dir='ltr'>et</span> 
     </span>
     <span class='ocr_line' id='line_1_9' title="bbox 351 1509 1748 1597; baseline 0.004 -25"><span class='ocrx_word' id='word_1_72' title='bbox 351 1509 534 1591; x_wconf 83' lang='lat' dir='ltr'>utilitatum,</span> <span class='ocrx_word' id='word_1_73' title='bbox 559 1529 641 1592; x_wconf 89' lang='lat' dir='ltr'>quae</span> <span class='ocrx_word' id='word_1_74' title='bbox 663 1510 702 1573; x_wconf 91' lang='lat' dir='ltr'>ab</span> <span class='ocrx_word' id='word_1_75' title='bbox 723 1510 822 1573; x_wconf 90' lang='lat' dir='ltr'>Olatis</span> <span class='ocrx_word' id='word_1_76' title='bbox 844 1517 961 1575; x_wconf 88' lang='lat' dir='ltr'>terram</span> <span class='ocrx_word' id='word_1_77' title='bbox 983 1511 1089 1594; x_wconf 87' lang='lat' dir='ltr'>Lytua</span> <span class='ocrx_word' id='word_1_78' title='bbox 1109 1512 1324 1576; x_wconf 74' lang='lat' dir='ltr'>habitantibus</span> <span class='ocrx_word' id='word_1_79' title='bbox 1347 1518 1481 1597; x_wconf 90' lang='lat' dir='ltr'>excepta</span> <span class='ocrx_word' id='word_1_80' title='bbox 1502 1518 1587 1577; x_wconf 88' lang='lat' dir='ltr'>terra</span> <span class='ocrx_word' id='word_1_81' title='bbox 1607 1513 1748 1578; x_wconf 86' lang='lat' dir='ltr'>Harsaoc</span> 
     </span>
     <span class='ocr_line' id='line_1_10' title="bbox 352 1613 1747 1699; baseline 0.004 -23"><span class='ocrx_word' id='word_1_82' title='bbox 352 1632 426 1676; x_wconf 91' lang='lat' dir='ltr'>cum</span> <span class='ocrx_word' id='word_1_83' title='bbox 447 1613 680 1697; x_wconf 91' lang='lat' dir='ltr'>pertinentibus</span> <span class='ocrx_word' id='word_1_84' title='bbox 703 1615 769 1677; x_wconf 91' lang='lat' dir='ltr'>suis</span> <span class='ocrx_word' id='word_1_85' title='bbox 792 1617 859 1697; x_wconf 81' lang='lat' dir='ltr'>regi</span> <span class='ocrx_word' id='word_1_86' title='bbox 881 1615 1078 1699; x_wconf 85' lang='lat' dir='ltr'>colligentur,</span> <span class='ocrx_word' id='word_1_87' title='bbox 1095 1615 1208 1680; x_wconf 89' lang='lat' dir='ltr'>domus</span> <span class='ocrx_word' id='word_1_88' title='bbox 1230 1615 1394 1698; x_wconf 86' lang='lat' dir='ltr'>hospitalis</span> <span class='ocrx_word' id='word_1_89' title='bbox 1408 1616 1560 1699; x_wconf 91' lang='lat' dir='ltr'>percipiat</span> <span class='ocrx_word' id='word_1_90' title='bbox 1582 1617 1747 1681; x_wconf 88' lang='lat' dir='ltr'>antedicta</span> 
     </span>
     <span class='ocr_line' id='line_1_11' title="bbox 351 1715 1816 1798; baseline 0.002 -21"><span class='ocrx_word' id='word_1_91' title='bbox 351 1715 511 1781; x_wconf 85' lang='lat' dir='ltr'>Volumus</span> <span class='ocrx_word' id='word_1_92' title='bbox 533 1718 637 1797; x_wconf 88' lang='lat' dir='ltr'>etiam,</span> <span class='ocrx_word' id='word_1_93' title='bbox 660 1717 747 1798; x_wconf 89' lang='lat' dir='ltr'>quod</span> <span class='ocrx_word' id='word_1_94' title='bbox 768 1719 934 1782; x_wconf 90' lang='lat' dir='ltr'>memorati</span> <span class='ocrx_word' id='word_1_95' title='bbox 957 1718 1041 1782; x_wconf 90' lang='lat' dir='ltr'>Olati</span> <span class='ocrx_word' id='word_1_96' title='bbox 1070 1720 1110 1783; x_wconf 87' lang='lat' dir='ltr'>ad</span> <span class='ocrx_word' id='word_1_97' title='bbox 1132 1720 1349 1784; x_wconf 84' lang='lat' dir='ltr'>defensionem</span> <span class='ocrx_word' id='word_1_98' title='bbox 1371 1724 1474 1784; x_wconf 90' lang='lat' dir='ltr'>terrae</span> <span class='ocrx_word' id='word_1_99' title='bbox 1497 1725 1529 1783; x_wconf 93' lang='lat' dir='ltr'>et</span> <span class='ocrx_word' id='word_1_100' title='bbox 1550 1720 1590 1783; x_wconf 91' lang='lat' dir='ltr'>ad</span> <span class='ocrx_word' id='word_1_101' title='bbox 1612 1720 1745 1786; x_wconf 85' lang='lat' dir='ltr'>iniurias</span> <span class='ocrx_word' id='word_1_102' title='bbox 1783 1727 1816 1781; x_wconf 89' lang='lat'>10</span> 
     </span>
     <span class='ocr_line' id='line_1_12' title="bbox 351 1820 1747 1904; baseline 0.004 -22"><span class='ocrx_word' id='word_1_103' title='bbox 351 1820 582 1904; x_wconf 86' lang='lat' dir='ltr'>propulsandas</span> <span class='ocrx_word' id='word_1_104' title='bbox 605 1840 663 1884; x_wconf 92' lang='lat' dir='ltr'>seu</span> <span class='ocrx_word' id='word_1_105' title='bbox 685 1821 891 1903; x_wconf 87' lang='lat' dir='ltr'>ulciscendas,</span> <span class='ocrx_word' id='word_1_106' title='bbox 916 1841 997 1904; x_wconf 93' lang='lat' dir='ltr'>quae</span> <span class='ocrx_word' id='word_1_107' title='bbox 1012 1823 1051 1886; x_wconf 88' lang='lat' dir='ltr'>ab</span> <span class='ocrx_word' id='word_1_108' title='bbox 1068 1824 1229 1887; x_wconf 91' lang='lat' dir='ltr'>extraneis</span> <span class='ocrx_word' id='word_1_109' title='bbox 1244 1828 1371 1886; x_wconf 88' lang='lat' dir='ltr'>nostrae</span> <span class='ocrx_word' id='word_1_110' title='bbox 1387 1822 1499 1885; x_wconf 91' lang='lat' dir='ltr'>ditioni</span> <span class='ocrx_word' id='word_1_111' title='bbox 1515 1842 1580 1886; x_wconf 91' lang='lat' dir='ltr'>non</span> <span class='ocrx_word' id='word_1_112' title='bbox 1596 1824 1747 1888; x_wconf 90' lang='lat' dir='ltr'>subiectis</span> 
     </span>
     <span class='ocr_line' id='line_1_13' title="bbox 353 1924 1748 2011; baseline 0.004 -24"><span class='ocrx_word' id='word_1_113' title='bbox 353 1924 555 2005; x_wconf 84' lang='lat' dir='ltr'>inferrentur,</span> <span class='ocrx_word' id='word_1_114' title='bbox 578 1925 641 1987; x_wconf 91' lang='lat' dir='ltr'>iam</span> <span class='ocrx_word' id='word_1_115' title='bbox 664 1925 755 1989; x_wconf 89' lang='lat' dir='ltr'>dictis</span> <span class='ocrx_word' id='word_1_116' title='bbox 769 1925 921 1990; x_wconf 88' lang='lat' dir='ltr'>fratribus</span> <span class='ocrx_word' id='word_1_117' title='bbox 936 1946 1010 1989; x_wconf 92' lang='lat' dir='ltr'>cum</span> <span class='ocrx_word' id='word_1_118' title='bbox 1025 1934 1178 2011; x_wconf 87' lang='lat' dir='ltr'>apparatu</span> <span class='ocrx_word' id='word_1_119' title='bbox 1197 1947 1255 1990; x_wconf 92' lang='lat' dir='ltr'>suo</span> <span class='ocrx_word' id='word_1_120' title='bbox 1279 1926 1391 1990; x_wconf 90' lang='lat' dir='ltr'>bellico</span> <span class='ocrx_word' id='word_1_121' title='bbox 1407 1926 1563 2009; x_wconf 76' lang='lat' dir='ltr'>assistere,</span> <span class='ocrx_word' id='word_1_122' title='bbox 1586 1933 1619 1991; x_wconf 92' lang='lat' dir='ltr'>et</span> <span class='ocrx_word' id='word_1_123' title='bbox 1640 1947 1748 1992; x_wconf 91' lang='lat' dir='ltr'>econ-</span> 
     </span>
     <span class='ocr_line' id='line_1_14' title="bbox 351 2012 1748 2112; baseline 0.005 -23"><span class='ocrx_word' id='word_1_124' title='bbox 351 2047 445 2092; x_wconf 90' lang='lat' dir='ltr'>verso</span> <span class='ocrx_word' id='word_1_125' title='bbox 474 2012 535 2112; x_wconf 82' lang='lat' dir='ltr'>ipsi</span> <span class='ocrx_word' id='word_1_126' title='bbox 565 2028 678 2092; x_wconf 82' lang='grc'><strong>1111111</strong></span> <span class='ocrx_word' id='word_1_127' title='bbox 706 2029 740 2091; x_wconf 89' lang='lat' dir='ltr'>in</span> <span class='ocrx_word' id='word_1_128' title='bbox 763 2029 889 2093; x_wconf 88' lang='lat' dir='ltr'>casibus</span> <span class='ocrx_word' id='word_1_129' title='bbox 911 2030 1129 2095; x_wconf 85' lang='lat' dir='ltr'>consimilibus</span> <span class='ocrx_word' id='word_1_130' title='bbox 1160 2031 1206 2095; x_wconf 91' lang='lat' dir='ltr'>eis</span> <span class='ocrx_word' id='word_1_131' title='bbox 1228 2030 1406 2094; x_wconf 88' lang='lat' dir='ltr'>subsidium</span> <span class='ocrx_word' id='word_1_132' title='bbox 1429 2035 1461 2094; x_wconf 90' lang='lat' dir='ltr'>et</span> <span class='ocrx_word' id='word_1_133' title='bbox 1483 2031 1632 2095; x_wconf 90' lang='lat' dir='ltr'>iuvamen</span> <span class='ocrx_word' id='word_1_134' title='bbox 1654 2032 1748 2096; x_wconf 87' lang='lat' dir='ltr'>iuxta</span> 
     </span>
     <span class='ocr_line' id='line_1_15' title="bbox 351 2132 1747 2216; baseline 0.004 -22"><span class='ocrx_word' id='word_1_135' title='bbox 351 2151 445 2215; x_wconf 90' lang='lat' dir='ltr'>posse</span> <span class='ocrx_word' id='word_1_136' title='bbox 466 2132 650 2215; x_wconf 89' lang='lat' dir='ltr'>impendere</span> <span class='ocrx_word' id='word_1_137' title='bbox 672 2138 848 2197; x_wconf 89' lang='lat' dir='ltr'>teneantur.</span> <span class='ocrx_word' id='word_1_138' title='bbox 871 2133 923 2197; x_wconf 84' lang='lat' dir='ltr'>Ad</span> <span class='ocrx_word' id='word_1_139' title='bbox 944 2134 1022 2198; x_wconf 92' lang='lat' dir='ltr'>haec</span> <span class='ocrx_word' id='word_1_140' title='bbox 1038 2136 1077 2199; x_wconf 95' lang='lat' dir='ltr'>de</span> <span class='ocrx_word' id='word_1_141' title='bbox 1099 2134 1228 2215; x_wconf 86' lang='lat' dir='ltr'>salibus,</span> <span class='ocrx_word' id='word_1_142' title='bbox 1251 2152 1333 2216; x_wconf 91' lang='lat' dir='ltr'>quos</span> <span class='ocrx_word' id='word_1_143' title='bbox 1354 2134 1395 2197; x_wconf 88' lang='lat' dir='ltr'>ad</span> <span class='ocrx_word' id='word_1_144' title='bbox 1410 2153 1506 2197; x_wconf 89' lang='lat' dir='ltr'>usum</span> <span class='ocrx_word' id='word_1_145' title='bbox 1528 2134 1630 2199; x_wconf 91' lang='lat' dir='ltr'>dictae</span> <span class='ocrx_word' id='word_1_146' title='bbox 1645 2141 1747 2199; x_wconf 89' lang='lat' dir='ltr'>terrae</span> 
     </span>
    </p>

    <p class='ocr_par' dir='ltr' id='par_1_3' title="bbox 278 2235 1820 5528">
     <span class='ocr_line' id='line_1_16' title="bbox 352 2235 1816 2320; baseline -0.002 -21"><span class='ocrx_word' id='word_1_147' title='bbox 352 2240 385 2299; x_wconf 91' lang='lat' dir='ltr'>et</span> <span class='ocrx_word' id='word_1_148' title='bbox 411 2235 539 2299; x_wconf 90' lang='lat' dir='ltr'>illarum</span> <span class='ocrx_word' id='word_1_149' title='bbox 568 2236 706 2319; x_wconf 90' lang='lat' dir='ltr'>partium</span> <span class='ocrx_word' id='word_1_150' title='bbox 733 2256 847 2301; x_wconf 87' lang='lat' dir='ltr'>versus</span> <span class='ocrx_word' id='word_1_151' title='bbox 875 2237 1067 2320; x_wconf 84' lang='lat' dir='ltr'>Bulgariam,</span> <span class='ocrx_word' id='word_1_152' title='bbox 1098 2237 1242 2302; x_wconf 85' lang='lat' dir='ltr'>Greciam</span> <span class='ocrx_word' id='word_1_153' title='bbox 1272 2243 1304 2302; x_wconf 91' lang='lat' dir='ltr'>et</span> <span class='ocrx_word' id='word_1_154' title='bbox 1334 2236 1521 2300; x_wconf 82' lang='lat' dir='ltr'>Cumaniam</span> <span class='ocrx_word' id='word_1_155' title='bbox 1554 2237 1748 2302; x_wconf 91' lang='lat' dir='ltr'>sufficienter</span> <span class='ocrx_word' id='word_1_156' title='bbox 1784 2245 1816 2297; x_wconf 84' lang='lat'>15</span> 
     </span>
     <span class='ocr_line' id='line_1_17' title="bbox 278 2334 1749 2424; baseline 0.004 -24"><span class='ocrx_word' id='word_1_157' title='bbox 278 2334 289 2361; x_wconf 74' lang='lat'>⁸</span> <span class='ocrx_word' id='word_1_158' title='bbox 352 2338 468 2401; x_wconf 89' lang='lat' dir='ltr'>deferri</span> <span class='ocrx_word' id='word_1_159' title='bbox 490 2339 702 2422; x_wconf 76' lang='lat' dir='ltr'>concedmus,</span> <span class='ocrx_word' id='word_1_160' title='bbox 724 2340 763 2404; x_wconf 92' lang='lat' dir='ltr'>de</span> <span class='ocrx_word' id='word_1_161' title='bbox 786 2359 989 2422; x_wconf 88' lang='lat' dir='ltr'>quacumque</span> <span class='ocrx_word' id='word_1_162' title='bbox 1015 2341 1183 2405; x_wconf 88' lang='lat' dir='ltr'>salifodina</span> <span class='ocrx_word' id='word_1_163' title='bbox 1197 2341 1414 2405; x_wconf 87' lang='lat' dir='ltr'>Ultrasilvana</span> <span class='ocrx_word' id='word_1_164' title='bbox 1428 2340 1625 2405; x_wconf 90' lang='lat' dir='ltr'>commodius</span> <span class='ocrx_word' id='word_1_165' title='bbox 1641 2361 1749 2424; x_wconf 91' lang='lat' dir='ltr'>sump-</span> 
     </span>
     <span class='ocr_line' id='line_1_18' title="bbox 352 2441 1747 2529; baseline 0.004 -25"><span class='ocrx_word' id='word_1_166' title='bbox 352 2441 438 2505; x_wconf 86' lang='lat' dir='ltr'>tibus</span> <span class='ocrx_word' id='word_1_167' title='bbox 460 2441 552 2505; x_wconf 86' lang='lat' dir='ltr'>nobis</span> <span class='ocrx_word' id='word_1_168' title='bbox 580 2448 613 2506; x_wconf 91' lang='lat' dir='ltr'>et</span> <span class='ocrx_word' id='word_1_169' title='bbox 639 2443 716 2527; x_wconf 90' lang='lat' dir='ltr'>ipsis</span> <span class='ocrx_word' id='word_1_170' title='bbox 746 2443 968 2509; x_wconf 90' lang='lat' dir='ltr'>communibus</span> <span class='ocrx_word' id='word_1_171' title='bbox 997 2446 1122 2508; x_wconf 83' lang='lat' dir='ltr'>extrahi</span> <span class='ocrx_word' id='word_1_172' title='bbox 1143 2450 1304 2529; x_wconf 81' lang='lat' dir='ltr'>poterunt,</span> <span class='ocrx_word' id='word_1_173' title='bbox 1332 2443 1420 2507; x_wconf 91' lang='lat' dir='ltr'>salvo</span> <span class='ocrx_word' id='word_1_174' title='bbox 1449 2444 1483 2506; x_wconf 92' lang='lat' dir='ltr'>in</span> <span class='ocrx_word' id='word_1_175' title='bbox 1506 2445 1655 2509; x_wconf 90' lang='lat' dir='ltr'>omnibus</span> <span class='ocrx_word' id='word_1_176' title='bbox 1676 2445 1747 2510; x_wconf 89' lang='lat' dir='ltr'>iure</span> 
     </span>
     <span class='ocr_line' id='line_1_19' title="bbox 352 2544 1748 2631; baseline 0.004 -25"><span class='ocrx_word' id='word_1_177' title='bbox 352 2544 531 2627; x_wconf 91' lang='lat' dir='ltr'>episcopali,</span> <span class='ocrx_word' id='word_1_178' title='bbox 560 2564 619 2609; x_wconf 93' lang='lat' dir='ltr'>nec</span> <span class='ocrx_word' id='word_1_179' title='bbox 649 2564 714 2608; x_wconf 90' lang='lat' dir='ltr'>non</span> <span class='ocrx_word' id='word_1_180' title='bbox 744 2546 784 2611; x_wconf 92' lang='grc'>(11</span> <span class='ocrx_word' id='word_1_181' title='bbox 813 2554 949 2629; x_wconf 86' lang='lat' dir='ltr'>moneta,</span> <span class='ocrx_word' id='word_1_182' title='bbox 981 2567 1063 2630; x_wconf 90' lang='lat' dir='ltr'>quae</span> <span class='ocrx_word' id='word_1_183' title='bbox 1093 2549 1157 2612; x_wconf 92' lang='lat' dir='ltr'>illic</span> <span class='ocrx_word' id='word_1_184' title='bbox 1186 2548 1225 2611; x_wconf 92' lang='lat' dir='ltr'>de</span> <span class='ocrx_word' id='word_1_185' title='bbox 1256 2548 1421 2612; x_wconf 85' lang='lat' dir='ltr'>voluntate</span> <span class='ocrx_word' id='word_1_186' title='bbox 1451 2548 1538 2631; x_wconf 82' lang='lat' dir='ltr'>regia</span> <span class='ocrx_word' id='word_1_187' title='bbox 1561 2555 1593 2611; x_wconf 94' lang='lat' dir='ltr'>et</span> <span class='ocrx_word' id='word_1_188' title='bbox 1614 2548 1748 2611; x_wconf 90' lang='lat' dir='ltr'>consilio</span> 
     </span>
     <span class='ocr_line' id='line_1_20' title="bbox 352 2648 1749 2735; baseline 0.003 -25"><span class='ocrx_word' id='word_1_189' title='bbox 352 2648 564 2730; x_wconf 90' lang='lat' dir='ltr'>praeceptoris</span> <span class='ocrx_word' id='word_1_190' title='bbox 587 2648 701 2714; x_wconf 92' lang='lat' dir='ltr'>domus</span> <span class='ocrx_word' id='word_1_191' title='bbox 723 2650 817 2731; x_wconf 87' lang='lat' dir='ltr'>illius,</span> <span class='ocrx_word' id='word_1_192' title='bbox 846 2671 904 2734; x_wconf 92' lang='lat' dir='ltr'>pro</span> <span class='ocrx_word' id='word_1_193' title='bbox 934 2658 1076 2735; x_wconf 91' lang='lat' dir='ltr'>tempore</span> <span class='ocrx_word' id='word_1_194' title='bbox 1107 2652 1272 2715; x_wconf 89' lang='lat' dir='ltr'>constituti</span> <span class='ocrx_word' id='word_1_195' title='bbox 1295 2656 1411 2731; x_wconf 79' lang='lat' dir='ltr'>cumet,</span> <span class='ocrx_word' id='word_1_196' title='bbox 1433 2649 1635 2714; x_wconf 84' lang='lat' dir='ltr'>medietatem</span> <span class='ocrx_word' id='word_1_197' title='bbox 1657 2651 1749 2714; x_wconf 91' lang='lat' dir='ltr'>nobis</span> 
     </span>
     <span class='ocr_line' id='line_1_21' title="bbox 352 2745 1818 2838; baseline 0.001 -25"><span class='ocrx_word' id='word_1_198' title='bbox 352 2769 561 2833; x_wconf 76' lang='lat' dir='ltr'>reservamur,</span> <span class='ocrx_word' id='word_1_199' title='bbox 591 2745 701 2816; x_wconf 77' lang='lat' dir='ltr'>sicuti’</span> <span class='ocrx_word' id='word_1_200' title='bbox 714 2753 753 2817; x_wconf 90' lang='lat' dir='ltr'>de</span> <span class='ocrx_word' id='word_1_201' title='bbox 783 2755 896 2820; x_wconf 91' lang='lat' dir='ltr'>ceteris</span> <span class='ocrx_word' id='word_1_202' title='bbox 923 2756 1100 2820; x_wconf 88' lang='lat' dir='ltr'>redditibus</span> <span class='ocrx_word' id='word_1_203' title='bbox 1130 2762 1178 2820; x_wconf 91' lang='lat' dir='ltr'>est</span> <span class='ocrx_word' id='word_1_204' title='bbox 1200 2761 1405 2838; x_wconf 87' lang='lat' dir='ltr'>praetactum,</span> <span class='ocrx_word' id='word_1_205' title='bbox 1436 2753 1603 2816; x_wconf 88' lang='lat' dir='ltr'>medietate</span> <span class='ocrx_word' id='word_1_206' title='bbox 1626 2753 1687 2816; x_wconf 90' lang='lat' dir='ltr'>alia</span> <span class='ocrx_word' id='word_1_207' title='bbox 1708 2754 1749 2818; x_wconf 92' lang='lat' dir='ltr'>ad</span> <span class='ocrx_word' id='word_1_208' title='bbox 1783 2758 1818 2815; x_wconf 84' lang='lat'>20</span> 
     </span>
     <span class='ocr_line' id='line_1_22' title="bbox 352 2854 1748 2941; baseline 0.002 -24"><span class='ocrx_word' id='word_1_209' title='bbox 352 2874 447 2918; x_wconf 91' lang='lat' dir='ltr'>usum</span> <span class='ocrx_word' id='word_1_210' title='bbox 470 2855 572 2919; x_wconf 90' lang='lat' dir='ltr'>dictae</span> <span class='ocrx_word' id='word_1_211' title='bbox 602 2856 716 2920; x_wconf 89' lang='lat' dir='ltr'>domus</span> <span class='ocrx_word' id='word_1_212' title='bbox 746 2859 969 2941; x_wconf 89' lang='lat' dir='ltr'>convertenda,</span> <span class='ocrx_word' id='word_1_213' title='bbox 1000 2859 1097 2922; x_wconf 89' lang='lat' dir='ltr'>salvis</span> <span class='ocrx_word' id='word_1_214' title='bbox 1118 2858 1243 2922; x_wconf 85' lang='lat' dir='ltr'>iun&#39;bus</span> <span class='ocrx_word' id='word_1_215' title='bbox 1265 2858 1478 2922; x_wconf 79' lang='lat' dir='ltr'>ecclesiarum</span> <span class='ocrx_word' id='word_1_216' title='bbox 1524 2854 1748 2920; x_wconf 84' lang='lat' dir='ltr'>Ordinationes</span> 
     </span>
     <span class='ocr_line' id='line_1_23' title="bbox 353 2958 1750 3045; baseline 0 -24"><span class='ocrx_word' id='word_1_217' title='bbox 353 2976 483 3040; x_wconf 90' lang='lat' dir='ltr'>quoque</span> <span class='ocrx_word' id='word_1_218' title='bbox 506 2976 586 3040; x_wconf 90' lang='lat' dir='ltr'>quas</span> <span class='ocrx_word' id='word_1_219' title='bbox 608 2958 768 3024; x_wconf 89' lang='lat' dir='ltr'>nobilibus</span> <span class='ocrx_word' id='word_1_220' title='bbox 791 2980 827 3024; x_wconf 88' lang='lat' dir='ltr'>ae</span> <span class='ocrx_word' id='word_1_221' title='bbox 849 2961 919 3026; x_wconf 88' lang='lat' dir='ltr'>aliis</span> <span class='ocrx_word' id='word_1_222' title='bbox 941 2971 1005 3026; x_wconf 86' lang='lat' dir='ltr'>tam</span> <span class='ocrx_word' id='word_1_223' title='bbox 1029 2981 1126 3045; x_wconf 89' lang='lat' dir='ltr'>super</span> <span class='ocrx_word' id='word_1_224' title='bbox 1146 2961 1346 3026; x_wconf 85' lang='lat' dir='ltr'>libertatibus</span> <span class='ocrx_word' id='word_1_225' title='bbox 1367 2962 1519 3044; x_wconf 86' lang='lat' dir='ltr'>ipsorum,</span> <span class='ocrx_word' id='word_1_226' title='bbox 1542 2976 1639 3039; x_wconf 93' lang='lat' dir='ltr'>quam</span> <span class='ocrx_word' id='word_1_227' title='bbox 1654 2976 1750 3041; x_wconf 91' lang='lat' dir='ltr'>super</span> 
     </span>
     <span class='ocr_line' id='line_1_24' title="bbox 351 3060 1747 3143; baseline 0.001 -20"><span class='ocrx_word' id='word_1_228' title='bbox 351 3060 477 3125; x_wconf 90' lang='lat' dir='ltr'>iudiciis</span> <span class='ocrx_word' id='word_1_229' title='bbox 499 3062 539 3126; x_wconf 88' lang='lat' dir='ltr'>ad</span> <span class='ocrx_word' id='word_1_230' title='bbox 559 3062 799 3127; x_wconf 87' lang='lat' dir='ltr'>inhabitandum</span> <span class='ocrx_word' id='word_1_231' title='bbox 822 3070 938 3129; x_wconf 90' lang='lat' dir='ltr'>terram</span> <span class='ocrx_word' id='word_1_232' title='bbox 960 3067 1024 3129; x_wconf 88' lang='lat' dir='ltr'>iam</span> <span class='ocrx_word' id='word_1_233' title='bbox 1046 3065 1162 3129; x_wconf 88' lang='lat' dir='ltr'>dictam</span> <span class='ocrx_word' id='word_1_234' title='bbox 1184 3065 1313 3129; x_wconf 86' lang='lat' dir='ltr'>aliunde</span> <span class='ocrx_word' id='word_1_235' title='bbox 1327 3062 1530 3128; x_wconf 90' lang='lat' dir='ltr'>venientibus</span> <span class='ocrx_word' id='word_1_236' title='bbox 1546 3062 1747 3143; x_wconf 87' lang='lat' dir='ltr'>concesserit,</span> 
     </span>
     <span class='ocr_line' id='line_1_25' title="bbox 352 3163 1749 3252; baseline 0.001 -25"><span class='ocrx_word' id='word_1_237' title='bbox 352 3163 442 3227; x_wconf 90' lang='lat' dir='ltr'>salva</span> <span class='ocrx_word' id='word_1_238' title='bbox 461 3171 551 3249; x_wconf 89' lang='lat' dir='ltr'>parte</span> <span class='ocrx_word' id='word_1_239' title='bbox 573 3173 682 3230; x_wconf 82' lang='lat' dir='ltr'>nostm</span> <span class='ocrx_word' id='word_1_240' title='bbox 695 3167 858 3231; x_wconf 90' lang='lat' dir='ltr'>redituum</span> <span class='ocrx_word' id='word_1_241' title='bbox 876 3174 909 3232; x_wconf 89' lang='lat' dir='ltr'>et</span> <span class='ocrx_word' id='word_1_242' title='bbox 927 3169 1101 3232; x_wconf 90' lang='lat' dir='ltr'>utilitatum</span> <span class='ocrx_word' id='word_1_243' title='bbox 1116 3168 1233 3233; x_wconf 86' lang='lat' dir='ltr'>exinde</span> <span class='ocrx_word' id='word_1_244' title='bbox 1254 3168 1521 3252; x_wconf 89' lang='lat' dir='ltr'>provenientium,</span> <span class='ocrx_word' id='word_1_245' title='bbox 1537 3165 1621 3229; x_wconf 91' lang='lat' dir='ltr'>dicta</span> <span class='ocrx_word' id='word_1_246' title='bbox 1635 3165 1749 3229; x_wconf 91' lang='lat' dir='ltr'>domus</span> 
     </span>
     <span class='ocr_line' id='line_1_26' title="bbox 352 3268 1818 3354; baseline 0.001 -24"><span class='ocrx_word' id='word_1_247' title='bbox 352 3287 412 3331; x_wconf 92' lang='lat' dir='ltr'>nec</span> <span class='ocrx_word' id='word_1_248' title='bbox 434 3288 499 3332; x_wconf 90' lang='lat' dir='ltr'>non</span> <span class='ocrx_word' id='word_1_249' title='bbox 522 3271 704 3352; x_wconf 85' lang='lat' dir='ltr'>sententias,</span> <span class='ocrx_word' id='word_1_250' title='bbox 734 3291 814 3353; x_wconf 86' lang='lat' dir='ltr'>quas</span> <span class='ocrx_word' id='word_1_251' title='bbox 842 3272 951 3336; x_wconf 79' lang='grc'><strong>11111111</strong></span> <span class='ocrx_word' id='word_1_252' title='bbox 979 3274 1013 3335; x_wconf 92' lang='lat' dir='ltr'>in</span> <span class='ocrx_word' id='word_1_253' title='bbox 1035 3272 1172 3354; x_wconf 90' lang='lat' dir='ltr'>eosdem,</span> <span class='ocrx_word' id='word_1_254' title='bbox 1194 3278 1279 3336; x_wconf 89' lang='lat' dir='ltr'>ratas</span> <span class='ocrx_word' id='word_1_255' title='bbox 1306 3271 1492 3335; x_wconf 89' lang='lat' dir='ltr'>habebimus</span> <span class='ocrx_word' id='word_1_256' title='bbox 1514 3276 1611 3351; x_wconf 89' lang='lat' dir='ltr'>atque</span> <span class='ocrx_word' id='word_1_257' title='bbox 1632 3268 1748 3350; x_wconf 86' lang='lat' dir='ltr'>firmas,</span> <span class='ocrx_word' id='word_1_258' title='bbox 1783 3276 1818 3331; x_wconf 79' lang='lat'>25</span> 
     </span>
     <span class='ocr_line' id='line_1_27' title="bbox 351 3371 1749 3457; baseline 0.001 -23"><span class='ocrx_word' id='word_1_259' title='bbox 351 3371 411 3435; x_wconf 93' lang='lat' dir='ltr'>hoc</span> <span class='ocrx_word' id='word_1_260' title='bbox 441 3372 557 3455; x_wconf 87' lang='lat' dir='ltr'>addito,</span> <span class='ocrx_word' id='word_1_261' title='bbox 587 3374 682 3456; x_wconf 93' lang='lat' dir='ltr'>quod,</span> <span class='ocrx_word' id='word_1_262' title='bbox 711 3376 738 3439; x_wconf 89' lang='lat' dir='ltr'>si</span> <span class='ocrx_word' id='word_1_263' title='bbox 767 3382 878 3440; x_wconf 90' lang='lat' dir='ltr'>contra</span> <span class='ocrx_word' id='word_1_264' title='bbox 906 3376 1042 3440; x_wconf 89' lang='lat' dir='ltr'>maiores</span> <span class='ocrx_word' id='word_1_265' title='bbox 1072 3382 1174 3440; x_wconf 89' lang='lat' dir='ltr'>terrae</span> <span class='ocrx_word' id='word_1_266' title='bbox 1204 3376 1312 3456; x_wconf 90' lang='lat' dir='ltr'>aliqua</span> <span class='ocrx_word' id='word_1_267' title='bbox 1333 3375 1492 3439; x_wconf 91' lang='lat' dir='ltr'>sententia</span> <span class='ocrx_word' id='word_1_268' title='bbox 1521 3374 1561 3438; x_wconf 92' lang='lat' dir='ltr'>de</span> <span class='ocrx_word' id='word_1_269' title='bbox 1584 3373 1749 3457; x_wconf 82' lang='lat' dir='ltr'>sanguinis</span> 
     </span>
     <span class='ocr_line' id='line_1_28' title="bbox 353 3474 1749 3562; baseline 0.001 -23"><span class='ocrx_word' id='word_1_270' title='bbox 353 3474 506 3539; x_wconf 85' lang='lat' dir='ltr'>effusione</span> <span class='ocrx_word' id='word_1_271' title='bbox 534 3478 657 3561; x_wconf 88' lang='lat' dir='ltr'>prolata</span> <span class='ocrx_word' id='word_1_272' title='bbox 685 3478 790 3560; x_wconf 81' lang='lat' dir='ltr'>fuerit,</span> <span class='ocrx_word' id='word_1_273' title='bbox 819 3481 853 3543; x_wconf 91' lang='lat' dir='ltr'>in</span> <span class='ocrx_word' id='word_1_274' title='bbox 885 3499 950 3562; x_wconf 93' lang='lat' dir='ltr'>qua</span> <span class='ocrx_word' id='word_1_275' title='bbox 978 3481 1137 3544; x_wconf 89' lang='lat' dir='ltr'>senserint</span> <span class='ocrx_word' id='word_1_276' title='bbox 1166 3498 1200 3544; x_wconf 91' lang='lat' dir='ltr'>se</span> <span class='ocrx_word' id='word_1_277' title='bbox 1229 3480 1363 3562; x_wconf 85' lang='lat' dir='ltr'>gravari,</span> <span class='ocrx_word' id='word_1_278' title='bbox 1393 3477 1433 3540; x_wconf 92' lang='lat' dir='ltr'>ad</span> <span class='ocrx_word' id='word_1_279' title='bbox 1462 3482 1604 3541; x_wconf 90' lang='lat' dir='ltr'>nostram</span> <span class='ocrx_word' id='word_1_280' title='bbox 1628 3477 1749 3540; x_wconf 83' lang='lat' dir='ltr'>curiam</span> 
     </span>
     <span class='ocr_line' id='line_1_29' title="bbox 352 3578 1749 3667; baseline 0.002 -26"><span class='ocrx_word' id='word_1_281' title='bbox 352 3578 480 3643; x_wconf 85' lang='lat' dir='ltr'>valcant</span> <span class='ocrx_word' id='word_1_282' title='bbox 501 3580 668 3664; x_wconf 87' lang='lat' dir='ltr'>appellare,</span> <span class='ocrx_word' id='word_1_283' title='bbox 697 3583 757 3646; x_wconf 88' lang='lat' dir='ltr'>hoc</span> <span class='ocrx_word' id='word_1_284' title='bbox 778 3583 910 3667; x_wconf 92' lang='lat' dir='ltr'>insuper</span> <span class='ocrx_word' id='word_1_285' title='bbox 932 3582 1063 3663; x_wconf 90' lang='lat' dir='ltr'>adiecto,</span> <span class='ocrx_word' id='word_1_286' title='bbox 1086 3582 1174 3664; x_wconf 91' lang='lat' dir='ltr'>quod</span> <span class='ocrx_word' id='word_1_287' title='bbox 1204 3583 1231 3645; x_wconf 88' lang='lat' dir='ltr'>si</span> <span class='ocrx_word' id='word_1_288' title='bbox 1253 3581 1415 3646; x_wconf 86' lang='lat' dir='ltr'>exercitus</span> <span class='ocrx_word' id='word_1_289' title='bbox 1436 3598 1571 3663; x_wconf 87' lang='lat' dir='ltr'>regnum</span> <span class='ocrx_word' id='word_1_290' title='bbox 1594 3587 1749 3661; x_wconf 89' lang='lat' dir='ltr'>nostrum,</span> 
     </span>
     <span class='ocr_line' id='line_1_30' title="bbox 355 3682 1750 3769; baseline 0.001 -24"><span class='ocrx_word' id='word_1_291' title='bbox 355 3682 441 3764; x_wconf 92' lang='lat' dir='ltr'>quod</span> <span class='ocrx_word' id='word_1_292' title='bbox 472 3683 563 3764; x_wconf 81' lang='lat' dir='ltr'>absit,</span> <span class='ocrx_word' id='word_1_293' title='bbox 592 3685 743 3748; x_wconf 90' lang='lat' dir='ltr'>invadere</span> <span class='ocrx_word' id='word_1_294' title='bbox 772 3690 950 3766; x_wconf 83' lang='lat' dir='ltr'>attentaret,</span> <span class='ocrx_word' id='word_1_295' title='bbox 981 3686 1094 3767; x_wconf 89' lang='lat' dir='ltr'>quinta</span> <span class='ocrx_word' id='word_1_296' title='bbox 1121 3706 1196 3769; x_wconf 91' lang='lat' dir='ltr'>pars</span> <span class='ocrx_word' id='word_1_297' title='bbox 1218 3691 1412 3749; x_wconf 88' lang='lat' dir='ltr'>armatorum</span> <span class='ocrx_word' id='word_1_298' title='bbox 1439 3690 1541 3748; x_wconf 89' lang='lat' dir='ltr'>terrae</span> <span class='ocrx_word' id='word_1_299' title='bbox 1562 3683 1626 3746; x_wconf 89' lang='lat' dir='ltr'>iam</span> <span class='ocrx_word' id='word_1_300' title='bbox 1648 3682 1750 3747; x_wconf 86' lang='lat' dir='ltr'>dictae</span> 
     </span>
     <span class='ocr_line' id='line_1_31' title="bbox 354 3784 1818 3872; baseline 0.002 -25"><span class='ocrx_word' id='word_1_301' title='bbox 354 3804 413 3868; x_wconf 93' lang='lat' dir='ltr'>pro</span> <span class='ocrx_word' id='word_1_302' title='bbox 435 3784 619 3849; x_wconf 86' lang='lat' dir='ltr'>defensione</span> <span class='ocrx_word' id='word_1_303' title='bbox 642 3793 744 3852; x_wconf 89' lang='lat' dir='ltr'>terrae</span> <span class='ocrx_word' id='word_1_304' title='bbox 766 3794 894 3853; x_wconf 86' lang='lat' dir='ltr'>nostrae</span> <span class='ocrx_word' id='word_1_305' title='bbox 908 3789 942 3852; x_wconf 89' lang='lat' dir='ltr'>in</span> <span class='ocrx_word' id='word_1_306' title='bbox 957 3790 1103 3853; x_wconf 89' lang='lat' dir='ltr'>exercitu</span> <span class='ocrx_word' id='word_1_307' title='bbox 1118 3794 1228 3853; x_wconf 90' lang='lat' dir='ltr'>nostro</span> <span class='ocrx_word' id='word_1_308' title='bbox 1253 3788 1293 3851; x_wconf 91' lang='lat' dir='ltr'>ad</span> <span class='ocrx_word' id='word_1_309' title='bbox 1308 3788 1392 3852; x_wconf 92' lang='lat' dir='ltr'>bella</span> <span class='ocrx_word' id='word_1_310' title='bbox 1405 3786 1577 3872; x_wconf 91' lang='lat' dir='ltr'>procedere</span> <span class='ocrx_word' id='word_1_311' title='bbox 1592 3792 1747 3851; x_wconf 89' lang='lat' dir='ltr'>teneatur.</span> <span class='ocrx_word' id='word_1_312' title='bbox 1782 3794 1818 3849; x_wconf 82' lang='lat'>30</span> 
     </span>
     <span class='ocr_line' id='line_1_32' title="bbox 353 3886 1749 3975; baseline 0.002 -24"><span class='ocrx_word' id='word_1_313' title='bbox 353 3886 386 3951; x_wconf 88' lang='lat' dir='ltr'>Si</span> <span class='ocrx_word' id='word_1_314' title='bbox 415 3893 521 3952; x_wconf 86' lang='lat' dir='ltr'>autem</span> <span class='ocrx_word' id='word_1_315' title='bbox 550 3907 665 3953; x_wconf 91' lang='lat' dir='ltr'>versus</span> <span class='ocrx_word' id='word_1_316' title='bbox 685 3890 877 3975; x_wconf 75' lang='lat' dir='ltr'>Badgariam,</span> <span class='ocrx_word' id='word_1_317' title='bbox 900 3893 1045 3957; x_wconf 83' lang='lat' dir='ltr'>Greciam</span> <span class='ocrx_word' id='word_1_318' title='bbox 1073 3900 1106 3958; x_wconf 93' lang='lat' dir='ltr'>et</span> <span class='ocrx_word' id='word_1_319' title='bbox 1128 3892 1314 3957; x_wconf 77' lang='lat' dir='ltr'>(inmanium</span> <span class='ocrx_word' id='word_1_320' title='bbox 1344 3892 1521 3956; x_wconf 86' lang='lat' dir='ltr'>exercitum</span> <span class='ocrx_word' id='word_1_321' title='bbox 1543 3891 1749 3973; x_wconf 86' lang='lat' dir='ltr'>moverimus,</span> 
     </span>
     <span class='ocr_line' id='line_1_33' title="bbox 353 3991 1749 4081; baseline 0.002 -27"><span class='ocrx_word' id='word_1_322' title='bbox 353 3991 446 4055; x_wconf 87' lang='lat' dir='ltr'>tertia</span> <span class='ocrx_word' id='word_1_323' title='bbox 466 4011 541 4075; x_wconf 90' lang='lat' dir='ltr'>pars</span> <span class='ocrx_word' id='word_1_324' title='bbox 571 3994 714 4057; x_wconf 91' lang='lat' dir='ltr'>omnium</span> <span class='ocrx_word' id='word_1_325' title='bbox 742 3996 783 4058; x_wconf 88' lang='lat' dir='ltr'>ad</span> <span class='ocrx_word' id='word_1_326' title='bbox 809 3994 894 4059; x_wconf 88' lang='lat' dir='ltr'>bella</span> <span class='ocrx_word' id='word_1_327' title='bbox 914 3995 1067 4060; x_wconf 91' lang='lat' dir='ltr'>habilium</span> <span class='ocrx_word' id='word_1_328' title='bbox 1088 3996 1257 4081; x_wconf 87' lang='lat' dir='ltr'>praecedet</span> <span class='ocrx_word' id='word_1_329' title='bbox 1278 4001 1311 4061; x_wconf 92' lang='lat' dir='ltr'>et</span> <span class='ocrx_word' id='word_1_330' title='bbox 1332 3996 1372 4060; x_wconf 92' lang='lat' dir='ltr'>de</span> <span class='ocrx_word' id='word_1_331' title='bbox 1397 3993 1662 4076; x_wconf 83' lang='lat' dir='ltr'>acquisitionibus</span> <span class='ocrx_word' id='word_1_332' title='bbox 1684 4000 1749 4057; x_wconf 90' lang='lat' dir='ltr'>tam</span> 
     </span>
     <span class='ocr_line' id='line_1_34' title="bbox 351 4093 1748 4184; baseline 0.003 -28"><span class='ocrx_word' id='word_1_333' title='bbox 351 4093 517 4158; x_wconf 92' lang='lat' dir='ltr'>mobilium</span> <span class='ocrx_word' id='word_1_334' title='bbox 539 4114 635 4179; x_wconf 88' lang='lat' dir='ltr'>quam</span> <span class='ocrx_word' id='word_1_335' title='bbox 656 4096 867 4163; x_wconf 90' lang='lat' dir='ltr'>immobilium</span> <span class='ocrx_word' id='word_1_336' title='bbox 888 4101 1067 4184; x_wconf 88' lang='lat' dir='ltr'>portionem</span> <span class='ocrx_word' id='word_1_337' title='bbox 1088 4101 1219 4184; x_wconf 89' lang='lat' dir='ltr'>recipiet</span> <span class='ocrx_word' id='word_1_338' title='bbox 1233 4100 1348 4164; x_wconf 91' lang='lat' dir='ltr'>domus</span> <span class='ocrx_word' id='word_1_339' title='bbox 1362 4100 1425 4162; x_wconf 92' lang='lat' dir='ltr'>iam</span> <span class='ocrx_word' id='word_1_340' title='bbox 1440 4097 1525 4161; x_wconf 88' lang='lat' dir='ltr'>dicta</span> <span class='ocrx_word' id='word_1_341' title='bbox 1538 4116 1596 4182; x_wconf 90' lang='lat' dir='ltr'>pro</span> <span class='ocrx_word' id='word_1_342' title='bbox 1612 4116 1748 4161; x_wconf 90' lang='lat' dir='ltr'>numero</span> 
     </span>
     <span class='ocr_line' id='line_1_35' title="bbox 355 4199 1751 4287; baseline 0.001 -25"><span class='ocrx_word' id='word_1_343' title='bbox 355 4216 564 4280; x_wconf 89' lang='lat' dir='ltr'>personarum</span> <span class='ocrx_word' id='word_1_344' title='bbox 586 4201 747 4264; x_wconf 87' lang='lat' dir='ltr'>exercitus</span> <span class='ocrx_word' id='word_1_345' title='bbox 769 4201 809 4265; x_wconf 93' lang='lat' dir='ltr'>de</span> <span class='ocrx_word' id='word_1_346' title='bbox 832 4201 968 4267; x_wconf 86' lang='lat' dir='ltr'>Zeurino</span> <span class='ocrx_word' id='word_1_347' title='bbox 990 4205 1109 4287; x_wconf 86' lang='lat' dir='ltr'>pariter</span> <span class='ocrx_word' id='word_1_348' title='bbox 1130 4209 1162 4268; x_wconf 93' lang='lat' dir='ltr'>et</span> <span class='ocrx_word' id='word_1_349' title='bbox 1184 4221 1353 4267; x_wconf 84' lang='lat' dir='ltr'>armorum</span> <span class='ocrx_word' id='word_1_350' title='bbox 1382 4201 1435 4265; x_wconf 83' lang='lat' dir='ltr'>Ad</span> <span class='ocrx_word' id='word_1_351' title='bbox 1457 4200 1535 4264; x_wconf 86' lang='lat' dir='ltr'>haec</span> <span class='ocrx_word' id='word_1_352' title='bbox 1556 4199 1751 4264; x_wconf 90' lang='lat' dir='ltr'>contulimus</span> 
     </span>
     <span class='ocr_line' id='line_1_36' title="bbox 351 4302 1819 4390; baseline -0.001 -25"><span class='ocrx_word' id='word_1_353' title='bbox 351 4302 547 4385; x_wconf 87' lang='lat' dir='ltr'>praeceptori</span> <span class='ocrx_word' id='word_1_354' title='bbox 569 4308 643 4367; x_wconf 90' lang='lat' dir='ltr'>ante</span> <span class='ocrx_word' id='word_1_355' title='bbox 660 4302 743 4367; x_wconf 91' lang='lat' dir='ltr'>dicto</span> <span class='ocrx_word' id='word_1_356' title='bbox 766 4310 799 4367; x_wconf 91' lang='lat' dir='ltr'>et</span> <span class='ocrx_word' id='word_1_357' title='bbox 820 4323 878 4387; x_wconf 93' lang='lat' dir='ltr'>per</span> <span class='ocrx_word' id='word_1_358' title='bbox 898 4304 1004 4388; x_wconf 91' lang='lat' dir='ltr'>ipsum</span> <span class='ocrx_word' id='word_1_359' title='bbox 1020 4306 1128 4370; x_wconf 90' lang='lat' dir='ltr'>domui</span> <span class='ocrx_word' id='word_1_360' title='bbox 1143 4304 1306 4390; x_wconf 90' lang='lat' dir='ltr'>hospitalis</span> <span class='ocrx_word' id='word_1_361' title='bbox 1329 4325 1349 4368; x_wconf 88' lang='lat' dir='ltr'>a</span> <span class='ocrx_word' id='word_1_362' title='bbox 1369 4302 1469 4368; x_wconf 90' lang='lat' dir='ltr'>fluvio</span> <span class='ocrx_word' id='word_1_363' title='bbox 1482 4302 1557 4366; x_wconf 89' lang='lat' dir='ltr'>Olth</span> <span class='ocrx_word' id='word_1_364' title='bbox 1578 4309 1611 4367; x_wconf 94' lang='lat' dir='ltr'>et</span> <span class='ocrx_word' id='word_1_365' title='bbox 1625 4302 1750 4386; x_wconf 85' lang='lat' dir='ltr'>alpibus</span> <span class='ocrx_word' id='word_1_366' title='bbox 1784 4310 1819 4364; x_wconf 79' lang='lat'>35</span> 
     </span>
     <span class='ocr_line' id='line_1_37' title="bbox 352 4404 1751 4489; baseline 0.001 -21"><span class='ocrx_word' id='word_1_367' title='bbox 352 4404 577 4469; x_wconf 88' lang='lat' dir='ltr'>Ultrasilvanis</span> <span class='ocrx_word' id='word_1_368' title='bbox 610 4412 709 4469; x_wconf 86' lang='lat' dir='ltr'>totam</span> <span class='ocrx_word' id='word_1_369' title='bbox 739 4406 924 4471; x_wconf 83' lang='lat' dir='ltr'>Cumaniam</span> <span class='ocrx_word' id='word_1_370' title='bbox 958 4409 1018 4473; x_wconf 90' lang='lat' dir='ltr'>sub</span> <span class='ocrx_word' id='word_1_371' title='bbox 1052 4408 1171 4473; x_wconf 88' lang='lat' dir='ltr'>eisdem</span> <span class='ocrx_word' id='word_1_372' title='bbox 1204 4408 1449 4489; x_wconf 86' lang='lat' dir='ltr'>conditionibus,</span> <span class='ocrx_word' id='word_1_373' title='bbox 1480 4424 1562 4489; x_wconf 91' lang='lat' dir='ltr'>quae</span> <span class='ocrx_word' id='word_1_374' title='bbox 1592 4404 1631 4469; x_wconf 93' lang='lat' dir='ltr'>de</span> <span class='ocrx_word' id='word_1_375' title='bbox 1665 4410 1751 4469; x_wconf 87' lang='lat' dir='ltr'>terra</span> 
     </span>
     <span class='ocr_line' id='line_1_38' title="bbox 352 4507 1749 4597; baseline 0.001 -26"><span class='ocrx_word' id='word_1_376' title='bbox 352 4507 488 4571; x_wconf 85' lang='lat' dir='ltr'>Zeurino</span> <span class='ocrx_word' id='word_1_377' title='bbox 511 4510 660 4592; x_wconf 87' lang='lat' dir='ltr'>superius</span> <span class='ocrx_word' id='word_1_378' title='bbox 682 4516 758 4574; x_wconf 91' lang='lat' dir='ltr'>sunt</span> <span class='ocrx_word' id='word_1_379' title='bbox 780 4530 958 4595; x_wconf 81' lang='lat' dir='ltr'>expressae,</span> <span class='ocrx_word' id='word_1_380' title='bbox 973 4519 1108 4597; x_wconf 89' lang='lat' dir='ltr'>excepta</span> <span class='ocrx_word' id='word_1_381' title='bbox 1129 4520 1214 4577; x_wconf 88' lang='lat' dir='ltr'>terra</span> <span class='ocrx_word' id='word_1_382' title='bbox 1228 4512 1388 4578; x_wconf 80' lang='lat' dir='ltr'>Saenealai</span> <span class='ocrx_word' id='word_1_383' title='bbox 1403 4510 1557 4575; x_wconf 90' lang='lat' dir='ltr'>vaivodae</span> <span class='ocrx_word' id='word_1_384' title='bbox 1575 4507 1749 4590; x_wconf 92' lang='lat' dir='ltr'>Olatorum,</span> 
     </span>
     <span class='ocr_line' id='line_1_39' title="bbox 353 4612 1751 4698; baseline 0.001 -24"><span class='ocrx_word' id='word_1_385' title='bbox 353 4630 449 4693; x_wconf 91' lang='lat' dir='ltr'>quam</span> <span class='ocrx_word' id='word_1_386' title='bbox 471 4612 591 4677; x_wconf 90' lang='lat' dir='ltr'>eisdem</span> <span class='ocrx_word' id='word_1_387' title='bbox 612 4613 833 4696; x_wconf 88' lang='lat' dir='ltr'>relinquimus,</span> <span class='ocrx_word' id='word_1_388' title='bbox 847 4622 944 4698; x_wconf 91' lang='lat' dir='ltr'>prout</span> <span class='ocrx_word' id='word_1_389' title='bbox 965 4616 1060 4680; x_wconf 91' lang='lat' dir='ltr'>iidem</span> <span class='ocrx_word' id='word_1_390' title='bbox 1077 4617 1232 4682; x_wconf 88' lang='lat' dir='ltr'>hactenus</span> <span class='ocrx_word' id='word_1_391' title='bbox 1247 4622 1423 4681; x_wconf 91' lang='lat' dir='ltr'>tenuerunt</span> <span class='ocrx_word' id='word_1_392' title='bbox 1437 4614 1498 4680; x_wconf 89' lang='lat' dir='ltr'>sub</span> <span class='ocrx_word' id='word_1_393' title='bbox 1520 4613 1640 4677; x_wconf 89' lang='lat' dir='ltr'>eisdem</span> <span class='ocrx_word' id='word_1_394' title='bbox 1655 4612 1751 4676; x_wconf 88' lang='lat' dir='ltr'>etiam</span> 
     </span>
     <span class='ocr_line' id='line_1_40' title="bbox 351 4714 1748 4804; baseline 0.001 -27"><span class='ocrx_word' id='word_1_395' title='bbox 351 4715 587 4781; x_wconf 89' lang='lat' dir='ltr'>conditionibus</span> <span class='ocrx_word' id='word_1_396' title='bbox 609 4738 667 4801; x_wconf 91' lang='lat' dir='ltr'>per</span> <span class='ocrx_word' id='word_1_397' title='bbox 688 4719 803 4797; x_wconf 78' lang='lat' dir='ltr'>omnia,</span> <span class='ocrx_word' id='word_1_398' title='bbox 819 4736 901 4800; x_wconf 89' lang='lat' dir='ltr'>quae</span> <span class='ocrx_word' id='word_1_399' title='bbox 925 4718 964 4782; x_wconf 91' lang='lat' dir='ltr'>de</span> <span class='ocrx_word' id='word_1_400' title='bbox 987 4726 1071 4783; x_wconf 89' lang='lat' dir='ltr'>terra</span> <span class='ocrx_word' id='word_1_401' title='bbox 1085 4720 1191 4802; x_wconf 79' lang='lat' dir='ltr'>Lytua</span> <span class='ocrx_word' id='word_1_402' title='bbox 1213 4726 1290 4785; x_wconf 90' lang='lat' dir='ltr'>sunt</span> <span class='ocrx_word' id='word_1_403' title='bbox 1312 4720 1460 4804; x_wconf 85' lang='lat' dir='ltr'>superius</span> <span class='ocrx_word' id='word_1_404' title='bbox 1482 4716 1653 4781; x_wconf 87' lang='lat' dir='ltr'>ordinatae.</span> <span class='ocrx_word' id='word_1_405' title='bbox 1676 4714 1748 4779; x_wconf 90' lang='lat' dir='ltr'>Hoc</span> 
     </span>
     <span class='ocr_line' id='line_1_41' title="bbox 352 4819 1820 4907; baseline 0 -27"><span class='ocrx_word' id='word_1_406' title='bbox 352 4824 459 4882; x_wconf 90' lang='lat' dir='ltr'>autem</span> <span class='ocrx_word' id='word_1_407' title='bbox 489 4820 640 4885; x_wconf 90' lang='lat' dir='ltr'>nolumus</span> <span class='ocrx_word' id='word_1_408' title='bbox 668 4823 850 4906; x_wconf 90' lang='lat' dir='ltr'>praeterire,</span> <span class='ocrx_word' id='word_1_409' title='bbox 880 4823 967 4904; x_wconf 91' lang='lat' dir='ltr'>quod</span> <span class='ocrx_word' id='word_1_410' title='bbox 990 4824 1132 4906; x_wconf 88' lang='lat' dir='ltr'>aprime</span> <span class='ocrx_word' id='word_1_411' title='bbox 1154 4823 1289 4887; x_wconf 90' lang='lat' dir='ltr'>introitu</span> <span class='ocrx_word' id='word_1_412' title='bbox 1318 4821 1592 4907; x_wconf 89' lang='lat' dir='ltr'>saepedictorum</span> <span class='ocrx_word' id='word_1_413' title='bbox 1614 4819 1750 4882; x_wconf 86' lang='lat' dir='ltr'>fratrum</span> <span class='ocrx_word' id='word_1_414' title='bbox 1783 4824 1820 4879; x_wconf 82' lang='lat'>40</span> 
     </span>
     <span class='ocr_line' id='line_1_42' title="bbox 352 4920 1752 5006; baseline -0.001 -22"><span class='ocrx_word' id='word_1_415' title='bbox 352 4939 457 5002; x_wconf 90' lang='lat' dir='ltr'>usque</span> <span class='ocrx_word' id='word_1_416' title='bbox 480 4922 520 4986; x_wconf 88' lang='lat' dir='ltr'>ad</span> <span class='ocrx_word' id='word_1_417' title='bbox 535 4923 649 5006; x_wconf 80' lang='lat' dir='ltr'>viginti</span> <span class='ocrx_word' id='word_1_418' title='bbox 673 4926 817 5006; x_wconf 91' lang='lat' dir='ltr'>quinque</span> <span class='ocrx_word' id='word_1_419' title='bbox 840 4945 941 4990; x_wconf 90' lang='lat' dir='ltr'>annos</span> <span class='ocrx_word' id='word_1_420' title='bbox 963 4945 1073 4990; x_wconf 90' lang='lat' dir='ltr'>onmes</span> <span class='ocrx_word' id='word_1_421' title='bbox 1095 4926 1217 4991; x_wconf 90' lang='lat' dir='ltr'>reditus</span> <span class='ocrx_word' id='word_1_422' title='bbox 1236 4925 1409 4990; x_wconf 83' lang='lat' dir='ltr'>Cumaniae</span> <span class='ocrx_word' id='word_1_423' title='bbox 1431 4931 1533 4989; x_wconf 88' lang='lat' dir='ltr'>terrae</span> <span class='ocrx_word' id='word_1_424' title='bbox 1556 4920 1752 5005; x_wconf 78' lang='lat' dir='ltr'>integraliter</span> 
     </span>
     <span class='ocr_line' id='line_1_43' title="bbox 352 5024 1750 5113; baseline -0.001 -25"><span class='ocrx_word' id='word_1_425' title='bbox 352 5025 465 5089; x_wconf 89' lang='lat' dir='ltr'>domus</span> <span class='ocrx_word' id='word_1_426' title='bbox 496 5027 649 5110; x_wconf 88' lang='lat' dir='ltr'>percipiat</span> <span class='ocrx_word' id='word_1_427' title='bbox 678 5029 741 5091; x_wconf 88' lang='lat' dir='ltr'>iam</span> <span class='ocrx_word' id='word_1_428' title='bbox 770 5029 920 5113; x_wconf 86' lang='lat' dir='ltr'>praefata,</span> <span class='ocrx_word' id='word_1_429' title='bbox 950 5036 1173 5113; x_wconf 89' lang='lat' dir='ltr'>praeterquam</span> <span class='ocrx_word' id='word_1_430' title='bbox 1204 5030 1243 5093; x_wconf 93' lang='lat' dir='ltr'>de</span> <span class='ocrx_word' id='word_1_431' title='bbox 1274 5035 1358 5093; x_wconf 89' lang='lat' dir='ltr'>terra</span> <span class='ocrx_word' id='word_1_432' title='bbox 1380 5025 1540 5091; x_wconf 84' lang='lat' dir='ltr'>Saeneslai</span> <span class='ocrx_word' id='word_1_433' title='bbox 1562 5030 1635 5088; x_wconf 89' lang='lat' dir='ltr'>ante</span> <span class='ocrx_word' id='word_1_434' title='bbox 1658 5024 1750 5105; x_wconf 82' lang='lat' dir='ltr'>dicta,</span> 
     </span>
     <span class='ocr_line' id='line_1_44' title="bbox 352 5128 1748 5211; baseline 0.001 -20"><span class='ocrx_word' id='word_1_435' title='bbox 352 5128 391 5191; x_wconf 91' lang='lat' dir='ltr'>de</span> <span class='ocrx_word' id='word_1_436' title='bbox 415 5148 479 5211; x_wconf 92' lang='lat' dir='ltr'>qua</span> <span class='ocrx_word' id='word_1_437' title='bbox 500 5135 626 5194; x_wconf 89' lang='lat' dir='ltr'>tantum</span> <span class='ocrx_word' id='word_1_438' title='bbox 648 5131 849 5197; x_wconf 86' lang='lat' dir='ltr'>medietatem</span> <span class='ocrx_word' id='word_1_439' title='bbox 869 5133 1030 5197; x_wconf 90' lang='lat' dir='ltr'>redituum</span> <span class='ocrx_word' id='word_1_440' title='bbox 1052 5139 1084 5196; x_wconf 95' lang='lat' dir='ltr'>et</span> <span class='ocrx_word' id='word_1_441' title='bbox 1105 5133 1280 5197; x_wconf 90' lang='lat' dir='ltr'>utilitatum</span> <span class='ocrx_word' id='word_1_442' title='bbox 1302 5131 1465 5196; x_wconf 87' lang='lat' dir='ltr'>obtinebit</span> <span class='ocrx_word' id='word_1_443' title='bbox 1495 5130 1547 5194; x_wconf 83' lang='lat' dir='ltr'>Ex</span> <span class='ocrx_word' id='word_1_444' title='bbox 1569 5135 1647 5193; x_wconf 86' lang='grc'><strong>11111</strong></span> <span class='ocrx_word' id='word_1_445' title='bbox 1670 5148 1748 5194; x_wconf 83' lang='grc'><strong>1111</strong></span> 
     </span>
     <span class='ocr_line' id='line_1_45' title="bbox 350 5232 1750 5320; baseline 0 -25"><span class='ocrx_word' id='word_1_446' title='bbox 350 5232 503 5296; x_wconf 87' lang='lat' dir='ltr'>medietas</span> <span class='ocrx_word' id='word_1_447' title='bbox 518 5233 662 5297; x_wconf 91' lang='lat' dir='ltr'>omnium</span> <span class='ocrx_word' id='word_1_448' title='bbox 676 5243 900 5320; x_wconf 88' lang='lat' dir='ltr'>proventuum,</span> <span class='ocrx_word' id='word_1_449' title='bbox 923 5237 1096 5301; x_wconf 88' lang='lat' dir='ltr'>utilitatum</span> <span class='ocrx_word' id='word_1_450' title='bbox 1120 5243 1152 5301; x_wconf 91' lang='lat' dir='ltr'>et</span> <span class='ocrx_word' id='word_1_451' title='bbox 1177 5236 1380 5300; x_wconf 88' lang='lat' dir='ltr'>servitiorum</span> <span class='ocrx_word' id='word_1_452' title='bbox 1401 5254 1459 5319; x_wconf 90' lang='lat' dir='ltr'>per</span> <span class='ocrx_word' id='word_1_453' title='bbox 1477 5234 1591 5298; x_wconf 80' lang='grc'><strong>1111111</strong></span> <span class='ocrx_word' id='word_1_454' title='bbox 1607 5232 1750 5298; x_wconf 91' lang='lat' dir='ltr'>eiusdem</span> 
     </span>
     <span class='ocr_line' id='line_1_46' title="bbox 352 5335 1817 5425; baseline 0 -27"><span class='ocrx_word' id='word_1_455' title='bbox 352 5335 466 5400; x_wconf 91' lang='lat' dir='ltr'>domus</span> <span class='ocrx_word' id='word_1_456' title='bbox 487 5357 507 5400; x_wconf 94' lang='lat' dir='ltr'>a</span> <span class='ocrx_word' id='word_1_457' title='bbox 528 5337 717 5404; x_wconf 90' lang='lat' dir='ltr'>celsitudine</span> <span class='ocrx_word' id='word_1_458' title='bbox 738 5340 826 5423; x_wconf 84' lang='lat' dir='ltr'>regia</span> <span class='ocrx_word' id='word_1_459' title='bbox 847 5339 1038 5425; x_wconf 90' lang='lat' dir='ltr'>approbatos</span> <span class='ocrx_word' id='word_1_460' title='bbox 1060 5346 1093 5405; x_wconf 90' lang='lat' dir='ltr'>et</span> <span class='ocrx_word' id='word_1_461' title='bbox 1113 5341 1235 5404; x_wconf 88' lang='lat' dir='ltr'>iuratos</span> <span class='ocrx_word' id='word_1_462' title='bbox 1256 5338 1333 5403; x_wconf 90' lang='lat' dir='ltr'>fisco</span> <span class='ocrx_word' id='word_1_463' title='bbox 1356 5338 1443 5422; x_wconf 87' lang='lat' dir='ltr'>regio</span> <span class='ocrx_word' id='word_1_464' title='bbox 1465 5337 1673 5419; x_wconf 74' lang='lat' dir='ltr'>minisuatur,</span> <span class='ocrx_word' id='word_1_465' title='bbox 1702 5338 1748 5401; x_wconf 89' lang='lat' dir='ltr'>ita</span> <span class='ocrx_word' id='word_1_466' title='bbox 1781 5343 1817 5397; x_wconf 75' lang='lat'>45</span> 
     </span>
     <span class='ocr_line' id='line_1_47' title="bbox 351 5440 1749 5528; baseline 0.001 -25"><span class='ocrx_word' id='word_1_467' title='bbox 351 5444 467 5523; x_wconf 87' lang='lat' dir='ltr'>tamen,</span> <span class='ocrx_word' id='word_1_468' title='bbox 491 5440 577 5521; x_wconf 91' lang='lat' dir='ltr'>quod</span> <span class='ocrx_word' id='word_1_469' title='bbox 600 5441 640 5506; x_wconf 90' lang='lat' dir='ltr'>de</span> <span class='ocrx_word' id='word_1_470' title='bbox 663 5443 884 5525; x_wconf 91' lang='lat' dir='ltr'>quinquennio</span> <span class='ocrx_word' id='word_1_471' title='bbox 905 5444 940 5507; x_wconf 90' lang='lat' dir='ltr'>in</span> <span class='ocrx_word' id='word_1_472' title='bbox 964 5445 1221 5527; x_wconf 90' lang='lat' dir='ltr'>quinquennium</span> <span class='ocrx_word' id='word_1_473' title='bbox 1246 5462 1304 5528; x_wconf 91' lang='lat' dir='ltr'>per</span> <span class='ocrx_word' id='word_1_474' title='bbox 1325 5448 1473 5507; x_wconf 81' lang='lat' dir='ltr'>nostrum</span> <span class='ocrx_word' id='word_1_475' title='bbox 1494 5440 1655 5507; x_wconf 86' lang='lat' dir='ltr'>hominem</span> <span class='ocrx_word' id='word_1_476' title='bbox 1678 5458 1749 5524; x_wconf 90' lang='lat' dir='ltr'>spe-</span> 
     </span>
    </p>
   </div>
   <div class='ocr_carea' id='block_1_3' title="bbox 0 0 2036 6288">
    <p class='ocr_par' dir='ltr' id='par_1_4' title="bbox 0 0 2036 6288">
     <span class='ocr_line' id='line_1_48' title="bbox 0 0 2036 6288; baseline 0 0"><span class='ocrx_word' id='word_1_477' title='bbox 0 0 2036 6288; x_wconf 95' lang='lat' dir='ltr'> </span> 
     </span>
    </p>
   </div>
  </div>
 </body>
</html>
