4084 6302
429 858 611 943 Capitulum
641 859 792 923 ccolesiae
813 859 1056 923 ‘l'ranssiluanao
1086 858 1234 921 omnibus
1256 858 1371 922 Christi
1402 857 1550 922 fidelibus
1582 878 1673 941 prae·

273 969 396 1026 sentem
420 963 566 1045 paginam
591 963 782 1045 inspecturis
805 963 941 1026 salutem
964 964 997 1025 in
1021 964 1164 1026 omnium
1188 961 1353 1025 salvatore.
1375 961 1428 1024 Ad
1450 962 1675 1026 universorum

274 1068 418 1130 notitiam
442 1074 505 1129 tam
528 1066 743 1149 praesentium
769 1085 865 1147 quam
889 1067 1073 1130 futurorum
1096 1067 1209 1129 harum
1232 1066 1313 1128 serie
1333 1066 1483 1129 volumus
1498 1069 1675 1149 pervenire,

275 1170 360 1253 quod
383 1171 538 1233 accedens
561 1170 601 1232 ad
623 1176 766 1232 nostram
787 1171 997 1253 praesentiam
1013 1189 1120 1233 comes
1135 1170 1299 1234 Arnoldus
1322 1172 1361 1235 de
1376 1171 1532 1235 Britholm
1548 1173 1676 1235 nomine

222 1285 238 1336 5
274 1273 437 1337 Saxonum
462 1273 631 1337 adsedem
655 1272 694 1337 do
710 1273 898 1354 Medieszek,
922 1273 1015 1338 Seelk
1038 1282 1070 1338 et
1087 1274 1256 1338 Sachzoelh
1279 1275 1507 1358 pertinentium
1530 1275 1677 1339 exhibuit

274 1378 366 1442 nobis
396 1377 549 1460 quasdam
581 1378 689 1441 literas
712 1377 925 1461 privilegiales
948 1379 1068 1441 domini
1091 1379 1192 1441 nostri
1214 1378 1324 1443 Karoli
1348 1379 1398 1442 dei
1421 1379 1522 1462 gratia
1543 1378 1676 1443 illustris

273 1482 357 1565 regis
376 1481 561 1564 Hungariae
584 1500 657 1544 cum
681 1482 783 1564 sigillo
807 1502 866 1545 suo
889 1484 1022 1563 antiquo
1046 1482 1197 1564 sigillatas
1212 1487 1324 1565 petens
1340 1501 1399 1545 nos
1415 1482 1544 1545 nomine
1560 1501 1676 1545 eorun-

275 1585 346 1648 dem
376 1586 545 1668 bospitum
573 1590 611 1649 ut
639 1586 815 1668 praedictas
839 1587 945 1649 literas
975 1585 1187 1669 privilegiales
1218 1584 1404 1649 transscribi
1432 1584 1609 1649 moeremus
1644 1594 1677 1649 et

275 1688 378 1771 sigillo
402 1695 511 1752 nostro
535 1689 733 1752 communiri.
765 1688 907 1765 Quarum
930 1690 1093 1753 literarum
1117 1695 1209 1753 tenor
1231 1688 1303 1751 talis
1326 1693 1380 1751 est.
1412 1686 1517 1771 (aaut
1538 1688 1587 1751 dia
1618 1686 1676 1752 Ur·

208 1802 241 1853 10
275 1791 376 1855 hande
398 1792 449 1855 des
470 1791 589 1876 Kdaipe
607 1791 691 1856 Karl
714 1814 769 1856 oon
791 1792 874 1856 1318
895 1791 953 1857 Νν.
971 1793 1064 1873 354.)
1086 1792 1153 1856 Nos
1176 1793 1274 1873 igitur
1294 1792 1502 1875 petitionibus
1524 1794 1677 1876 praedicti

274 1896 411 1959 Arnoldi
441 1897 535 1961 licitis
562 1917 598 1960 ac
628 1898 769 1961 honestis
792 1904 971 1961 annuentes
993 1905 1031 1960 ut
1053 1897 1215 1977 debemus
1246 1897 1322 1977 quia
1343 1897 1428 1979 ipsas
1450 1896 1557 1959 literas
1579 1897 1677 1980 privi-

276 1999 403 2083 legiales
418 2002 630 2084 comperimus
645 2003 785 2084 integras
801 2003 834 2064 in
857 2001 959 2085 sigillo
976 2009 1009 2065 et
1030 2002 1062 2063 in
1079 2002 1188 2064 charta
1202 2020 1267 2062 non
1283 2000 1411 2063 abrasas
1419 1998 1449 2081 ¹),
1472 2019 1538 2063 non
1554 2000 1677 2063 cancel-

275 2105 355 2167 latas
378 2124 437 2167 noc
460 2106 492 2167 in
513 2105 620 2186 aliqua
639 2106 688 2168 sui
705 2113 793 2188 parte
810 2107 945 2179 vitiatas,
969 2111 1112 2169 tenorem
1128 2104 1299 2168 earundem
1317 2104 1356 2167 de
1372 2103 1469 2167 verbo
1486 2104 1526 2166 ad
1542 2103 1676 2168 verbum

275 2208 460 2271 transscribi
473 2208 606 2272 lecimus
618 2214 649 2273 et
661 2209 755 2291 sigilli
769 2210 868 2272 nostri
882 2209 1057 2272 munimine
1069 2208 1267 2272 communiri.
1279 2207 1318 2270 ln
1331 2208 1423 2271 cuius
1435 2208 1482 2271 rei
1493 2209 1677 2271 memoriam

209 2324 240 2373 15
278 2319 461 2394 praesentes
491 2314 706 2376 concessimus
736 2313 843 2376 literas
874 2312 1042 2395 pendentis
1065 2311 1160 2393 sigilli
1183 2311 1283 2374 nostri
1306 2312 1483 2375 munimine
1505 2310 1676 2374 roboratas.

276 2417 395 2481 Datum
419 2420 451 2480 in
475 2420 556 2481 festo
580 2418 663 2482 beati
687 2418 833 2482 Siluestri
855 2438 955 2502 papae
979 2424 1011 2481 et
1033 2417 1233 2495 confessoris,
1257 2436 1341 2478 anno
1365 2417 1484 2479 donnni
1514 2394 1547 2478 ll
1578 2393 1677 2479 CCC

276 2523 434 2584 tricesimo
446 2523 557 2605 primo,
573 2521 739 2585 Donrinico
752 2524 942 2606 praeposito,
955 2522 1052 2585 Santo
1067 2527 1205 2601 cantore,
1217 2520 1336 2583 Thema
1348 2521 1479 2584 custode
1492 2527 1524 2584 et
1535 2520 1677 2583 Adriano

276 2626 394 2689 decano
418 2626 569 2689 ecclesiae
592 2634 719 2691 nostrae
742 2626 963 2690 existentibus.

933 2918 1027 3000 496.

207 3098 241 3152 20
354 3082 678 3173 1332Aprtl10.
717 3082 793 3153 Dos
827 3081 1107 3173 Weisseabarper
1133 3081 1278 3171 Kopitel
1312 3081 1484 3152 arkaadct
1514 3081 1598 3153 albor
1624 3083 1679 3154 die

280 3202 450 3294 Theilunp
476 3204 538 3274 der
565 3203 755 3293 Besitaaap
780 3203 873 3274 Zsalc
898 3211 1001 3274 anter
1027 3204 1137 3293 ciaipe
1164 3203 1290 3293 Adlipe
1316 3203 1390 3273 aad
1416 3203 1599 3274 bescbreibt
1626 3204 1681 3275 die

281 3322 439 3396 Gramen
465 3324 578 3396 dieser
604 3323 802 3414 Besitaaap.

434 3470 638 3538 Eiapescbultet
661 3487 715 3524 voa
738 3471 797 3524 dem
822 3470 1046 3539 Weissenharper
1069 3469 1184 3537 Kopiicl
1210 3472 1285 3535 1543,
1313 3468 1388 3538 θήρ.
1414 3470 1485 3537 Pap.
1504 3467 1681 3524 Stodtarcln'v

276 3556 485 3625 Kline-scribam.

208 3722 241 3773 ‘25
434 3716 614 3798 Capitulum
638 3714 789 3777 ecclesiae
815 3715 962 3777 Albensis
977 3715 1220 3777 'lt-aussitnanac
1237 3713 1385 3776 omnibus
1402 3713 1516 3777 Christi
1532 3716 1681 3779 fidelibus

277 3825 475 3901 praesentem
499 3819 644 3901 paginam
670 3820 860 3901 inspecturis
883 3819 1016 3881 salutem
1042 3819 1073 3879 in
1105 3818 1247 3880 omnium
1272 3817 1437 3881 salvatore.
1475 3819 1526 3882 Ad
1551 3820 1680 3884 univer-

278 3941 386 3985 sorum
418 3922 564 3986 notitiam
596 3929 658 3985 tam
690 3923 904 4005 praesentium
936 3941 1032 4002 quam
1063 3922 1247 3985 futurorum
1277 3922 1390 3984 harum
1422 3923 1502 3985 serie
1530 3923 1680 3987 volumus

277 4027 454 4108 pervenire,
486 4027 572 4106 quod
603 4026 784 4088 constitutis
815 4044 920 4087 coram
953 4023 1044 4086 nobis
1068 4024 1220 4088 Michaelo
1251 4032 1283 4087 et
1305 4025 1435 4088 Nicolao
1459 4024 1532 4089 liliis
1555 4026 1681 4089 Alberti

280 4128 439 4191 nobilibus
455 4128 494 4192 de
511 4128 585 4190 Zwlr
601 4149 638 4190 ac
654 4128 800 4191 Bernaba
815 4127 919 4190 Dauid
935 4148 993 4211 pro
1018 4147 1051 4190 se
1075 4135 1106 4191 ot
1122 4128 1275 4190 llichaele
1299 4135 1330 4190 et
1351 4127 1421 4189 Elia
1442 4126 1515 4189 filiis
1538 4129 1679 4192 eiusdem
1779 4167 1781 4171 .

209 4240 244 4291 30
279 4231 400 4294 Nicolai
417 4232 456 4293 ab
483 4252 545 4293 una
561 4239 648 4314 parte
665 4239 695 4294 ot
711 4232 870 4314 Stephano
892 4230 957 4292 tilio
973 4230 1125 4293 Demetrii
1143 4238 1174 4293 ct
1189 4230 1353 4293 leutardo
1370 4250 1427 4312 pro
1443 4250 1476 4293 se
1492 4237 1523 4292 et
1536 4230 1680 4294 ladislao

278 4333 401 4396 Sandan
429 4341 461 4397 et
484 4334 619 4415 Georgio
650 4334 723 4395 tiliis
746 4334 886 4396 eiusdem
912 4334 1061 4417 Stephani
1084 4356 1119 4397 ac
1142 4335 1267 4397 loanno
1292 4333 1443 4396 Michaele
1466 4341 1498 4396 ct
1520 4334 1679 4417 Stephano

277 4438 351 4500 filiis
366 4437 525 4500 Dominici
548 4439 694 4501 similiter
715 4460 773 4522 pro
797 4459 831 4502 se
854 4460 890 4501 ac
907 4439 1001 4502 Petro
1024 4439 1121 4502 fratrc
1144 4439 1286 4521 ipsorum
1309 4438 1441 4501 absente
1464 4437 1625 4502 nobilibus
1641 4440 1680 4503 de

279 4540 389 4605 cadem
423 4542 461 4604 ab
493 4542 592 4605 altera
622 4543 716 4606 iidem
748 4543 871 4606 nobiles
901 4542 1029 4605 oraculo
1061 4543 1155 4607 virae
1186 4543 1273 4605 vocis
1306 4548 1383 4605 sunt
1413 4543 1559 4617 confessi,
1595 4544 1681 4625 quod

279 4645 459 4708 huiusmodi
484 4646 672 4709 divisionem
705 4648 908 4730 superdicta
931 4647 1007 4708 villa
1033 4666 1090 4710 seu
1114 4647 1315 4730 possessione
1338 4644 1413 4707 Zwk
1436 4645 1520 4709 inter
1542 4665 1576 4709 se
1600 4647 1682 4711 cele-

211 4758 244 4805 35
280 4747 427 4811 brassent
441 4749 597 4827 videlicet,
621 4750 706 4830 quod
723 4751 825 4832 prima
841 4758 925 4814 meta
940 4751 1041 4813 dictae
1057 4750 1266 4833 possessionis
1282 4748 1356 4810 Zwlr
1374 4749 1484 4831 incipit
1500 4770 1520 4812 a
1543 4752 1680 4832 quodam

278 4860 386 4915 monte
410 4855 493 4916 inter
515 4852 595 4916 duas
619 4853 718 4915 valles
742 4853 888 4916 videlicet
912 4854 1139 4936 Podorweclglr
1163 4861 1195 4916 ot
1212 4852 1411 4933 Kwsweolgh
1434 4854 1602 4933 existente,
1627 4858 1681 4937 qui

279 4956 407 5036 quidem
441 4976 531 5020 mons
560 4957 683 5039 vulgari
715 4977 860 5021 sermono
886 4957 1150 5040 Heydgusholom
1180 4957 1365 5040 appellatur.
1410 4956 1451 5019 Et
1482 4957 1596 5021 deinde
1626 4979 1683 5042 per

281 5062 439 5142 quendam
463 5061 556 5125 beroz
586 5062 689 5125 tendit
710 5069 743 5124 et
765 5062 930 5125 descendit
951 5062 990 5124 ad
1023 5069 1119 5146 caput
1141 5061 1308 5125 cuiusdam
1333 5060 1423 5123 vallis
1445 5060 1628 5145 Kwswelgh
1651 5070 1683 5126 et

279 5163 393 5227 deindo
417 5166 518 5229 tendit
533 5172 565 5228 et
580 5166 742 5228 descendit
758 5166 797 5228 ad
815 5166 973 5247 quendam
990 5166 1131 5229 rivulum
1155 5167 1187 5228 in
1206 5165 1286 5227 vallo
1299 5163 1475 5247 Kyswelgh
1490 5165 1679 5230 existentem

210 5275 246 5328 lo
280 5270 367 5331 etin
392 5270 502 5332 eadem
525 5269 608 5332 valle
639 5269 741 5331 tendit
762 5270 845 5331 infra
868 5289 981 5333 versus
1004 5275 1108 5332 ortum
1141 5269 1216 5333 solis
1240 5288 1343 5350 usque
1367 5269 1525 5334 adfinem
1548 5270 1683 5353 eiusque

282 5372 372 5434 vallis
394 5371 576 5453 Kwswelgh
607 5371 701 5435 etde
725 5372 807 5435 dicta
839 5373 922 5436 valle
945 5373 1125 5455 Kwswelgh
1150 5375 1251 5437 tendit
1273 5375 1418 5438 similiter
1441 5392 1554 5439 versus
1576 5382 1681 5440 ortum

280 5473 356 5536 solis
381 5495 492 5538 versus
516 5474 650 5538 illirium
674 5476 800 5539 Zomws
823 5476 862 5540 ad
887 5478 1047 5558 quandam
1071 5477 1215 5542 arborem
1239 5498 1295 5541 seu
1321 5479 1448 5542 salicem
1473 5480 1554 5543 duos
1577 5500 1682 5544 ramos

437 5614 457 5678 ¹)
480 5610 613 5681 Vorlupe:
630 5611 714 5665 abrae.
1530 5652 1579 5705 29-
