4048 6284
966 577 1119 673 *ig

341 760 530 843 pristaldum
552 768 697 826 nostrum
719 764 832 828 Fecate
846 765 934 829 June
955 767 1083 830 nomine
1105 767 1258 830 iussimus
1279 768 1448 851 introduci,
1471 769 1527 849 qui
1551 768 1742 851 praedictam

341 869 459 927 terram
488 866 756 948 perambulaverit
785 874 818 931 et
847 887 916 931 eam
946 870 1143 933 adverbum
1165 870 1326 934 Michaelis
1349 872 1502 935 vaivodae
1531 872 1627 936 certis
1648 873 1742 936 metis

341 968 616 1051 circumsignatam
645 971 723 1053 ipsis
752 973 932 1054 assignavit.
974 973 1081 1036 Prima
1111 993 1186 1037 vero
1216 978 1300 1036 meta
1322 974 1417 1037 huius
1446 980 1549 1038 terrae
1571 975 1682 1058 incipit
1703 976 1742 1039 de

342 1070 545 1153 indaginibus
575 1074 669 1135 castri
691 1074 824 1157 Almage
854 1084 886 1138 et
908 1077 1050 1158 procedit
1072 1096 1176 1157 usque
1198 1078 1238 1139 ad
1268 1078 1433 1160 indagines
1455 1079 1549 1140 castri
1572 1078 1742 1161 Noilgiant,

341 1181 373 1238 et
388 1175 462 1238 inde
478 1178 680 1259 progreditur
694 1198 798 1259 usque
814 1179 853 1241 ad
876 1180 1041 1262 indagines
1056 1179 1187 1260 Nicolai,
1210 1179 1265 1242 ubi
1281 1200 1366 1261 aqua
1387 1180 1498 1244 defluit
1513 1199 1596 1262 quae
1610 1188 1743 1244 vocatur
1777 1191 1793 1243 5

340 1278 404 1359 Alt,
427 1285 459 1342 et
481 1280 526 1342 sic
549 1282 748 1344 ascendendo
770 1301 827 1364 per
849 1282 905 1345 Alt
926 1302 1030 1363 usque
1053 1284 1108 1346 ubi
1130 1283 1283 1347 Tortillou
1306 1284 1390 1348 cadit
1412 1284 1445 1346 in
1466 1284 1541 1363 Alt3
1573 1285 1742 1348 etiterum

340 1382 428 1445 radit
442 1402 546 1463 usque
561 1385 601 1446 ad
617 1390 723 1447 ortum
739 1386 881 1448 eiusdem
895 1385 1055 1467 Tertillou,
1079 1393 1111 1450 ct
1133 1387 1172 1449 ab
1190 1392 1263 1450 ortu
1279 1406 1381 1468 aquae
1403 1406 1485 1469 quae
1499 1388 1595 1451 limis
1610 1394 1743 1451 vocatur

339 1486 541 1568 progreditur
565 1489 731 1569 usquead
754 1488 912 1551 effluxmn
934 1510 1044 1571 aquae,
1072 1510 1153 1572 quae
1169 1491 1269 1554 Barsa
1292 1492 1491 1569 nominatum
1515 1492 1638 1572 deinde,
1661 1491 1744 1554 sieut

340 1596 464 1654 montes
495 1592 618 1655 nivium
639 1592 894 1675 complectuntur
924 1594 1056 1656 eandem
1078 1600 1203 1675 terram,
1236 1595 1337 1658 tendit
1359 1614 1463 1675 usque
1493 1596 1526 1657 iu
1556 1595 1741 1677 Almagiam.

339 1693 434 1757 Terra
456 1715 532 1759 vcro
555 1697 632 1759 haec
655 1702 728 1777 tota,
759 1696 852 1759 sicuti
874 1697 1025 1779 praedicti
1049 1703 1173 1760 montes
1204 1704 1236 1761 et
1256 1697 1390 1761 flumina
1411 1699 1511 1782 ipsam
1534 1698 1741 1779 circumeunt,
1779 1705 1811 1759 10

340 1807 473 1861 vocatur
494 1800 604 1863 Borra.
627 1799 714 1863 licet
729 1808 835 1863 autem
857 1801 951 1881 istud,
975 1801 1060 1881 quod
1077 1802 1215 1864 caritatis
1237 1802 1393 1883 gessimus
1408 1802 1535 1881 intuitu,
1559 1803 1643 1885 apud
1658 1822 1741 1883 eum,

342 1901 398 1981 qui
420 1902 533 1965 caritas
564 1907 620 1983 est,
649 1902 739 1965 nulla
767 1904 848 1967 colet
871 1911 1049 1987 temporum
1078 1904 1204 1986 oblivio,
1235 1924 1303 1967 nos·
1323 1910 1429 1968 tamen
1457 1906 1498 1969 ad
1528 1906 1684 1969 cautelam
1705 1906 1740 1968 in

339 2008 501 2087 posterum
517 2014 716 2088 praesentem
731 2006 936 2071 elemosinam
951 2008 1044 2091 sigilli
1060 2009 1161 2071 nostri
1175 2008 1327 2072 iussimus
1340 2009 1536 2072 corroborari
1552 2009 1741 2072 testimonio.

339 2105 456 2171 Datum
479 2128 536 2191 per
557 2129 672 2173 manus
687 2111 827 2191 magistri
848 2111 984 2175 Thomae
1010 2113 1100 2175 aulae
1123 2111 1228 2193 regiae
1249 2111 1428 2175 cancellarii
1450 2118 1482 2175 et
1495 2112 1742 2195 vesprimiensis

339 2212 518 2294 praepositi,
547 2231 631 2275 auno
658 2213 697 2275 ab
720 2215 938 2278 incarnatione
961 2216 1080 2278 domini
1102 2214 1246 2278 MCCXI.
1291 2215 1472 2279 Venerabili
1494 2215 1641 2279 Johanne
1663 2215 1741 2279 Stri-
1777 2224 1810 2275 15

339 2315 483 2395 goniensi
514 2316 757 2400 archiepiscopo,
786 2320 962 2382 reverendo
992 2318 1142 2383 Bertoldo
1174 2317 1340 2382 Colocensi
1370 2319 1469 2382 electo
1500 2324 1532 2382 et
1560 2318 1643 2383 bano
1673 2320 1741 2383 exi-

340 2418 505 2499 stentibus,
529 2419 645 2483 Caleno
662 2419 1004 2503 Quinqueecclesiensi,
1031 2422 1177 2486 Boleslao
1200 2421 1364 2499 Watiensi,
1388 2421 1568 2506 Cathapano
1584 2423 1741 2505 Agriensi,

339 2520 479 2602 Symone
501 2522 710 2603 Waradieusi,
732 2523 897 2589 Desiderio
921 2525 1117 2603 Ceuadiensi,
1148 2526 1318 2589 Wilhelmo
1340 2525 1556 2606 Trausilvano,
1579 2526 1740 2590 Gothardo

340 2624 550 2706 Zagrabiensi,
573 2626 667 2690 Petro
691 2627 867 2709 Gauriensi,
889 2629 1028 2692 Roberto
1046 2630 1275 2713 Vesprimiensi
1298 2629 1445 2693 ecclesias
1472 2629 1604 2693 feliciter
1626 2630 1741 2713 guber—

340 2727 497 2791 nantibus
521 2729 602 2791 Poth
617 2730 756 2813 palatino
772 2738 804 2796 et
819 2731 1036 2795 Mussuniensi
1052 2732 1174 2811 comite,
1198 2732 1349 2796 Michaele
1367 2732 1504 2795 vmr'oda
1518 2733 1739 2815 existentibus,
1775 2738 1810 2792 20

339 2831 433 2894 Petro
463 2832 639 2914 Bachiensi,
668 2834 745 2898 Jula
772 2835 984 2918 Budrigiensi,
1017 2836 1167 2898 Bancone
1197 2836 1394 2899 Bichoriensi
1424 2841 1457 2899 et
1486 2835 1596 2898 curiali
1626 2837 1741 2899 comite

339 2934 474 3016 reginae,
497 2935 646 2998 Marcello
662 2935 841 3000 Keweiensi
864 2943 895 3000 et
917 2937 1028 3000 curiali
1043 2937 1166 3017 comite,
1189 2938 1341 3002 Nicholao
1362 2939 1549 3001 Posoniensi
1572 2938 1740 3002 comitatus
1868 2984 1872 2989 -

340 3037 529 3101 tenentibus.
563 3038 665 3121 Regni
687 3040 788 3103 nostri
810 3059 894 3102 anno
918 3041 1059 3124 septimo.

1004 3332 1070 3416 20.

416 3513 506 3585 Rom
531 3515 580 3585 im
605 3513 763 3586 Ιιαιεναη
790 3517 888 3586 1212
912 3515 1056 3586 Janaur
1082 3516 1142 3585 18.
1178 3513 1289 3605 Papat
1315 3514 1486 3588 Innocens
1511 3515 1590 3586 ΙΙΙ.
1619 3514 1738 3604 bcoafl
1774 3532 1809 3587 25

339 3639 433 3725 trapt
459 3635 525 3706 dea
547 3634 737 3725 pewdbltcn
755 3634 968 3723 Erabtbcbof
986 3635 1060 3706 aad
1085 3635 1151 3706 den
1168 3634 1295 3726 Propst
1316 3658 1382 3708 voa
1398 3636 1560 3723 Kalocsa,
1588 3635 1654 3707 den
1676 3657 1740 3707 oon

338 3755 456 3845 Kbaip
483 3753 643 3827 Andreas
670 3756 725 3826 II.
762 3755 1066 3847 vorpcscblupeaea
1101 3755 1416 3828 Hermaanstddter
1443 3755 1568 3847 Ibopst
1598 3757 1636 3827 in
1666 3757 1739 3828 sein

341 3875 425 3947 Amr
452 3877 671 3948 einansctacn.

494 4022 605 4076 Draclr:
629 4022 767 4076 Balazias
785 4022 877 4091 Epist.
896 4023 1053 4077 innocentii
1071 4024 1134 4077 111.
1152 4024 1197 4089 II,
1221 4027 1281 4079 582.
1300 4054 1334 4063 —
1359 4024 1478 4091 Bosqaat
1502 4022 1658 4077 Inuoceatii
1677 4023 1739 4077 III.

442 4109 519 4177 epist.
536 4114 596 4163 292.
621 4109 736 4162 Kolone
756 4110 830 4163 Hier.
848 4111 908 4164 crit.
926 4110 958 4176 V,
977 4113 1035 4163 134.
1060 4110 1146 4176 Fejtr
1161 4110 1250 4164 Codex
1269 4110 1331 4175 ΙΙΙ,
1350 4115 1374 4175 1,
1394 4113 1452 4162 114.
1471 4108 1567 4177 Mipaa
1582 4109 1739 4163 Innocentia'
1773 4110 1809 4164 30

442 4196 505 4249 ΙΙΙ.
523 4212 607 4263 opero
626 4196 688 4262 ΙΙΙ,
707 4199 766 4249 513.
797 4196 909 4250 Teutaclr
927 4213 954 4249 u.
974 4196 1135 4249 Firaltober
1153 4195 1224 4250 siet.
1248 4195 1330 4249 Urltb.
1350 4195 1375 4261 I,
1394 4198 1435 4247 10.

494 4316 606 4386 Repest:
624 4316 751 4370 Pottbuat
770 4316 887 4385 Repeatu
904 4316 958 4371 Nr.
976 4320 1053 4370 4364.

493 4490 701 4555 Innocentius
721 4540 819 4554 .....
836 4491 935 4554 electo
959 4497 991 4554 et
1013 4491 1192 4575 praeposito
1216 4490 1442 4554 Colocensibus
1461 4539 1558 4554 .....
1579 4489 1669 4554 Sicut
1691 4491 1738 4553 di·

337 4593 439 4655 lectus
453 4593 540 4657 filius
555 4596 704 4676 magister
718 4594 754 4657 R
771 4594 862 4657 nobis
883 4613 1046 4678 exponere
1061 4596 1252 4677 procuravit,
1268 4596 1450 4659 carissimus
1464 4596 1498 4656 in
1514 4594 1638 4658 Christo
1654 4592 1739 4657 filius

337 4704 446 4759 noster
474 4697 633 4780 Vngariae
663 4718 721 4761 rex
755 4698 887 4761 illustris
921 4699 1025 4782 ipsum
1059 4698 1098 4760 ad
1128 4699 1379 4781 praeposituram
1409 4697 1622 4761 Cibinieusem
1645 4697 1739 4760 duxit
1774 4703 1808 4757 35

336 4799 487 4862 canonice
509 4800 784 4882 praesentandum.
824 4800 944 4864 Verum
968 4802 1041 4882 quia
1069 4801 1289 4884 praepositura
1316 4800 1425 4863 eadem
1448 4799 1488 4861 ad
1511 4818 1569 4861 nos
1591 4799 1624 4860 in
1648 4799 1739 4882 spiri-

337 4901 476 4965 tualibus
499 4903 586 4966 nullo
609 4903 746 4986 pertinet
768 4905 934 4987 mediante,
957 4905 1049 4968 nobis
1071 4904 1231 4968 humiliter
1250 4902 1448 4986 supplicavit,
1471 4907 1508 4965 ut
1530 4900 1590 4964 sibi
1612 4919 1682 4963 eam
1703 4901 1738 4963 in

336 5005 385 5067 his
409 5024 490 5086 quae
512 5006 553 5069 ad
568 5027 627 5069 uos
641 5008 802 5090 pertinent
823 5009 1048 5072 conferremus.
1083 5007 1149 5071 Nos
1172 5013 1279 5070 autem
1303 5006 1389 5087 quod
1411 5025 1468 5088 per
1490 5006 1610 5068 dictum
1631 5023 1738 5087 regem

336 5110 454 5172 factum
477 5110 628 5173 canonice
651 5111 755 5174 iuerat
781 5111 991 5194 approbantes
1013 5131 1070 5195 per
1095 5110 1268 5194 apostolica
1289 5108 1381 5171 vobis
1403 5110 1520 5191 scripta
1541 5109 1738 5191 mandamus,

338 5219 496 5293 quatenus
519 5214 638 5277 dictum
660 5214 696 5277 R.
725 5215 758 5277 in
781 5215 892 5278 eadem
913 5216 1133 5297 praepositura
1159 5214 1326 5276 instituere
1356 5213 1543 5276 auctoritate
1566 5213 1738 5296 apostolica
1772 5218 1808 5273 40

335 5317 520 5401 procuretis.
557 5316 676 5381 Datum
709 5318 864 5399 Laterani,
898 5316 971 5381 XV.
1001 5317 1160 5380 Kalendas
1193 5316 1367 5398 Februarii,
1400 5314 1603 5399 pontificatus
1636 5316 1738 5380 nostri

336 5440 420 5484 anno
444 5427 557 5503 quarto
581 5422 711 5485 decimo.
