4088 6292
241 1264 258 1317 5

226 1780 260 1835 10

228 2302 261 2353 15

231 3719 265 3773 25

232 4248 268 4303 30

235 5154 271 5209 36

900 648 1074 744 1221.-

293 840 440 906 dadonis
461 844 494 905 et
508 838 735 922 assumptionis
749 836 860 902 beatae
874 836 993 902 Mariae
1008 837 1142 921 virginis
1158 834 1323 920 gloriosae,
1345 834 1380 897 in
1394 834 1695 899 commemoratione

293 945 437 1008 omnium
460 948 652 1025 sanctorum,
673 943 708 1006 in
730 941 957 1006 festivitatibus
982 940 1199 1026 apostolorum
1220 938 1309 1003 Petri
1331 944 1364 1002 et
1380 938 1474 1002 Pauli
1496 943 1530 1003 et
1552 938 1695 1003 omnium

293 1048 427 1111 aliorum
443 1046 661 1130 apostolorum
676 1051 709 1109 et
722 1065 780 1131 per
794 1053 923 1110 octavas
937 1046 1079 1130 ipsarum
1102 1044 1310 1108 festivitatum
1325 1042 1506 1106 immediate
1523 1047 1696 1125 sequentes

294 1171 419 1216 necnon
452 1152 487 1214 in
521 1150 687 1215 beatorum
716 1149 880 1215 Michaelis
909 1149 1105 1232 archangeli,
1138 1147 1305 1211 Larmenoii
1335 1152 1368 1210 et
1395 1145 1483 1210 Petri
1514 1146 1553 1211 de
1584 1147 1695 1210 ordine

293 1255 562 1336 Praedicatorum
585 1259 763 1335 martyrum
785 1252 909 1317 Nicolai
931 1258 964 1317 et
982 1252 1111 1316 Martini
1126 1251 1353 1333 confessorum,
1376 1249 1581 1334 Margaretae,
1603 1249 1695 1314 Oete-

293 1361 381 1425 rinae
414 1365 448 1423 ot
467 1358 587 1422 Mariae
608 1357 815 1441 Magdalenae
837 1355 1064 1421 festivitatibus
1090 1360 1122 1419 et
1150 1355 1185 1417 iu
1207 1354 1404 1418 dedicatione
1426 1354 1577 1418 ecclesiae
1592 1372 1697 1439 'supra

294 1464 396 1528 dictae
419 1482 517 1526 causa
539 1461 718 1525 devotionis
740 1468 773 1524 et
795 1461 947 1524 orationis
968 1460 1159 1524 amesserint
1184 1463 1217 1522 et
1237 1457 1355 1522 ibidem
1377 1458 1507 1522 missam
1529 1458 1696 1541 audierint,

294 1567 345 1632 rel
360 1587 419 1652 pro
441 1584 519 1650 pace
533 1565 724 1629 universalis
739 1564 890 1629 eeclesiae
911 1565 1073 1628 oraverint
1095 1568 1203 1627 mente
1216 1563 1270 1646 pia
1291 1569 1348 1626 aut
1361 1582 1419 1646 pro
1434 1562 1696 1646 reparationibus,

294 1670 578 1751 emendationibus
601 1669 779 1751 structuris,
800 1667 1021 1751 luminaribus,
1044 1667 1150 1749 calice,
1173 1666 1376 1748 ornamentis,
1399 1666 1578 1749 structuris,
1600 1667 1697 1731 veeti-

294 1776 419 1857 mentis,
449 1774 546 1856 libris
576 1774 738 1856 campanis
762 1771 814 1836 vel
836 1772 906 1836 eliis
932 1773 1189 1854 quibuscumque
1212 1771 1314 1834 dictae
1335 1770 1487 1835 ecclesiae
1509 1771 1697 1836 necessariis

294 1899 409 1943 manus
430 1878 634 1963 porrexerint
658 1876 837 1959 adjutrices,
868 1876 921 1940 vel
949 1879 1006 1959 qui
1037 1877 1072 1939 in
1102 1876 1186 1939 bona
1215 1875 1265 1939 sui
1295 1875 1436 1958 corporis
1471 1876 1606 1939 mnitate
1639 1893 1697 1939 seu

295 1984 390 2047 etiam
412 1983 447 2045 ln
469 1981 622 2046 extremis
644 1980 825 2044 laborantes
848 1981 1024 2062 quidquam
1041 1978 1230 2043 facultatum
1252 1998 1383 2043 suarum
1406 1978 1582 2062 legaverint
1602 1977 1697 2043 modo
1729 2050 1734 2057 ,

295 2087 381 2150 licito
405 2085 556 2150 ecclesiae
586 2103 684 2167 supra
705 2083 816 2167 dietae,
839 2085 879 2149 de
902 2085 1129 2168 omnipotentis
1160 2083 1211 2147 dei
1233 2082 1449 2146 misericordia
1470 2088 1504 2147 et
1531 2083 1698 2146 beatorum

296 2191 383 2255 Petri
405 2196 439 2255 et
459 2188 551 2253 Pauli
574 2186 790 2272 apostolorum
813 2189 883 2253 eius
905 2188 1093 2252 auctoritate
1116 2186 1228 2251 confisi
1249 2186 1367 2270 singuli
1388 2193 1535 2251 nostrum
1557 2186 1699 2270 singulas

297 2295 421 2359 dierum
444 2293 663 2376 quadragenas
686 2292 725 2356 de
746 2292 900 2355 uuunctis
929 2291 989 2355 sibi
1010 2291 1216 2376 poenitentiis
1245 2290 1491 2355 misericorditer
1511 2290 1547 2353 in
1570 2289 1698 2353 domIno

298 2397 489 2474 relaxms,
513 2397 590 2460 dum
608 2397 703 2460 mode
727 2397 886 2460 dincesani
901 2395 1051 2459 voluntas
1066 2394 1160 2458 adid
1183 2395 1375 2459 accesserint
1397 2400 1429 2458 et
1450 2412 1634 2458 consensus.
1660 2393 1698 2456 In

297 2502 390 2565 euius
410 2501 457 2564 rei
471 2501 689 2564 testimonium
727 2499 926 2564 raesentibus
941 2504 1051 2563 nostra
1077 2498 1180 2582 sigilla
1197 2499 1349 2562 iussimus
1363 2498 1557 2581 appensione
1571 2496 1698 2561 muniri.

297 2603 417 2669 natum
436 2604 565 2681 Roma,
589 2605 640 2668 ere
661 2520 738 2667 xi
761 2604 880 2667 menes
898 2602 1018 2685 naen
1040 2568 1091 2666 ir
1112 2602 1304 2687 innocens,
1326 2602 1531 2686 penetratus
1554 2598 1698 2686 [oomni]

298 2708 455 2772 Bonifaeii
476 2728 576 2793 papae
598 2708 686 2772 VIII.
709 2727 793 2771 anno
817 2712 940 2789 quarto.

959 3037 1050 3121 282.

376 3219 457 3292 Post
482 3222 590 3292 1298
607 3218 745 3312 Asperat
774 3222 809 3291 5.
846 3219 922 3291 Der
947 3220 1152 3311 caparacie
1169 3219 1366 3310 Reiebatcp,
1392 3218 1467 3290 used
1492 3217 1566 3305 auf
1575 3217 1701 3291 Qum

298 3342 387 3414 eceb
412 3343 469 3414 die
495 3341 744 3432 Siedenbdrper
772 3338 934 3427 Saeleen,
962 3339 1053 3434 apud
1079 3338 1260 3412 ecelesiam
1286 3338 1434 3412 fratrum
1457 3337 1635 3410 Minorem
1661 3337 1701 3410 in

298 3461 383 3535 Pest
408 3485 500 3536 anne
518 3461 647 3534 domini
666 3459 851 3533 millesimo
878 3458 1109 3532 ducentesimo
1134 3460 1360 3557 nonagesimo
1386 3464 1513 3553 octavo,
1539 3459 1578 3531 in
1602 3458 1700 3531 festi·

298 3583 406 3656 vitate
422 3583 514 3656 beati
537 3581 710 3655 Dominici
728 3581 945 3675 confessoris,
961 3603 1040 3654 curn
1059 3580 1219 3653 omnibus
1238 3580 1412 3653 nobilibus
1431 3579 1626 3676 Hungarls,
1644 3577 1700 3652 Si·
1773 3576 1784 3594 ⁹

301 3701 401 3795 culis,
414 3701 621 3797 Suionibus,
635 3702 798 3776 Comanis
812 3701 851 3774 in
864 3724 973 3774 unum
988 3701 1240 3795 convenientes,
1252 3701 1376 3774 erldesf
1389 3703 1445 3773 eie
1454 3701 1700 3792 Rebbepesete.

456 3867 568 3921 Drace-
591 3866 718 3935 Romen
735 3865 823 3935 nepe
844 3866 933 3920 enea.
952 3866 997 3934 11,
1020 3869 1073 3920 eoo
1096 3865 1167 3919 men
1190 3865 1250 3919 dem
1270 3863 1401 3933 ereptare
1423 3864 1473 3920 der
1492 3864 1700 3935 umeneces-

404 3952 530 4007 orande
547 3953 595 4007 dee
612 3952 723 4023 Kdnc'ps
746 3950 921 4006 Wadisluus
939 3951 965 4006 I.
982 3967 1036 4005 eon
1055 3954 1131 4017 1440,
1160 3950 1264 4020 Uesper.
1276 3949 1485 4005 Laodeeorcbs‘o
1503 3951 1655 4019 Budepest.
1667 3981 1701 3995 -·

405 4039 562 4093 Koocebicb
587 4037 780 4107 supplementa
805 4039 843 4092 ad
866 4036 1026 4108 eeetfps'al,
1050 4041 1093 4092 91.
1128 4036 1286 4091 Koeaebieb
1304 4035 1412 4107 Sylloge
1429 4037 1596 4092 decretorum
1614 4038 1641 4103 Ι,
1658 4040 1702 4093 27.

406 4127 493 4194 Fejer
513 4126 603 4182 Codex
626 4125 677 4193 VI,
693 4130 720 4194 2,
739 4129 798 4180 130.
817 4125 1001 4179 Dereeuaianu
1019 4124 1186 4177 Documento
1203 4126 1263 4177 532.

458 4246 571 4317 Repest:
588 4247 692 4301 Kereus
709 4246 891 4300 Monumenta
909 4245 954 4312 11,
972 4249 1032 4300 437.

956 4557 1049 4644 283.

336 4702 340 4709 Ι
380 4742 626 4835 Klerueeaburp
659 4744 763 4814 1299
790 4741 986 4834 September
1011 4744 1068 4812 14.
1114 4696 1249 4827 Petrus,
1285 4694 1440 4826 Bieebof
1464 4761 1529 4810 oen
1565 4735 1702 4809 Siebere

305 4864 444 4958 terere,
482 4866 615 4938 wusebt
646 4865 702 4936 die
728 4863 1064 4935 Koloesmonestorer
1089 4860 1449 4951 Abtei-Baeiteeapcn
1483 4854 1593 4930 nere
1631 4857 1706 4928 und

305 4986 536 5080 Srcntpydrpp
560 5009 667 5079 pepon
692 4986 785 5057 seiae
811 4984 1042 5074 Beee'teeapcn
1069 4981 1195 5054 Nudus
1221 4981 1295 5052 aad
1319 4978 1527 5071 Repertetke
1553 4979 1619 5051 eie.

464 5151 540 5222 Oria.
558 5150 638 5221 Pera.
661 5150 766 5220 Uesper.
778 5146 986 5204 Landesarebio
998 5146 1149 5215 Budapcet.
1168 5143 1256 5215 Siepel
1272 5161 1332 5199 war
1344 5161 1382 5198 on
1399 5143 1492 5197 retius
1504 5140 1706 5197 &adcessimus

410 5238 573 5308 oopebdnpt.
591 5267 626 5277 -
643 5237 723 5291 Auel»
740 5235 929 5306 dwmcbdtet
952 5250 1005 5289 oon
1028 5234 1088 5288 dem
1111 5230 1366 5321 akbenbdrpiecbca
1389 5230 1548 5285 Wciwodeo
1565 5229 1706 5285 Nikcleus

410 5328 487 5392 1368,
507 5323 583 5393 Orio.
601 5323 793 5378 Kufbols'aebcs
810 5320 1021 5390 Psarrcinrebs'o
1039 5319 1246 5389 Klaueeuburp.

462 5445 574 5500 Druck:
595 5444 708 5500 Tmen
725 5463 753 5499 e.
766 5442 928 5499 Ferataber
945 5440 1018 5496 sico.
1035 5439 1118 5494 Urso.
1131 5439 1157 5493 1.
1174 5442 1235 5493 210.
1258 5438 1368 5495 Wemel
1388 5434 1453 5495 Ceti.
1468 5438 1577 5507 Arpad.
1595 5437 1628 5507 V,
1643 5441 1705 5493 216.

410 5532 503 5587 Jakab
524 5531 675 5587 Oklevt‘lfdr
693 5533 719 5600 I,
736 5535 779 5586 30.
1363 5532 1367 5538 ’
1424 5550 1428 5557 ’

1553 5629 1601 5683 14*
