4084 6302
995 650 1060 715 483

319 838 532 924 saepissime¹)
548 840 642 904 iidem
663 840 802 923 religiosi
824 840 1018 905 excederent
1037 840 1155 905 limitas
1180 839 1260 903 iurr's
1282 839 1428 904 canonici
1442 842 1555 903 contra
1567 837 1721 922 plebanos

319 943 526 1008 ecclesiarum
540 945 592 1008 vel
615 950 755 1007 rectores
777 964 835 1027 per
856 944 981 1026 hocque
1003 949 1106 1008 status
1128 944 1360 1008 ecclesiasticus
1381 943 1416 1006 in
1439 943 1507 1007 suis
1522 941 1722 1006 libertatibus

319 1046 493 1131 plurimum
518 1049 688 1113 vacillaret
723 1048 857 1125 Quidam
882 1050 976 1112 etiam
998 1049 1031 1111 in
1054 1048 1226 1133 plebanum
1255 1049 1305 1113 vel
1327 1048 1481 1112 vicarium
1504 1048 1723 1131 reciperentur

320 1173 384 1216 uon
416 1152 569 1217 habentes
592 1153 786 1216 dimissorias
808 1148 860 1216 vel
882 1154 1041 1235 formatas,
1072 1153 1104 1215 in
1128 1172 1265 1235 quorum
1287 1152 1433 1235 personis
1455 1150 1645 1234 ambiguitas
1667 1171 1722 1235 ge-

269 1272 281 1318 ι·
322 1264 498 1338 sereretur,
513 1264 622 1321 utrum
639 1257 672 1318 in
688 1257 789 1339 ipsius
805 1256 970 1319 sacerdotii
982 1257 1116 1340 gradum
1132 1263 1240 1320 esseut
1254 1276 1312 1340 per
1326 1257 1441 1320 saltum
1458 1256 1595 1340 promoti
1611 1256 1662 1320 vel
1676 1257 1722 1321 le-

320 1362 429 1443 gitime
445 1361 589 1425 ordinati.
606 1361 760 1424 Volentes
771 1361 869 1444 igitur
884 1360 1065 1444 praemissis
1082 1361 1263 1442 querulosis
1279 1361 1564 1445 supplicationibus
1579 1361 1722 1445 ipsorum

322 1466 461 1529 remedio
493 1484 660 1529 occurrere
695 1465 835 1546 salutari,
866 1484 907 1529 ne
933 1464 1069 1548 amplius
1098 1465 1174 1529 talia
1206 1466 1240 1528 in
1270 1466 1461 1548 derogamen
1491 1465 1722 1530 ecclesiasticae

321 1569 474 1633 libertatis
497 1569 703 1649 invalescant
734 1569 904 1632 statuimus
927 1574 964 1633 ut
986 1568 1095 1633 nullus
1117 1570 1282 1651 nobilium,
1312 1571 1474 1652 comitum,
1504 1569 1646 1633 iudicum
1670 1570 1723 1635 vel

321 1674 456 1737 aliorum
481 1692 685 1756 quocumque
709 1673 838 1736 nomine
861 1680 1052 1737 censeantur
1078 1675 1118 1738 ad
1141 1674 1258 1737 iudicia
1284 1674 1461 1757 spiritualia
1489 1674 1722 1757 odiorumque

322 1777 569 1841 ecclesiasticum
593 1777 785 1861 pertinentia
806 1797 840 1840 se
864 1777 1074 1841 intromittere
1097 1778 1213 1842 audeat
1235 1778 1286 1842 vel
1309 1783 1500 1861 praesumat,
1531 1777 1586 1840 sed
1610 1797 1721 1841 omues

321 1901 436 1945 causae
467 1881 647 1965 spirituales
677 1901 734 1965 per
764 1881 917 1965 plebanos
939 1882 991 1945 vel
1021 1883 1226 1946 ecclesiarum
1257 1888 1404 1965 rectores,
1436 1882 1554 1965 quibus
1584 1882 1623 1946 de
1652 1883 1723 1946 iure

321 1993 515 2069 competunt,
538 1987 729 2050 iudicentur.
761 1985 841 2049 Cum
865 2004 1007 2067 eaquae
1030 1993 1106 2050 sunt
1128 1988 1264 2051 caesaris
1286 1987 1407 2051 caesari
1429 1993 1462 2050 et
1485 2004 1567 2069 quae
1590 1987 1641 2050 dei
1663 1986 1723 2049 deo

321 2090 497 2154 abdicanda
524 2091 592 2155 fore
615 2091 816 2175 evangelicae
839 2093 1010 2155 concinant
1039 2092 1228 2174 sanctiones,
1258 2090 1455 2173 quibuslibet
1476 2090 1601 2155 iuribus
1623 2091 1724 2154 archi-

322 2195 516 2279 episcapatui
539 2194 748 2277 Strigoniensi
771 2216 947 2280 congruere
979 2194 1169 2260 debentibus
1192 2195 1284 2259 uobis
1311 2200 1343 2259 et
1364 2195 1482 2259 noshis
1504 2195 1538 2258 iu
1560 2199 1724 2278 posterum

271 2314 284 2360 .·
323 2300 561 2363 successoribus
584 2300 672 2363 salve
695 2306 727 2363 et
749 2299 856 2364 illaesa
880 2321 1042 2383 quoquam
1067 2300 1216 2384 temporis
1236 2301 1416 2364 successivo
1439 2299 1599 2364 curriculo
1622 2318 1724 2362 reser-

254 2832 288 2884 ‘20

255 3352 288 3403 ‘25

255 3873 290 3925 30

257 4391 291 4441 35

256 4908 292 4962 40

257 5494 292 5548 45

323 2406 413 2468 vatis.
437 2404 504 2468 Noc
520 2405 614 2468 etiam
631 2404 739 2486 aliqua
754 2404 839 2467 bona
853 2424 910 2468 seu
927 2424 977 2467 res
994 2404 1210 2486 quorumlibet
1224 2404 1433 2488 plebanorum
1448 2423 1506 2468 seu
1523 2403 1723 2467 sacerdotum

322 2509 356 2571 iu
379 2509 446 2571 vita
468 2508 519 2571 vel
541 2509 576 2570 in
598 2515 701 2572 morte
724 2510 882 2593 quispiam
906 2529 1016 2593 rapere
1047 2509 1163 2573 audeat
1184 2514 1240 2572 aut
1262 2510 1296 2571 in
1323 2528 1418 2573 suum
1440 2509 1605 2591 proprium
1628 2526 1724 2572 usum

323 2614 485 2697 deputare.
507 2612 572 2696 Ipsi
596 2613 680 2676 enim
703 2614 883 2676 sacerdotes
914 2613 965 2676 vel
988 2612 1115 2696 plebani
1142 2613 1182 2677 de
1204 2613 1271 2677 suis
1301 2612 1394 2677 bonis
1415 2632 1576 2677 consensu
1597 2612 1646 2676 sui
1670 2631 1724 2674 su·

323 2718 456 2800 perieris
471 2717 705 2780 interveniente
729 2716 876 2780 debonis
899 2717 966 2780 suis
988 2717 1021 2779 iu
1043 2718 1194 2781 extremis
1210 2717 1340 2781 liberam
1364 2717 1633 2781 testamentariam
1648 2735 1725 2779 con-

324 2821 419 2886 dendi
442 2821 682 2904 dispositionem
704 2820 841 2884 habeant
859 2820 1051 2904 facultatem,
1074 2828 1199 2905 praeter
1220 2822 1305 2886 bona
1327 2821 1478 2886 ecclesiae
1493 2840 1570 2886 auae
1593 2821 1632 2885 de
1654 2821 1725 2885 iure

323 2926 470 2989 debentia
492 2926 658 3008 pertinere.
681 2926 865 2989 hunnimus
881 2926 985 3007 etiam,
1009 2926 1097 3008 quod
1118 2927 1245 3009 patroni
1267 2933 1299 2991 et
1317 2926 1426 3010 populi
1450 2925 1646 3010 parochiales
1670 2945 1725 2990 ue-

324 3031 440 3093 minem
464 3050 565 3093 annos
581 3029 780 3094 discretionis
796 3050 861 3093 nou
878 3030 1045 3094 habentem
1061 3031 1095 3093 iu
1110 3030 1282 3113 plebanum
1298 3031 1350 3095 rel
1366 3037 1522 3095 rectorem
1545 3030 1725 3112 aliquarum

323 3135 529 3199 ecclesiarum
558 3134 675 3217 eligere
697 3134 836 3198 audeaut
857 3134 924 3198 ullo
955 3135 1059 3217 mode,
1082 3135 1142 3198 uisi
1174 3136 1303 3200 obtenta
1326 3156 1344 3199 a
1366 3134 1459 3199 uobis
1489 3134 1725 3218 dispensatione

323 3239 460 3322 speciali.
482 3238 573 3303 Tales
596 3240 681 3303 enim
711 3240 745 3302 in
767 3245 960 3302 rectoratum
985 3239 1190 3303 ecclesiarum
1221 3240 1388 3323 eligantur,
1420 3240 1476 3322 qui
1498 3240 1582 3302 intra
1604 3258 1726 3302 aunum

323 3346 355 3407 in
380 3344 514 3425 gradum
537 3344 704 3409 sacerdotii
726 3344 865 3426 legitime
887 3350 1023 3427 possunt
1049 3344 1238 3427 promoveri.
1272 3344 1429 3428 Indignus
1452 3344 1537 3408 enim
1560 3343 1628 3407 iore
1651 3362 1725 3407 cen-

324 3455 414 3512 setur
435 3449 581 3531 regimini
596 3449 776 3533 praesidere
793 3449 937 3530 aliorum,
960 3449 1014 3530 qui
1031 3449 1184 3531 regimine
1199 3449 1320 3532 indiget
1334 3457 1520 3513 ceterorum.
1548 3448 1615 3513 Nec
1631 3449 1725 3512 etiam

324 3573 370 3631 ea,
393 3573 476 3635 quae
498 3554 539 3617 ad
561 3554 688 3618 laudem
711 3553 763 3616 vel
786 3553 939 3616 honorem
962 3553 1013 3616 dei
1036 3554 1175 3617 viventis
1198 3562 1254 3617 aut
1276 3554 1428 3618 ecclesiae
1449 3554 1535 3617 bona
1556 3571 1613 3636 per
1635 3571 1725 3636 prae-

326 3660 503 3722 nominatos
519 3656 671 3741 plebanos
687 3663 719 3720 et
734 3658 939 3721 ecclesiarum
962 3664 1100 3721 rectores
1120 3659 1317 3742 speculativa
1331 3658 1598 3741 contemplatione
1614 3657 1727 3722 suuns

325 3764 522 3843 ordinantur,
554 3762 710 3844 quispiam
736 3763 841 3825 verbis
865 3762 915 3825 vel
938 3763 1029 3825 tactis
1052 3767 1107 3825 aut
1129 3762 1429 3845 reprehensionibus
1452 3762 1568 3825 audeat
1599 3761 1726 3841 violare,

325 3888 398 3931 cum
421 3869 473 3951 pie
496 3873 566 3929 aeta
588 3874 620 3930 et
642 3866 812 3929 salubriter
827 3866 979 3949 disposita
994 3872 1140 3929 aeternae
1164 3866 1431 3949 compensationis
1451 3865 1597 3928 bravium
1620 3864 1726 3927 sortiri

325 3972 560 4055 dignoscantur.
594 3970 636 4033 Et
659 3970 734 4033 haec
765 3971 872 4033 omnia
894 3976 950 4033 aut
982 3970 1114 4051 quaevis
1145 3970 1271 4052 singula
1297 3971 1543 4053 praemissorum
1573 3973 1727 4052 perpetua

325 4074 528 4138 durabilitate
551 4074 702 4137 volumus
724 4074 895 4137 observari.
919 4074 952 4137 Si
968 4074 1024 4155 qui
1043 4092 1119 4137 vero
1142 4075 1175 4136 iu
1199 4076 1381 4158 praemissis
1404 4074 1455 4138 vel
1477 4072 1611 4155 siugulis
1634 4091 1724 4155 prae·

326 4179 495 4241 missorum
525 4196 618 4241 secus
648 4178 751 4242 lacere
782 4178 1018 4257 attentaverint,
1048 4197 1105 4261 per
1135 4197 1245 4242 omnes
1275 4178 1428 4261 plebanos
1458 4185 1490 4242 et
1519 4177 1725 4241 ecclesiarum

327 4288 466 4345 rectores
481 4281 581 4364 ipsius
595 4282 693 4364 partis
716 4281 960 4345 ecclesiasticam
977 4301 1216 4365 percensuram
1239 4288 1348 4345 nostra
1364 4284 1552 4346 auctoritate
1567 4281 1726 4345 mediante

327 4405 368 4449 ex
392 4405 479 4449 nunc
503 4386 611 4468 vigore
628 4386 840 4468 praesentium
858 4386 904 4449 eis
920 4385 1072 4449 attributa
1092 4386 1361 4469 constringantur,
1384 4386 1486 4449 donec
1508 4385 1614 4448 debita
1636 4385 1727 4448 satis·

326 4492 463 4554 factione
486 4509 520 4553 se
543 4489 722 4553 emendent,
753 4490 912 4553 Volumus
934 4491 1038 4572 etiam,
1068 4495 1106 4554 ut
1129 4490 1324 4572 ubicumque
1350 4491 1382 4553 in
1406 4490 1484 4574 ipsis
1505 4489 1649 4574 partibus
1671 4506 1728 4571 per

326 4596 520 4679 superiorem
545 4613 707 4657 excausa
736 4594 876 4658 evidenti
899 4595 1047 4677 generale
1074 4593 1225 4658 ecclesiae
1255 4595 1377 4657 matrici
1400 4593 1604 4657 interdictum
1628 4593 1728 4675 impo-

326 4701 423 4763 situm
448 4697 643 4780 quibuslibet
666 4698 856 4781 imponetur,
879 4697 1018 4793 religiosi
1041 4699 1273 4780 cuiuscumque
1297 4698 1418 4761 ordinis
1433 4698 1581 4777 existant,
1604 4700 1729 4760 cessent

325 4823 345 4867 a
367 4803 484 4866 divinis
506 4822 578 4865 cum
602 4801 747 4885 plebanis
769 4808 802 4866 et
823 4803 927 4886 ipsum
950 4803 1155 4865 interdictum
1178 4802 1311 4866 tirmiter
1333 4803 1529 4866 observetur.
1560 4799 1729 4865 Praeterea

327 4907 354 4971 si
377 4906 517 4990 exempti
540 4906 678 4989 religiosi
701 4906 736 4968 in
750 4906 829 4970 locis
844 4926 908 4970 non
930 4907 1087 4990 exemptis
1102 4907 1297 4971 obmitteudo
1322 4926 1451 4971 serrare
1473 4910 1626 4969 statutum
1649 4904 1729 4967 iuris

327 5012 472 5075 canonici
494 5016 605 5073 contra
634 5010 815 5074 sacerdotes
845 5012 1049 5093 excesserint,
1080 5012 1220 5075 decanus
1242 5010 1444 5093 Zybiniensis
1470 5010 1563 5073 iuxta
1584 5010 1728 5092 ipsorum

329 5116 549 5198 religiosorum
565 5133 755 5179 excessuum
773 5115 957 5195 qualitatem
972 5115 1006 5178 in
1029 5135 1083 5179 eos
1106 5115 1278 5179 undictam
1301 5135 1450 5180 exercere
1472 5115 1581 5199 possit,
1602 5114 1635 5176 in
1659 5113 1728 5176 loeo

327 5238 393 5284 uon
410 5225 568 5303 exempto,
585 5218 663 5281 iuris
679 5224 784 5282 tamar
801 5219 927 5282 tramite
942 5219 1119 5283 observato.
1142 5216 1210 5283 Nec
1224 5219 1319 5283 etiam
1336 5220 1492 5303 quispiam
1508 5219 1540 5282 in
1557 5218 1728 5303 plebanum

328 5325 379 5390 vel
395 5325 549 5388 monrium
574 5323 693 5387 assumi
708 5323 821 5403 valeat,
842 5323 903 5386 nisi
918 5324 985 5387 suis
1000 5324 1188 5388 dimissoriis
1204 5331 1237 5388 et
1251 5325 1394 5388 tenuatis
1409 5325 1528 5389 decam'
1545 5320 1733 5406 Zybiuieust

486 5496 506 5569 ¹)
528 5492 662 5568 Varlaqe:
679 5499 832 5568 sepessime.
