4086 6300
952 600 1107 696 —4-2-3-

329 790 499 873 praedictis
530 788 611 853 male
642 789 798 853 inchoatis
826 808 884 872 per
912 808 967 853 eos
989 794 1030 854 et
1058 789 1140 852 male
1170 792 1240 851 acta
1267 786 1426 870 corrigere
1455 790 1488 851 et
1516 785 1610 849 iuxta
1638 802 1732 868 posse

333 892 580 956 satisfactionem
609 891 782 975 plenariam
806 887 927 957 iacere.
964 892 1059 957 Unde
1080 892 1177 956 iidem
1208 896 1430 974 procuratores
1456 889 1586 953 nomine
1608 893 1641 953 et
1662 888 1732 952 rice

331 996 489 1060 dictorum
512 995 623 1059 decani
646 1001 679 1059 et
699 994 908 1078 plebanorum
932 1002 965 1060 et
986 996 1157 1060 cuiuslibet
1179 1014 1291 1059 eorum
1314 1000 1347 1058 et
1369 994 1408 1057 de
1422 993 1565 1076 ipsorum
1581 996 1618 1055 ut
1640 1009 1730 1075 prae-

331 1100 463 1163 missum
487 1104 536 1163 est
557 1099 685 1182 speciali
715 1104 747 1162 et
776 1118 928 1183 expresso
957 1101 1106 1164 mandato
1129 1098 1389 1183 procuratoribus
1412 1096 1570 1161 dictorum
1592 1094 1732 1180 episcopi

280 1215 296 1267 5
333 1209 366 1267 et
387 1201 518 1286 capituli
540 1201 761 1286 praesentibus
783 1204 1053 1288 interrogantibus
1076 1208 1109 1269 et
1130 1201 1357 1287 recipientibus
1379 1200 1652 1266 renunciaverunt
1674 1218 1732 1263 ex·

330 1326 440 1391 presse
462 1312 494 1371 et
516 1326 558 1371 err
581 1311 667 1370 certa
688 1308 822 1371 scientia
843 1308 992 1372 omnibus
1014 1313 1046 1372 et
1067 1307 1202 1391 singuiis
1217 1301 1509 1391 appellationibus[
1614 1301 1657 1389 1¹)
1679 1302 1732 1368 rel

330 1430 441 1475 eorum
472 1411 611 1493 aliquem
641 1431 698 1476 seu
730 1412 866 1476 alterum
896 1432 1009 1477 eorum
1039 1412 1091 1477 rel
1124 1411 1259 1475 alicuius
1289 1429 1402 1475 eorum
1434 1409 1505 1472 rice
1538 1412 1571 1472 et
1603 1406 1732 1470 nomine

333 1511 500 1599 [ipsorum]
516 1516 555 1578 ad
572 1516 679 1580 sedem
696 1515 901 1599 apostolicam
916 1517 1089 1581 interiectis
1104 1515 1351 1579 contradictum
1366 1513 1531 1576 dominum
1546 1511 1731 1596 episcopum

331 1638 389 1683 seu
411 1619 532 1684 dictum
556 1619 737 1685 venerabile
760 1620 936 1704 capitulum
957 1620 1010 1685 rel
1032 1620 1173 1703 aliquem
1195 1620 1235 1684 de
1258 1618 1342 1682 dicto
1365 1614 1504 1699 capitulo
1527 1619 1560 1679 et
1582 1612 1730 1678 omnibus

261 1734 295 1788 10
329 1723 606 1807 prosecutionibus
629 1729 661 1789 et
681 1724 884 1807 processibus
907 1720 918 1805 [
1074 1723 1116 1808 ]’)
1133 1724 1251 1788 secutis
1268 1719 1533 1805 recognoscendo,
1560 1737 1614 1783 eas
1628 1717 1728 1782 fuisse

330 1833 449 1891 temere
471 1828 673 1911 interpositas
696 1833 729 1892 et
750 1824 806 1909 ex[
963 1827 1005 1912 Ρ)
1029 1828 1133 1892 causis
1164 1848 1201 1892 ac
1231 1825 1380 1891 omnibus
1408 1830 1441 1889 et
1471 1822 1606 1907 singulis
1627 1823 1733 1887 causis

330 1932 512 1996 huiusmodi
543 1931 807 2015 appellationibus
837 1927 902 2012 etl
1061 1929 1102 2016 Ρ)
1132 1931 1207 1994 alibi
1240 1931 1324 1994 inter
1355 1934 1461 2013 partes
1493 1927 1671 2014 praedictas
1700 1932 1734 1992 et

330 2035 537 2099 nihilominus
560 2037 689 2101 nomine
712 2041 744 2100 et
765 2036 836 2099 vice
857 2032 868 2117 [
1025 2034 1068 2119 ]’)
1082 2031 1089 2121 Ι
1102 2037 1125 2113 4)
1148 2035 1240 2099 dictis
1255 2033 1515 2118 procuratoribus
1529 2032 1731 2097 dominorum

330 2140 469 2223 episcopi
493 2145 525 2204 et
547 2140 679 2223 capituli
700 2140 934 2224 praedictorum
957 2140 1185 2222 recipientibus
1212 2138 1341 2202 nomine
1363 2143 1396 2202 et
1418 2137 1488 2202 vioe
1510 2136 1653 2220 ipsorum
1675 2135 1732 2198 do-

263 2255 294 2307 lo
332 2244 491 2307 minorum
511 2244 650 2327 episcopi
669 2249 701 2307 ot
716 2244 845 2327 capituli
861 2242 1078 2308 exbibuerunt
1093 2244 1304 2308 reverentiam
1320 2248 1352 2307 et
1367 2240 1505 2307 debitam
1520 2239 1733 2304 obedientiam

328 2348 546 2430 promiserunt
566 2367 625 2430 pro
648 2348 735 2410 omni
758 2353 900 2430 tempore
923 2355 1086 2429 tamquam
1108 2346 1243 2411 subiecti
1265 2346 1357 2410 dictis
1378 2344 1515 2409 dominis
1536 2345 1684 2428 episcopo
1700 2347 1733 2407 et
1840 2418 1846 2425 Ι

330 2451 468 2535 capitulo
491 2456 523 2515 et
545 2450 647 2514 dictae
677 2449 829 2516 ecclesiae
851 2451 1086 2516 lbansiluanae.
1123 2451 1172 2514 Ac
1203 2450 1334 2534 insuper
1355 2449 1573 2533 promiserunt
1595 2446 1732 2512 sollenni

330 2555 535 2638 stipulatione
558 2555 792 2619 interveniente
815 2555 907 2619 dictis
922 2554 1184 2640 procuratoribus
1207 2553 1434 2639 stipulantibus
1457 2559 1490 2617 et
1503 2551 1732 2636 recipientibus

329 2659 459 2723 nomine
481 2664 514 2723 et
536 2660 606 2723 vice
636 2659 712 2722 dicti
742 2658 874 2743 capituli
895 2678 929 2723 se
952 2660 1022 2724 rice
1045 2666 1078 2723 et
1100 2659 1228 2723 nomine
1254 2659 1411 2723 dictorum
1435 2656 1546 2722 decani
1569 2660 1602 2721 et
1623 2655 1731 2740 pleba-

261 2773 295 2827 20
329 2783 446 2826 norum
468 2782 526 2826 seu
548 2764 635 2847 ipsos
658 2764 814 2829 decanum
837 2770 869 2827 et
890 2762 1043 2846 plebanos
1065 2764 1189 2847 integre
1211 2763 1372 2827 soluturos
1394 2766 1498 2825 totum
1520 2779 1653 2825 censum
1668 2759 1731 2824 sol·

329 2867 470 2931 rendum
501 2867 584 2931 dicto
614 2868 753 2953 capitulo
783 2888 841 2951 pro
872 2874 1015 2951 tempore
1044 2868 1223 2951 praeterito,
1254 2886 1318 2949 quo
1347 2867 1453 2949 ipsum
1483 2882 1616 2928 censum
1646 2863 1732 2927 dicto

329 2972 468 3055 capitulo
500 2971 624 3036 solvere
654 2971 875 3055 neglexerunt
906 2977 938 3036 et
969 2991 1034 3055 quo
1063 2972 1197 3036 fuerunt
1218 2972 1252 3035 in
1274 2969 1448 3036 rebellione
1478 2973 1511 3033 et
1532 2967 1732 3031 contumacia

329 3095 429 3158 supra
451 3075 543 3139 dictis
562 3074 738 3140 secundum
754 3076 894 3160 modum,
918 3077 974 3140 sed
990 3095 1086 3158 quem
1102 3075 1178 3139 dicti
1193 3094 1309 3140 census
1324 3075 1408 3139 dicto
1423 3072 1562 3157 capitulo
1578 3071 1733 3136 hactenus

329 3179 545 3261 solvebantur,
568 3199 664 3261 quem
686 3186 945 3263 recognoverunt
966 3180 1065 3244 fuisse
1081 3180 1190 3263 101010,Ι
1207 3180 1283 3261 quia
1297 3179 1436 3243 nuncius
1450 3176 1580 3261 capituli
1594 3177 1642 3240 ire
1656 3194 1732 3240 con·

260 3292 294 3345 20
330 3281 508 3361 sueveratll
531 3283 601 3361 adl)
624 3282 816 3367 parochiasll
839 3285 1038 3367 singulorum
1062 3284 1218 3349 dictorum
1242 3283 1451 3368 plebanorum
1472 3285 1505 3346 et
1527 3280 1730 3344 dinumerare

329 3388 418 3451 iocos
433 3387 604 3452 cuiuslibet
623 3389 789 3472 parochiae
805 3394 837 3452 et
852 3408 909 3471 pro
926 3388 1060 3472 singulis
1076 3388 1244 3471 sexaginta
1258 3386 1336 3450 iocis
1351 3386 1397 3451 sic
1413 3385 1620 3450 dinumeratis
1635 3390 1667 3449 et
1681 3402 1732 3449 re·

330 3493 428 3575 pertis
462 3491 596 3573 quilibet
626 3493 665 3555 de
696 3492 787 3555 dictis
819 3491 964 3575 plebanis
995 3492 1120 3556 solvere
1154 3490 1323 3555 tenebatur
1352 3490 1445 3554 anuis
1478 3488 1613 3573 singulis
1647 3488 1731 3552 dicto

329 3595 467 3678 capitulo
498 3615 595 3658 unam
628 3614 765 3658 marcam
794 3594 851 3657 fini
867 3595 997 3677 ’argenti
1019 3594 1169 3678 ponderis
1191 3594 1358 3658 Budensis.
1396 3594 1460 3659 Pro
1487 3598 1631 3677 tempore
1652 3611 1730 3657 vero

328 3700 437 3763 futuro
460 3700 676 3783 promiserunt
699 3700 774 3763 dicti
795 3707 1018 3783 procuratores
1034 3700 1191 3765 dictorum
1214 3700 1326 3765 decani
1348 3705 1381 3765 et
1401 3700 1612 3784 plebanorum
1636 3699 1731 3764 dictis

260 3812 295 3865 30
330 3804 399 3867 aliis
421 3802 682 3887 procuratoribus
704 3803 836 3886 capituli
855 3823 952 3886 supra
967 3803 1042 3867 dicti
1058 3804 1284 3888 stipulantibus
1300 3810 1332 3868 et
1345 3804 1573 3888 recipientibus
1588 3803 1731 3868 eiusdem

329 3908 459 3991 capituli
489 3907 618 3971 nomine
640 3908 733 3970 annis
756 3907 890 3990 singulis
920 3928 977 3990 pro
1007 3914 1074 3972 toto
1104 3909 1159 3972 illc
1190 3914 1341 3992 tempore,
1372 3928 1436 3991 quo
1459 3909 1560 3973 dictas
1582 3908 1732 3972 ecclesias

329 4011 528 4093 obtinebunt
559 4011 684 4075 solvere
708 4031 781 4075 cum
805 4011 920 4075 effectu
942 4012 1043 4075 dictos
1066 4030 1182 4076 census
1203 4012 1287 4076 iufra
1309 4013 1426 4097 scripto
1449 4012 1553 4095 modo,
1583 4010 1732 4076 videlicet

330 4117 407 4197 quia
436 4135 493 4198 pro
523 4121 590 4179 toto
622 4115 706 4178 dicto
736 4114 892 4179 decanatu
926 4119 959 4179 et
989 4115 1149 4180 universis
1181 4120 1214 4179 et
1247 4115 1382 4199 singulis
1415 4115 1559 4200 plebanis
1589 4114 1732 4180 eiusdem

329 4219 502 4283 decanatus
524 4219 600 4284 dicti
629 4218 769 4283 decanus
802 4225 835 4283 et
864 4218 990 4302 plebani
1024 4218 1150 4283 solvent
1182 4218 1275 4284 annis
1306 4219 1441 4303 singulis
1474 4219 1559 4284 dicto
1592 4217 1732 4303 capitulo

259 4332 293 4385 35
329 4322 504 4387 eorundem
539 4322 650 4386 decani
680 4327 712 4386 et
740 4322 950 4406 plebanorum
981 4322 1145 4405 particulis
1176 4324 1408 4407 quinquaginta
1437 4328 1470 4388 et
1499 4322 1579 4387 duas
1609 4339 1733 4386 marcas

328 4426 385 4490 fini
416 4428 539 4511 argenti
569 4432 602 4491 et
630 4425 781 4509 ponderis
810 4426 969 4491 Budensis
999 4427 1034 4489 in
1064 4446 1160 4511 supra
1189 4426 1306 4514 scripta
1334 4428 1462 4491 civitate
1484 4426 1618 4491 Albensi
1646 4424 1733 4510 apud

330 4549 487 4594 cameram
510 4530 585 4593 dicti
616 4530 745 4613 capituli
776 4538 809 4596 et
830 4531 1037 4594 nihilominus
1060 4531 1094 4593 in
1117 4550 1322 4614 quocumque
1347 4531 1409 4595 alio
1432 4531 1502 4595 loco
1526 4535 1559 4595 et
1580 4530 1675 4595 etiam
1697 4531 1732 4594 in

328 4634 473 4698 Romana
502 4635 598 4717 curia,
628 4636 662 4698 in
693 4654 758 4717 qua
787 4636 863 4699 dicti
893 4654 1009 4699 census
1039 4636 1129 4718 petiti
1150 4636 1292 4717 fuerimt
1323 4635 1415 4699 tertio
1447 4635 1498 4699 die
1519 4638 1593 4720 post
1614 4634 1733 4700 festum

330 4738 413 4802 beati
435 4738 559 4802 Nicolai
581 4738 804 4815 confessorisb
834 4739 896 4822 ipsi
927 4739 1066 4823 capitulo
1089 4759 1148 4804 seu
1170 4740 1231 4803 alio
1253 4759 1311 4824 per
1336 4738 1534 4824 praedictum
1556 4737 1732 4822 capitulum

258 4850 294 4903 40
329 4842 369 4905 ad
392 4842 451 4905 hoc
474 4842 634 4926 deputato.
674 4841 760 4918 Quas
783 4844 910 4924 quidem
936 4844 1170 4928 quinquaginta
1191 4849 1224 4908 et
1246 4844 1326 4908 duas
1348 4862 1471 4907 marcas
1493 4842 1569 4907 dicti
1591 4841 1732 4907 decanus

328 4956 587 4964 —n———--

486 4997 508 5064 ¹)
524 4995 625 5064 1100100,
642 5000 662 5050 2
681 4994 841 5051 Gentimetsr
859 4997 937 5051 broit.

483 5085 506 5151 ¹)
523 5086 566 5138 3·5
587 5081 755 5138 umnam.

483 5171 505 5240 ⁸)
523 5174 541 5225 3
561 5169 728 5225 0000000000.
813 5174 816 5181 ’

485 5259 507 5325 ⁴)
524 5256 604 5311 Blutt
622 5261 657 5310 1‘.

486 5346 507 5411 ι)
525 5343 665 5412 Hieracis:
682 5344 724 5398 ad.

484 5431 506 5499 ⁸)
524 5430 591 5499 Auf
602 5431 663 5485 dem
681 5429 767 5485 Rana
784 5430 993 5502 aocbpetrapea.

484 5519 506 5588 Ι)
524 5517 673 5573 December
690 5521 717 5573 8.
