4064 6288
940 604 981 666 95

415 788 596 873 Stephanus
627 791 678 856 dei
699 792 800 876 gratia
828 792 936 856 iunior
964 811 1024 856 rer
1053 790 1246 876 Hungariae,
1269 792 1338 855 dux
1359 791 1605 858 lhanssiluanus
1626 799 1660 859 et

259 892 407 956 dominus
441 892 656 958 comanorum
689 894 838 958 omnibus
872 902 937 959 tam
971 895 1192 980 praesentibus
1227 914 1322 977 quam
1356 895 1474 959 futuris
1507 916 1658 980 praesens

260 995 414 1078 scriptum
436 997 629 1080 inspecturis
644 998 779 1062 salutem
801 999 834 1061 in
852 1001 994 1063 omnium
1010 1000 1175 1063 salvatore.
1198 998 1249 1061 Ad
1266 999 1491 1063 universomm
1513 1002 1658 1065 notitiam

260 1098 371 1162 harum
395 1101 476 1164 serie
498 1102 649 1166 volumus
670 1103 847 1185 pervenire,
871 1104 958 1185 quod
980 1122 1086 1167 comes
1102 1102 1273 1166 Corlardus
1295 1102 1334 1166 de
1353 1103 1501 1167 Tolmach
1523 1105 1658 1170 dilectus

209 1210 226 1262 5
261 1207 294 1265 et
314 1201 418 1266 fidelis
436 1210 545 1268 noster
567 1205 607 1268 ad
621 1211 764 1269 nostram
786 1206 940 1271 accedens
954 1208 1165 1291 praesentiam
1181 1207 1326 1271 exhibuit
1348 1207 1441 1278 nobis
1455 1208 1657 1291 privilegium

259 1306 355 1370 Belae
384 1308 468 1390 regis
495 1309 650 1372 carissimi
676 1312 775 1393 patris
806 1312 907 1375 nostri
937 1312 1038 1375 felicis
1067 1310 1296 1375 recordationis
1327 1329 1423 1394 super
1452 1313 1657 1376 concessione

260 1415 292 1473 et
314 1410 485 1475 donatione
515 1418 619 1476 terrae
640 1411 761 1494 Loysta
781 1420 912 1479 vocatae
942 1415 1131 1497 confectum,
1153 1421 1265 1498 petens
1287 1433 1306 1476 a
1328 1413 1420 1478 nobis
1442 1415 1604 1480 humiliter
1625 1422 1658 1480 et

260 1513 383 1596 devote,
404 1520 442 1579 ut
463 1517 567 1599 ipsum
590 1516 792 1600 privilegium
816 1517 972 1582 ratificare
995 1525 1028 1581 et
1049 1524 1158 1581 nostro
1174 1518 1378 1600 dignaremur
1399 1518 1564 1601 privilegio
1580 1538 1657 1583 corr·

258 1616 393 1682 firmare.
416 1618 516 1683 buius
532 1619 661 1701 quidem
676 1627 769 1684 tenor
783 1621 856 1685 talis
870 1629 926 1686 est
949 1620 1054 1705 (Folqt
1068 1622 1117 1684 die
1143 1618 1290 1685 Uritande
1304 1620 1355 1684 dea
1366 1618 1485 1705 Kotes
1498 1621 1576 1686 Belo
1591 1620 1615 1685 I
1619 1621 1655 1686 V.

191 1726 225 1780 10
257 1740 314 1785 oon
328 1722 416 1785 1233
436 1720 494 1786 Nr.
512 1723 584 1803 67.)
605 1724 673 1788 Nos
694 1725 793 1808 igitur
813 1726 983 1809 petitiones
998 1724 1140 1788 (lorlardi
1162 1724 1315 1807 praedicti
1330 1726 1567 1789 considerantes
1582 1746 1653 1792 esso

258 1829 342 1888 ratas
364 1832 397 1889 et
418 1825 574 1909 legitimas
588 1828 759 1911 ipsumque
773 1828 975 1911 privilegium
998 1828 1151 1891 carissimi
1172 1828 1271 1911 patris
1293 1828 1393 1891 nostri
1416 1847 1482 1891 non
1498 1829 1655 1911 abrasum,

259 1946 323 1990 non
346 1929 555 1993 cancellatum
570 1950 630 1995 nec
651 1932 685 1994 in
709 1932 817 2013 aliqua
838 1939 927 2015 parte
950 1932 1000 1995 sui
1015 1932 1163 1995 vitiatum
1185 1938 1290 1994 ratum
1305 1929 1458 1996 habentes
1473 1938 1506 1996 et
1527 1931 1656 1997 sumum

259 2050 295 2093 ac
316 2036 443 2114 gratum
465 2038 611 2098 tenentes
641 2042 673 2098 et
702 2034 924 2119 acceptabilem
956 2035 1144 2099 auctoritate
1165 2034 1382 2118 praesentium
1404 2034 1557 2098 duximus
1580 2055 1656 2099 con·

257 2134 449 2199 firmandum
472 2137 607 2220 duphcis
629 2137 723 2221 sigilli
745 2140 846 2203 nostri
877 2140 1052 2203 munimine
1075 2137 1299 2201 confirmando.
1322 2135 1440 2200 Datum
1462 2157 1520 2221 per
1540 2158 1655 2203 manus

190 2245 223 2297 15
257 2236 434 2301 Lodomerii
457 2239 548 2304 aulae
570 2247 697 2305 nostrae
720 2241 968 2305 vicecancellarii
991 2242 1096 2306 dilecti
1119 2247 1151 2305 et
1173 2240 1275 2304 fidelis
1298 2243 1408 2324 nostri,
1431 2262 1515 2305 anno
1532 2244 1652 2308 domini

258 2319 291 2404 il
316 2320 373 2405 bb
395 2345 594 2426 sexagesimo
618 2345 739 2425 quinto.

912 2583 1001 2668 110.

333 2749 450 2818 1265.
488 2745 641 2838 Stephon
672 2749 788 2820 iunior
813 2771 875 2821 rae
910 2749 1068 2839 batdtiyt
1086 2749 1157 2836 fler
1183 2748 1239 2819 die
1264 2747 1460 2822 Deutsebeu
1480 2752 1519 2822 ia
1553 2750 1656 2825 Wiaa

257 2866 312 2937 die
354 2865 520 2939 Urtoade
555 2868 614 2940 des
656 2867 851 2942 Woiwodea
886 2868 1100 2943 Laurentius
1139 2891 1203 2941 oon
1237 2872 1346 2940 1248
1385 2870 1453 2942 Nr.
1490 2874 1544 2942 84
1583 2873 1658 2945 aad

189 3001 224 3057 20
256 2987 381 3059 achat
406 2988 584 3061 desselben
608 2990 709 3062 ibren
734 2990 951 3064 Loredbasita.

411 3151 614 3221 Einpcecboltet
622 3169 676 3207 voa
684 3153 944 3224 KdnipKarl1310‚
953 3154 1003 3207 mit
1011 3154 1100 3208 dieser
1111 3153 1240 3209 Urkaade
1248 3169 1302 3209 oon
1310 3153 1654 3224 KdaipLadroipI.1359‚

359 3238 408 3290 mit
419 3238 508 3292 diem
519 3254 573 3292 oon
584 3239 680 3309 Kdnip
692 3239 827 3311 &mund
840 3246 915 3308 1421,
931 3241 1007 3311 θήρ,
1020 3241 1199 3295 Hemaonast.
1209 3240 1319 3295 Archiv.
1332 3270 1366 3280 -
1378 3240 1434 3294 Die
1450 3241 1580 3297 Urlruade
1593 3242 1654 3315 Sip·

359 3324 459 3377 munde
468 3324 505 3377 iet
514 3326 584 3378 corb
593 3326 781 3396 dapeecboltet
789 3343 842 3382 oon
849 3326 1260 3396 Kbaicli'ibdiaiauall.1515,
1272 3326 1348 3396 Orip.
1358 3327 1653 3385 Hermonast.Arcbiv.

411 3444 523 3498 Druck:
544 3446 657 3501 renuet
673 3465 701 3500 a.
717 3447 878 3501 Firrrbaber
896 3446 968 3501 Sieb.
985 3447 1067 3502 Urlrb.
1080 3448 1106 3514 I,
1123 3451 1166 3501 83.
1191 3447 1300 3501 Wenael
1317 3447 1381 3502 Ood.
1393 3449 1502 3516 Aapad.
1515 3450 1578 3516 ΙΙΙ,
1594 3455 1653 3505 120.

188 3530 222 3583 25
360 3529 543 3584 Dersaaianu
561 3533 727 3587 Documenta
744 3537 804 3587 328.

410 3688 590 3773 Stephanus
602 3691 652 3755 dei
664 3692 766 3776 gratia
775 3692 883 3755 iunior
893 3710 952 3755 rex
964 3690 1157 3773 Hungariae,
1165 3692 1233 3755 dux
1241 3691 1495 3773 Transsiluanus,
1503 3695 1653 3760 dominus

256 3790 469 3856 Comanorum
491 3796 651 3859 universis
674 3801 738 3858 tam
759 3795 981 3878 praesentibus
1005 3814 1101 3876 quam
1127 3795 1245 3859 futuris
1266 3802 1450 3878 praesentes
1472 3798 1580 3863 literas
1602 3800 1651 3862 in·

255 3897 410 3979 spectaris
433 3897 568 3962 salutem
597 3900 631 3961 in
662 3899 803 3963 omnium
827 3899 993 3963 salvatore.
1032 3899 1112 3963 Cum
1134 3899 1168 3961 in
1198 3899 1403 3964 mrdtitudine
1425 3900 1527 3983 plebis
1549 3902 1652 3966 honor

254 4018 365 4081 regum
388 4001 579 4064 accendatur
602 4008 634 4066 et
655 4010 822 4083 accrescat
845 4003 957 4065 merito
980 4002 1094 4085 regalis
1116 4002 1284 4065 consuevit
1310 4002 1488 4068 sublimitas
1510 4005 1650 4089 hospites

187 4108 221 4162 30
255 4102 315 4166 sibi
337 4103 481 4167 subditos
503 4104 702 4169 libertatibus
731 4107 933 4191 praemunire
963 4112 995 4169 et
1017 4105 1146 4170 reficere
1169 4105 1336 4169 donativis.
1372 4105 1457 4169 Hinc
1480 4113 1529 4171 est
1551 4108 1647 4191 igitur

254 4207 341 4288 quod
373 4208 414 4270 ad
443 4208 668 4272 universorum
697 4211 911 4292 praesentium
942 4216 1208 4294 posterorumque
1240 4210 1386 4272 notitiam
1419 4210 1531 4273 harum
1565 4213 1647 4276 serie

254 4311 403 4375 volumus
424 4313 600 4394 pervenire,
624 4313 710 4393 quod
732 4312 842 4377 fideles
864 4314 1004 4397 hospites
1019 4313 1120 4376 nostri
1136 4313 1175 4376 de
1190 4312 1319 4394 Wynch
1334 4313 1374 4375 ad
1390 4332 1448 4377 nos
1463 4314 1650 4379 accedentes

252 4415 345 4479 nobis
370 4415 478 4479 literas
501 4416 607 4480 dilecti
628 4415 732 4481 fidelis
754 4418 855 4481 nostri
877 4416 1045 4480 Laurencii
1068 4416 1230 4497 quondam
1259 4415 1413 4480 vaivodae
1434 4417 1651 4481 lhanssiluani

253 4526 285 4584 et
307 4522 431 4584 comitis
454 4519 494 4584 de
516 4521 664 4586 Wollrow
687 4541 774 4585 nunc
789 4521 932 4605 magistri
947 4521 1183 4584 tavernicorum
1198 4527 1382 4584 nostrorum
1395 4526 1650 4604 praesentarunt

185 4626 218 4680 3⁵
252 4630 397 4707 petentes
426 4644 445 4687 a
474 4624 568 4689 nobis
600 4625 771 4709 humiliter,
800 4630 838 4688 ut
866 4624 1044 4688 libertatem
1074 4643 1110 4687 ac
1140 4624 1405 4688 consuetudinem
1437 4624 1580 4708 ipsorum
1615 4626 1649 4689 in

252 4728 371 4793 eisdem
392 4729 493 4792 literis
515 4735 698 4793 contentam
719 4729 759 4792 ab
782 4727 894 4792 eodem
915 4726 1093 4791 laurencio
1116 4732 1257 4810 tempore
1280 4728 1331 4790 sui
1353 4728 1543 4792 vaivodatus
1565 4729 1650 4792 ordi·

253 4838 359 4895 natam
389 4839 500 4896 nostro
529 4833 696 4917 privilegio
729 4831 917 4896 confirmare
950 4831 1162 4915 dignaremur.
1206 4830 1273 4894 Nos
1310 4830 1468 4913 siquidem
1500 4832 1650 4916 precibus

252 4935 395 5019 ipsorum
417 4936 561 5001 inclinati
582 4936 810 5000 continentiam
825 4936 1059 5019 praedictarum
1081 4935 1245 4999 hterarum
1268 4935 1308 4999 de
1329 4934 1428 4999 verbo
1451 4936 1491 4998 ad
1513 4936 1649 5001 verbum

252 5040 382 5103 rescribi
404 5040 557 5104 iacientes
578 5041 639 5103 hiis
661 5039 815 5103 duximus
837 5040 1062 5103 advocandam.
1089 5036 1177 5115 Quae
1199 5036 1272 5102 talis
1294 5044 1349 5102 est.
1383 5035 1487 5121 (Folpt
1511 5037 1560 5102 die
1589 5035 1649 5103 Ur·

176 5144 219 5198 40
252 5141 352 5208 kunde
380 5142 432 5207 dea
461 5142 631 5207 Wciwoden
655 5141 844 5207 Lourartiue
871 5140 1215 5223 caracallam.)
1251 5141 1318 5206 Nos
1348 5161 1425 5205 vero
1455 5142 1647 5227 praedictam

252 5245 430 5312 hbertatam
461 5267 519 5331 per
551 5246 678 5330 singula
711 5247 923 5332 approbantes
955 5246 1115 5331 praesenti
1147 5245 1313 5330 privilegio
1350 5252 1460 5311 nostro
1495 5246 1648 5310 duximus

253 5349 509 5433 confirmandam,
538 5356 571 5414 et
599 5357 637 5414 ut
666 5351 763 5414 iidem
785 5351 925 5434 hospites
946 5351 1049 5415 nostri
1071 5351 1111 5414 de
1133 5355 1239 5414 cetero
1261 5354 1497 5433 congregentur
1517 5355 1550 5413 et
1571 5369 1648 5413 con·

253 5455 372 5537 gregati
394 5453 518 5518 facilius
548 5459 793 5538 commorentur,
823 5474 934 5518 omnes
963 5459 1064 5518 terras
1084 5454 1228 5537 ipsorum
1258 5453 1377 5518 scilicet
1399 5458 1516 5517 terram
1539 5451 1647 5516 Gubul
