4088 6292
966 582 1121 677 -Q,

340 768 536 835 maiestatem
565 788 735 833 numerum
765 770 926 853 hospitum
948 770 1008 834 sibi
1038 771 1261 836 tamulantium
1283 771 1434 856 ampliare
1456 777 1489 835 et
1519 771 1712 855 pauperibus
1721 770 1742 851 ¹)

341 879 374 939 et
395 875 520 958 inopiae
529 872 551 952 ¹)
582 873 762 955 subvenire,
791 878 828 937 ut
850 874 945 937 iidem
968 894 988 937 a
1009 876 1252 939 necessitatibus
1273 877 1415 959 ipsorum
1446 875 1585 938 alleviati
1607 874 1744 939 nauuali

341 977 470 1041 domino
493 977 670 1041 ferventius
691 984 724 1042 et
746 977 926 1062 expeditius
948 978 1077 1042 valeant
1094 979 1263 1044 deservire.
1294 979 1433 1044 Proinde
1456 979 1496 1043 ad
1518 980 1744 1044 universorum

341 1081 487 1145 notitiam
509 1086 620 1145 tenore
641 1082 856 1164 praesentium
878 1082 1029 1147 volumus
1051 1085 1227 1166 pervenire,
1255 1084 1341 1166 quod
1363 1084 1542 1167 hospitibus
1564 1082 1681 1147 nostris
1704 1083 1743 1146 de

340 1184 464 1248 Tborda
485 1185 588 1267 Alma,
612 1185 668 1266 qui
690 1185 797 1248 omnia
818 1187 1031 1250 instrumenta
1052 1188 1195 1271 ipsorum
1217 1206 1315 1270 super
1340 1193 1426 1251 statu
1448 1186 1602 1252 libertatis
1632 1206 1742 1251 eorum
1778 1196 1794 1249 5

342 1287 487 1352 coniecta
515 1288 550 1351 in
579 1294 682 1352 castro
712 1288 824 1352 Milrud
853 1289 928 1353 bani
958 1295 1100 1374 tempore
1129 1290 1332 1354 Tartarorum
1360 1309 1419 1374 per
1448 1291 1576 1355 eosdem
1597 1289 1743 1353 Tartarus

342 1392 496 1456 dixerimt
511 1392 585 1476 igne
600 1410 670 1456 esse
685 1398 874 1476 consumpta
895 1398 928 1457 et
946 1394 1041 1457 etiam
1058 1399 1267 1475 concremata,
1290 1394 1378 1477 qnod
1400 1400 1433 1458 et
1447 1394 1540 1458 nobis
1553 1413 1612 1478 per
1625 1393 1743 1458 multus

343 1495 478 1560 barones
507 1501 540 1560 et
568 1495 692 1560 nobiles
720 1496 812 1579 regni
837 1497 939 1560 nostri
961 1498 1103 1561 constitit
1124 1498 1298 1580 evidenter,
1327 1497 1413 1561 illam
1443 1503 1476 1561 et
1505 1497 1638 1562 eandem
1668 1517 1743 1562 con-

343 1600 497 1664 cessimus
519 1599 706 1681 libertatem,
737 1619 801 1682 qua
822 1601 963 1684 hospites
985 1601 1087 1664 nostri
1108 1600 1148 1665 de
1169 1599 1345 1682 Deesalma,
1376 1601 1440 1666 Zek
1462 1607 1495 1666 et
1515 1601 1616 1665 Kolos
1638 1607 1745 1684 gratu·

342 1704 460 1785 lentur,
489 1708 666 1768 statuentes
696 1705 883 1787 specialiter,
913 1712 951 1769 ut
980 1704 1089 1769 nullus
1116 1706 1253 1769 vaiveda
1274 1710 1383 1769 noster
1411 1725 1468 1790 pro
1497 1710 1639 1788 tempore
1668 1724 1744 1768 con-
1780 1716 1814 1770 10

342 1807 475 1872 stitutus
489 1827 526 1871 ac
537 1807 725 1890 parochialis
739 1827 847 1873 comes
862 1809 901 1872 de
911 1809 1035 1873 Thorda
1050 1808 1101 1873 vel
1117 1808 1267 1873 officiales
1290 1809 1466 1873 eorundem
1480 1809 1513 1871 in
1530 1809 1596 1872 ullo
1611 1808 1744 1872 articulo

344 1930 514 1977 causarum
542 1910 667 1994 possint
689 1915 721 1975 et
748 1911 885 1976 debeant
906 1931 961 1977 eos
982 1913 1132 1995 iudicare,
1161 1918 1287 1996 praeter
1308 1932 1477 1996 personam
1499 1918 1627 1976 nostrae
1649 1913 1745 1975 maie·

343 2015 444 2097 statis,
466 2014 519 2079 vel
541 2014 727 2098 magistrum
750 2017 986 2081 tavernicorum
1008 2022 1201 2097 nostrornm,
1229 2017 1284 2098 qui
1307 2036 1364 2100 pro
1388 2022 1529 2100 tempore
1551 2016 1648 2080 fuerit
1669 2035 1745 2080 oon·

344 2120 484 2200 stitutns,
506 2138 567 2183 neo
588 2119 792 2184 residentiam
810 2122 933 2185 ratione
954 2121 1114 2185 indicatus
1129 2140 1188 2185 nec
1210 2120 1364 2185 iudicium
1386 2120 1470 2184 inter
1492 2121 1618 2185 eosdem
1641 2121 1745 2184 iacere

345 2223 396 2287 vel
419 2241 569 2287 exercere
590 2230 773 2307 praesumat
795 2244 831 2288 ae
859 2226 953 2288 etiam
976 2225 1148 2288 descensus
1174 2224 1341 2307 violentos,
1371 2224 1428 2288 scd
1449 2243 1506 2308 per
1528 2224 1670 2287 villicum
1692 2243 1745 2288 eo·
1781 2236 1814 2289 15

345 2327 482 2391 rundem
505 2328 716 2392 communiter
739 2324 900 2412 [electum]
931 2327 1067 2392 debeant
1089 2327 1230 2391 iudicari.
1264 2326 1488 2391 Concessimus
1510 2328 1604 2392 etiam
1627 2327 1745 2392 eisdem

345 2431 415 2495 lora
436 2431 515 2496 feria
537 2437 630 2496 sexta
651 2431 692 2495 ab
714 2431 793 2495 hora
813 2432 1030 2515 pomeridiana
1051 2450 1155 2514 usque
1180 2431 1291 2494 horam
1314 2433 1528 2514 vespertinam
1551 2432 1601 2496 die
1617 2429 1745 2495 Sabbati

344 2534 466 2617 absque
496 2534 603 2617 aliquo
636 2534 756 2600 tributo
787 2535 935 2599 omnibus
964 2537 1071 2619 ipsum
1099 2536 1206 2599 iorum
1238 2554 1334 2598 causa
1362 2533 1523 2598 mercandi
1553 2532 1746 2597 intrantibus

346 2637 580 2702 celebrandum.
603 2638 779 2704 Statuimus
795 2640 899 2721 etiam,
923 2639 1010 2721 quod
1032 2639 1172 2722 hospites
1192 2638 1292 2701 nostri
1313 2637 1430 2702 ibidem
1452 2637 1486 2700 in
1500 2637 1624 2701 Thorda
1646 2636 1745 2700 domi·

345 2742 418 2806 cilia
432 2741 584 2808 habentes
601 2743 640 2806 de
663 2742 822 2806 mercibus
844 2761 955 2806 eorum
978 2741 1103 2805 nullum
1127 2743 1280 2806 tributum
1303 2743 1428 2807 solvere
1444 2747 1620 2807 teneantur.
1649 2741 1745 2805 Prae·
1780 2751 1815 2805 20

345 2852 433 2911 terea
454 2847 632 2911 secundum
653 2847 787 2910 formam
810 2851 911 2910 status
933 2846 1088 2909 libertatis
1104 2846 1240 2909 aliorum
1263 2847 1423 2930 hospitum
1446 2851 1629 2909 nostrorum
1651 2845 1747 2909 etiam

345 2951 465 3015 eisdem
495 2951 534 3014 de
564 2950 652 3033 regia
679 2948 909 3033 benignitate‚³l
943 2954 980 3012 ut
1008 2956 1082 3013 ante
1112 2950 1231 3014 festum
1260 2949 1344 3013 beati
1374 2948 1504 3013 Martini
1532 2953 1603 3012 octo
1633 2948 1747 3012 diebus

345 3055 490 3139 proxime
519 3052 782 3137 praecedentibus
810 3052 906 3115 iidem
937 3052 1019 3116 sales
1040 3053 1075 3115 in
1104 3053 1297 3117 salisiodinis
1318 3052 1436 3115 nostris
1465 3051 1596 3116 liberam
1625 3070 1682 3140 pro
1713 3070 1747 3114 se

346 3158 517 3222 exercendi
547 3163 579 3221 et
607 3156 769 3221 vendendi
789 3155 928 3219 habeant
955 3155 1146 3220 facultatem.
1180 3156 1317 3240 Insuper
1339 3157 1433 3220 etiam
1465 3154 1617 3237 quasdam
1646 3159 1747 3218 terras

347 3267 472 3325 nostras
487 3260 662 3339 Kolkodok,
684 3259 797 3323 Udvar
811 3258 995 3339 Myktbelelr
1010 3266 1043 3324 et
1057 3260 1170 3324 silvam
1190 3266 1331 3323 nostram
1345 3258 1457 3341 Kiraly
1472 3259 1578 3341 erdeJ'e
1593 3264 1746 3341 vocatam,
1781 3269 1815 3324 25

346 3365 433 3429 ultra
452 3363 577 3427 Thorda
598 3362 768 3445 basadelrja
790 3363 979 3426 existentem
1006 3384 1064 3447 pro
1080 3383 1127 3448 eo,
1150 3371 1188 3428 ut
1202 3382 1357 3427 numerus
1373 3382 1484 3428 eorum
1507 3361 1617 3444 augeri
1638 3362 1747 3445 possit,

346 3468 560 3550 relinquimus
589 3466 708 3531 eisdem
736 3466 967 3549 possidendam,
997 3473 1094 3551 prout
1122 3473 1217 3532 antea
1247 3467 1286 3531 ab
1317 3467 1449 3549 antiqno
1480 3465 1747 3548 dignoscebantur

346 3571 533 3654 possedisse.
565 3571 604 3633 In
634 3570 727 3633 cuius
749 3570 795 3633 rei
817 3572 1010 3653 memoriam,
1040 3576 1078 3634 ut
1099 3576 1201 3635 status
1222 3570 1377 3635 libertatis
1399 3571 1557 3634 dictorum
1586 3570 1748 3652 hospitum

346 3680 532 3737 nostrorum
546 3692 604 3757 per
619 3692 678 3737 nos
700 3673 873 3737 innovatus
895 3680 927 3737 et
949 3694 1120 3738 concessus
1141 3674 1253 3738 firmus
1276 3680 1309 3738 et
1330 3675 1541 3738 inconcussus
1556 3678 1748 3756 permaneat

348 3797 407 3840 neo
421 3796 574 3862 processu
589 3778 739 3860 temporis
754 3778 858 3841 valeat
872 3797 930 3861 per
945 3778 1125 3862 quempiam
1142 3779 1314 3861 reuaotori,
1334 3782 1518 3862 praesentes
1532 3777 1747 3840 concessimus
1782 3787 1817 3843 ³0

347 3881 455 3945 literas
478 3879 613 3964 duplicis
632 3880 726 3964 sigilli
749 3882 849 3944 nostri
871 3882 1047 3946 munimine
1069 3882 1241 3946 roboratas.
1272 3881 1390 3946 Datum
1413 3900 1470 3964 per
1485 3900 1599 3945 manus
1621 3880 1748 3944 discreti

348 3986 409 4049 viri
438 3985 580 4068 magistri
601 3984 756 4048 Theodori
779 3984 929 4049 ecclesiae
951 3985 1101 4049 Albensis
1130 3986 1310 4070 praepositi,
1341 3985 1432 4049 aulae
1454 3989 1581 4047 nostrae
1604 3984 1748 4048 moenam

349 4089 469 4154 cellarii
497 4089 604 4153 dilecti
637 4094 670 4154 et
694 4089 797 4154 tidelis
819 4090 929 4170 nostri,
959 4108 1043 4152 anno
1066 4089 1188 4152 domini
1214 4089 1380 4154 millesimo
1404 4088 1620 4152 ducentesimo
1648 4107 1748 4151 nona-

347 4193 468 4277 gesimo
491 4194 602 4277 primo,
625 4194 715 4278 regni
737 4199 844 4257 antem
866 4193 967 4257 nostri
990 4212 1073 4257 anuo
1097 4193 1208 4276 primo.
1412 4195 1414 4198 ’

1004 4481 1097 4566 250.
1783 4510 1817 4565 ac

426 4650 524 4719 1291
557 4671 619 4720 vor
643 4647 723 4719 Jali
748 4651 807 4717 10.
839 4647 958 4737 Kduip
983 4646 1146 4719 Andreas
1172 4647 1250 4718 III.
1279 4654 1437 4720 erucuert
1472 4646 1528 4719 die
1553 4645 1750 4718 Freibeitca

350 4770 413 4841 der
447 4770 500 4840 als
534 4768 720 4861 Berylcatc
753 4769 828 4841 mad
860 4768 1120 4841 Eireuorbcitcr
1155 4791 1219 4840 aas
1255 4767 1528 4840 Oberbetcrrcicb
1559 4767 1750 4860 pcrafenea

352 4888 546 4962 Dcatscbca
570 4913 636 4962 von
665 4889 839 4962 lmocakn

505 5052 649 5119 Abrcbrift
665 5067 726 5106 vom
742 5056 785 5107 20.
804 5052 888 5106 Mdra
910 5056 981 5108 1787
1000 5052 1050 5106 mit
1072 5053 1121 5107 der
1139 5052 1365 5122 Bcploabipuup:
1388 5052 1558 5106 Praesentem
1581 5051 1691 5120 copiam,
1715 5066 1750 5103 ex

453 5138 511 5193 aliis
528 5138 609 5208 copiis
626 5138 701 5195 uobis
719 5138 842 5193 exhibitis
859 5137 972 5193 fideliter
987 5138 1154 5207 descriptam,
1178 5155 1239 5192 cum
1262 5138 1356 5192 iisdem
1373 5137 1494 5192 collamm
1518 5140 1545 5192 et
1561 5138 1750 5206 comportatum
1784 5138 1819 5192 40

508 5279 528 5346 ¹)
546 5276 633 5345 Frjtr
649 5278 710 5331 and
727 5276 892 5332 Endlicbcr:
909 5276 1114 5346 paupertatibus.

506 5366 528 5434 2)
546 5364 676 5432 Hierasos
689 5364 732 5419 bei
750 5364 836 5431 Fejtr
854 5364 913 5418 and
930 5363 1095 5418 Eudliebcr:
1112 5364 1237 5432 ipsorum.

506 5453 528 5519 ⁸)
551 5449 632 5505 Wobl
648 5466 684 5504 aa
701 5454 851 5520 apamen:
868 5448 1044 5503 concedimus.
