4048 6284
961 618 1115 714 —so-

331 806 472 870 distn'cte
494 806 683 887 inhibemus,
713 825 754 870 ne
784 807 857 888 qnis
886 807 1141 892 archiepiscopus
1169 808 1223 873 vel
1245 808 1413 891 episcopus
1439 808 1473 871 in
1496 813 1613 872 terram
1634 810 1736 892 ipsam

332 909 386 973 vel>
413 910 535 973 incolas
564 911 634 973 eius
664 910 824 973 interdicti
855 910 907 973 vel
930 912 1268 976 excommunicationis
1297 914 1487 976 sententiam
1517 912 1586 976 sine
1607 914 1736 997 speciali

332 1015 520 1077 auctoritate
543 1014 734 1097 apostohoae
757 1014 841 1077 sedis
864 1014 1067 1097 promulgare
1088 1021 1271 1098 praesumat
1292 1015 1344 1078 vel
1359 1016 1609 1080 iurisdictionem
1625 1036 1736 1099 qnam·

331 1116 409 1181 libet
428 1136 600 1197 exercere,
633 1118 690 1181 sed
720 1117 760 1179 ad
791 1117 1111 1199 archipresbyterum,
1142 1137 1237 1200 quem
1268 1137 1325 1201 per
1358 1119 1571 1183 venerabilem
1604 1121 1735 1185 hatrem

332 1227 478 1284 nostrum
508 1266 517 1284 .
547 1220 586 1295 .¹l
621 1219 870 1302 Strigoniensem
904 1222 1176 1305 arehiepiscopum
1208 1228 1286 1285 tunc
1318 1222 1502 1306 episcopum
1535 1225 1734 1307 Agrionsem,
1787 1232 1803 1283 5

332 1323 460 1407 praefici
482 1325 616 1391 fecimus
639 1325 699 1408 ipsi
724 1331 836 1405 terrae,
860 1325 973 1389 habeat
995 1326 1100 1389 clerus
1122 1325 1265 1389 eiusdem
1286 1326 1490 1410 populusque
1505 1346 1656 1392 recursus
1678 1349 1735 1412 pro

336 1430 577 1510 quaestionibus
607 1428 842 1512 emergentibus
864 1429 948 1492 inter
977 1449 1032 1493 ecs
1062 1429 1197 1511 aliisque
1224 1429 1374 1509 articulis,
1408 1431 1464 1512 qui
1492 1430 1736 1495 ecclesiasticam

333 1533 556 1597 auctoritatem
577 1532 870 1597 iurisdictionemve
898 1534 1067 1615 requirunt
1096 1538 1128 1595 et
1160 1539 1296 1615 possunt
1324 1552 1382 1615 per
1410 1533 1508 1596 alium
1535 1553 1631 1615 qnam
1654 1534 1736 1617 epis·

333 1656 449 1719 copam
470 1635 622 1720 expediri.
645 1636 693 1699 Ila
715 1656 792 1699 vero
816 1656 898 1719 qnae
921 1637 1102 1700 desiderant
1124 1635 1312 1719 pontificalis
1342 1637 1505 1719 dignitatis
1527 1635 1676 1719 officium,
1699 1644 1737 1702 ut

333 1746 411 1822 puta
433 1740 577 1819 chrisma,
598 1740 704 1804 oleum
727 1746 881 1821 sanctum,
898 1740 1113 1803 ordinationes
1135 1740 1322 1803 clericomm
1345 1747 1376 1804 et
1399 1740 1613 1805 dedicationes
1635 1741 1735 1805 eccle-
1771 1748 1805 1802 10

333 1844 452 1907 siarum
471 1858 529 1908 seu
543 1844 735 1926 altarium,a
758 1863 962 1926 quocumque
985 1844 1168 1924 malueritis,
1192 1845 1358 1927 recipietis
1374 1846 1521 1928 episcopo
1544 1844 1735 1928 apostolicae

333 1947 418 2010 sedis
440 1949 696 2013 communionem
727 1955 759 2012 et
788 1948 921 2031 matiam
945 1947 1116 2028 obtinente,
1141 1968 1310 2030 quousque
1339 1949 1441 2032 ipsius
1463 1956 1565 2013 terrae
1587 1949 1735 2033 populus,

334 2051 442 2114 divina
471 2051 599 2116 favente
628 2053 737 2135 gratia,
768 2053 814 2115 sic
843 2052 940 2124 fuerit
972 2058 1204 2134 augmentatus,
1234 2058 1272 2116 ut
1294 2053 1426 2135 dignum
1449 2053 1490 2117 sit
1519 2054 1684 2136 proprium
1706 2054 1736 2117 ei

333 2155 517 2239 episcopum
539 2155 708 2239 provideri.
753 2155 790 2217 ln
814 2155 1064 2237 recognitionem
1094 2162 1201 2218 antem
1224 2156 1356 2218 dominii
1378 2164 1410 2220 et
1431 2162 1598 2240 perceptae
1620 2177 1639 2219 a
1661 2158 1736 2221 sede

333 2259 506 2341 apostolica
526 2258 680 2323 libertatis
710 2259 790 2323 duas
813 2279 935 2322 marcas
964 2259 1043 2341 auri,
1075 2279 1155 2341 quas
1181 2259 1346 2324 voluntate
1369 2267 1544 2344 spontanea
1566 2259 1735 2341 obtulistis,
1772 2268 1804 2320 15

334 2363 426 2426 nobis
456 2383 553 2426 unam
583 2369 615 2426 et
645 2362 797 2426 trabibus
827 2364 944 2426 nostris
975 2363 1084 2444 aliam,
1114 2363 1147 2425 ln
1177 2363 1258 2427 festo
1288 2364 1530 2427 resurrectionis
1560 2364 1736 2428 dominicae

334 2467 426 2530 annis
445 2467 579 2550 singulis
601 2467 797 2550 persolvetis.
820 2467 909 2530 Nulli
931 2486 1009 2549 ergo
1030 2515 1130 2530 .....
1153 2467 1367 2550 protectionis,
1389 2466 1595 2549 inhibitionis,
1618 2468 1736 2531 consti-

335 2572 468 2634 tutionis
490 2579 522 2634 et
544 2572 760 2634 concessionis
784 2619 883 2634 .....
906 2570 939 2633 si
963 2571 1036 2652 quis
1058 2619 1158 2633 .....
1181 2568 1300 2633 Datum
1322 2570 1479 2654 Laterani,
1508 2570 1548 2634 Π.
1576 2571 1736 2636 Kalendas

334 2674 419 2756 Maii,
443 2694 528 2738 anno
552 2682 673 2738 octavo.

999 2881 1065 2962 41.
1769 2906 1804 2960 20

412 3044 501 3116 Rom
537 3046 585 3116 im
611 3044 899 3117 Lateroa1224
925 3045 1032 3135 April
1059 3047 1122 3115 30.
1159 3045 1268 3137 Papst
1294 3045 1471 3117 Honorius
1498 3043 1576 3114 ΙΙΙ.
1605 3044 1737 3115 artldrt

334 3167 400 3239 dea
418 3167 599 3239 anaema
622 3165 738 3238 Ordea
755 3169 804 3237 im
821 3165 1049 3238 Baraaaland
1066 3166 1137 3254 fiir
1153 3166 1375 3238 comittelbar
1400 3172 1502 3237 anter
1525 3164 1601 3236 dem
1615 3172 1735 3256 papst-

335 3288 443 3360 liohea
471 3286 738 3360 slansteten
763 3288 836 3359 aad
861 3288 1021 3360 verbiatat
1046 3287 1113 3359 dea
1139 3288 1367 3379 capariaohea
1390 3285 1638 3374 Erabischbfcn
1664 3286 1739 3357 aad

333 3409 523 3497 Biscbofea
549 3410 727 3481 mosellae
752 3409 939 3500 irpeadwic
964 3433 1008 3480 aa
1034 3408 1227 3500 beldatipea.

492 3572 617 3642 Rapiat&
640 3572 848 3626 Vatilcaaiacheo
866 3572 976 3626 Archiv.
1375 3530 1377 3539 Ι
1634 3553 1636 3557 ’
1771 3572 1805 3625 25

490 3693 692 3763 Einpeachaltet
715 3694 752 3747 iat
775 3694 820 3747 die
843 3694 972 3749 Uritande
996 3710 1048 3747 von
1072 3694 1192 3761 Biochof
1205 3694 1318 3762 Philipp
1337 3693 1494 3747 Firmanus
1513 3697 1589 3759 1278,
1614 3692 1735 3747 Strcbllce

442 3780 563 3835 Tabulae
583 3786 641 3847 159,
663 3779 1147 3850 o-ri9.8taaearcaiv1<onipsoerp.

491 3901 602 3956 Druck:
620 3901 743 3956 Scitoiler
753 3902 856 3955 Archiv
867 3902 891 3971 1,
902 3906 961 3956 238.
984 3902 1096 3955 Teutoch
1109 3920 1136 3955 a.
1150 3902 1310 3955 Firahaber
1328 3899 1399 3954 Sicb.
1418 3900 1499 3955 Uri-o.
1512 3899 1537 3969 1,
1553 3903 1596 3954 27.
1620 3899 1735 3954 lheincr

438 3987 516 4041 Mon.
535 3988 630 4057 Huap.
647 3989 671 4056 1,
689 3993 731 4042 51.
755 3988 864 4043 Weaaal
884 3988 948 4043 Ood.
967 3988 1075 4056 Arpad.
1094 3980 1117 4055 f,
1134 3992 1194 4042 200.
1214 3986 1397 4041 Denauaiaaa
1414 3987 1581 4041 Documenta
1597 3991 1641 4040 87.

491 4108 602 4179 Rapaci:
616 4108 738 4163 Stratike
751 4108 867 4179 Raparia
877 4110 910 4163 N
919 4110 1109 4164 Tabulae158.
1125 4109 1276 4163 Potthaotr.
1286 4112 1360 4162 7231.
1374 4109 1518 4177 Pettanepp
1532 4107 1681 4162 Urlaaden
1692 4111 1735 4161 28.
1771 4107 1806 4162 30

488 4266 653 4331 Honorius
684 4269 851 4352 episcopus
885 4287 997 4331 servus
1031 4287 1199 4332 servorum
1231 4267 1282 4330 dei
1316 4265 1551 4331 venerabilibus
1584 4265 1735 4328 fratribus

334 4371 452 4434 nostris
469 4372 711 4454 archiepiscopis
730 4379 762 4436 et
784 4372 939 4456 episcopis
961 4390 1019 4455 per
1034 4371 1206 4453 Ungariam
1229 4370 1410 4435 constitutis
1432 4368 1567 4433 salntem
1590 4374 1622 4432 et
1644 4387 1736 4452 apos·

334 4474 477 4538 stohoam
492 4474 754 4539 benedictionem.
780 4474 976 4539 Dilectomm
991 4475 1129 4539 filiorum
1174 4521 1183 4538 .
1207 4466 1231 4537 .’
1260 4474 1402 4557 magistri
1417 4480 1449 4537 et
1472 4473 1606 4535 natum
1630 4472 1736 4555 hospi-

334 4578 406 4642 talis
435 4584 562 4643 sanotae
585 4579 703 4643 Mariae
724 4579 967 4644 'leotonicorum
988 4579 1236 4644 Jerosohmitani
1260 4578 1318 4641 deo
1342 4583 1374 4641 et
1403 4574 1584 4639 hominibus
1614 4579 1737 4657 gratata

334 4680 444 4764 religio
466 4689 675 4765 promeretur,
704 4690 741 4747 ut
764 4685 831 4747 snis
856 4683 1083 4747 favorabilibus
1111 4681 1275 4746 desideriis
1303 4679 1519 4744 favorabiliter
1546 4697 1735 4758 annuamus,
1771 4684 1805 4739 35

335 4790 494 4866 quatenns
520 4786 662 4850 eiusdem
685 4788 806 4851 ordinis
835 4808 920 4851 nova
948 4786 1100 4870 plantatio
1131 4805 1168 4849 eo
1198 4784 1322 4849 felicius
1351 4784 1547 4847 incrementa
1576 4781 1736 4864 suscipiat,

334 4906 399 4969 quo
414 4888 534 4972 largius
548 4890 645 4954 brerit
659 4911 732 4955 rore
747 4892 938 4975 apostolicae
960 4890 1078 4972 gratiae
1100 4890 1236 4973 irrigata
1274 4888 1440 4952 Petierunt
1462 4885 1619 4968 siquidem
1641 4885 1737 4948 iidem

333 4994 484 5077 magister
505 5000 538 5058 et
559 4995 674 5059 fratres
689 5005 727 5059 ut
747 5003 863 5059 terram
887 4996 926 5060 de
942 4995 1026 5058 Boze
1042 5002 1074 5059 et
1089 4994 1173 5056 ultra
1194 4999 1319 5056 montes
1340 4991 1464 5053 nivium
1487 5009 1584 5072 quam
1606 4994 1737 5072 propter

334 5116 529 5181 paganomm
544 5099 684 5163 insultus
699 5106 822 5163 vastam
837 5118 941 5181 usque
956 5099 996 5161 ad
1010 5098 1157 5182 proxima
1172 5103 1314 5181 tempora
1335 5101 1367 5159 et
1388 5095 1546 5159 desertam
1567 5093 1736 5176 largitione

334 5201 486 5265 carissimi
508 5203 542 5265 in
565 5203 690 5268 Christo
712 5202 798 5278 filii’)
822 5202 952 5279 nostri‘)
975 5203 1123 5265 Andreae
1146 5202 1230 5284 regis
1252 5198 1442 5283 pegasaeo
1465 5198 1599 5261 illustris
1629 5197 1735 5279 adepti
1770 5203 1806 5257 40

491 5360 512 5421 ¹)
534 5356 660 5411 ihomas.

489 5445 512 5509 ¹)
530 5440 568 5497 So
586 5447 663 5510 1278,
680 5444 731 5511 fabr
749 5443 825 5498 bride
848 5442 956 5497 Wdrtcr
973 5440 1041 5495 steht
1058 5440 1090 5494 in
1107 5441 1157 5495 dar
1179 5440 1297 5510 Vorlape
1314 5455 1385 5493 aar:
1402 5440 1499 5492 nostro.

489 5532 512 5601 ⁸)
529 5528 568 5586 ao
585 5534 663 5601 1278,
685 5530 818 5601 Voriape:
834 5528 1010 5600 Ungarorum.
