4106 6294
933 607 1087 700 *ara-

309 793 468 856 curatoria
490 792 640 874 exhibita,
663 793 737 856 hinc
759 795 834 857 inde
856 795 1018 871 dixerunt,
1050 795 1135 877 quod
1160 815 1234 873 666,
1265 796 1375 875 sicque
1403 794 1442 858 de
1465 797 1634 877 utriusque
1656 816 1713 859 vo-

309 896 433 959 luntate
457 896 598 979 ipsorum
623 897 727 959 dictus
750 898 898 961 domiuus
922 900 1049 962 auditor
1064 908 1139 962 ante
1159 900 1273 961 dictam
1290 904 1469 982 aperturam
1490 905 1713 982 procuratores

309 1000 396 1083 ipsos
411 1004 568 1063 eteorum
584 1002 803 1084 procuratorio
818 1002 1005 1083 legitimavit
1016 1002 1192 1086 procedens
1207 1003 1317 1085 postea
1331 1003 1371 1065 ad
1387 1009 1567 1085 aperturam
1585 1003 1711 1066 testium

309 1103 552 1186 praedictorum,
586 1106 752 1189 assignans
786 1107 915 1188 utrique
949 1108 1148 1189 procuratori
1183 1106 1355 1170 terminum
1385 1106 1425 1168 ad
1459 1106 1542 1169 diem
1576 1106 1713 1170 Veneris

258 1217 274 1267 5
309 1207 454 1289 proxime
484 1208 665 1289 futurumst)
693 1210 732 1272 ad
762 1210 978 1294 recipiendum
1009 1212 1132 1294 copiam
1155 1211 1313 1273 diatonon
1336 1210 1465 1273 testium
1488 1219 1521 1275 et
1542 1212 1712 1275 11666166]

309 1316 429 1393 contra,
461 1313 618 1393 quidquid
642 1314 763 1396 volunt,
793 1319 826 1378 61
848 1314 931 1377 dicto
955 1314 1070 1378 Sancto
1102 1314 1141 1377 ad
1172 1313 1385 1396 recipiendam
1411 1316 1533 1398 6661616
1556 1316 1711 1380 dictarum

309 1414 473 1478 literarum
496 1421 528 1479 ct
551 1416 721 1481 dicendum
743 1424 856 1482 666116
876 1419 970 1502 ipsas,
1001 1424 1033 1482 61
1056 1418 1132 1482 alias
1163 1419 1202 1482 ad
1225 1414 1465 1501 producendum
1496 1419 1654 1501 incensa
1677 1426 1715 1485 61

310 1517 349 1581 16
371 1519 441 1583 1616
463 1519 568 1584 166111.

464 1623 523 1688 1116
546 1624 682 1688 Veneris
702 1603 795 1689 viui
822 1626 905 1706 Maii,
936 1592 999 1691 vil
1024 1626 1207 1689 indictionis
1234 1626 1492 1708 comparentibus
1523 1625 1615 1689 dictis
1638 1647 1710 1710 pro·
1737 1630 1893 1685 Substitutio

244 1734 275 1786 to
310 1726 510 1791 curatoribus
525 1729 694 1810 utriusque
709 1731 808 1813 partis
823 1730 854 1792 in
871 1730 988 1794 iudicio
1004 1751 1111 1793 coram
1127 1731 1211 1793 dicto
1231 1729 1359 1793 domino
1375 1729 1528 1811 auditore,
1544 1739 1711 1814 praesente
1737 1724 1892 1841 tg'firgff'i·

310 1849 360 1894 me
381 1832 506 1914 Angelo
530 1833 569 1897 de
592 1838 701 1896 sancta
723 1834 864 1898 Victoria
886 1835 1009 1898 6616116
1026 1835 1127 1898 116166
1150 1834 1257 1898 661166
1276 1834 1316 1897 61
1331 1833 1413 1897 hauc
1428 1855 1557 1898 causam
1572 1837 1711 1899 conscri-
1789 1803 1870 1918 tupp

309 1933 454 2015 baedam,
477 1935 516 1999 16
539 1937 688 2000 mandato
711 1938 786 2001 dicti
809 1938 929 2002 domini
951 1939 1046 2021 legati
1066 1943 1229 2022 assumpto
1245 1937 1349 2001 dictus
1364 1937 1501 2003 Sanctus
1515 1947 1712 2023 procurator,

311 2040 531 2120 procuratorio
554 2041 683 2105 nomine
707 2061 771 2123 quo
794 2061 899 2125 supra
923 2042 1089 2106 substituit
1110 2043 1144 2104 in
1167 2043 1251 2106 dicta
1274 2061 1372 2105 causa
1393 2048 1424 2106 et
1447 2044 1487 2106 ad
1510 2063 1621 2109 omnes
1635 2046 1713 2109 alias

310 2148 411 2206 motas
423 2149 455 2207 61
465 2145 640 2208 movendas
651 2146 838 2228 magistrum
851 2146 1032 2230 Philippum
1045 2146 1084 2209 16
1097 2146 1232 2229 Cingulo
1245 2153 1443 2229 praesentem
1454 2153 1487 2211 et
1498 2148 1711 2232 recipientem,

243 2255 274 2307 15
309 2246 348 2308 ad
372 2248 487 2330 omnia,
510 2267 593 2329 quae
615 2249 710 2313 habet
732 2250 765 2312 in
790 2251 955 2331 mandatis,
987 2250 1181 2314 transferens
1203 2250 1238 2312 16
1261 2269 1335 2314 eum
1359 2250 1497 2315 totaliter
1519 2253 1606 2316 vices
1628 2273 1712 2333 suas,

310 2351 530 2433 praesentibus
553 2353 689 2417 dominis
704 2353 829 2419 Joanne
845 2355 884 2418 de
900 2356 1010 2418 Aratio
1027 2354 1189 2438 capellano
1207 2353 1281 2417 dicti
1298 2353 1418 2416 domini
1433 2354 1538 2437 legati,
1561 2357 1712 2439 magistro

311 2453 412 2518 Paulo
435 2456 623 2520 cancellario
648 2459 734 2541 regio
758 2464 790 2521 et
813 2458 882 2521 aliis
905 2458 1047 2521 testibus.

465 2557 585 2624 Eodem
603 2562 653 2625 dic
665 2568 697 2625 et
709 2562 742 2625 in
754 2562 865 2626 eodem
877 2562 995 2625 iudicio
1008 2562 1112 2624 dictus
1124 2563 1274 2645 magister
1285 2561 1452 2645 Philippus
1464 2568 1626 2643 tamquam
1638 2583 1714 2647 pro·
1742 2565 1874 2655 prmum

311 2669 439 2725 curator
448 2663 836 2748 substitutusapraedicto
853 2672 1058 2748 procuratore
1066 2666 1196 2749 capituli
1203 2664 1421 2729 Transsiluani
1431 2666 1471 2730 ad
1478 2665 1637 2750 repulsam
1650 2673 1712 2730 tes·
1741 2643 1877 2775 ΜΨ

240 2772 275 2825 10
310 2765 391 2828 tium
406 2770 439 2829 61
453 2765 616 2830 literarum
632 2767 860 2850 producturum
875 2788 932 2852 661
947 2776 1067 2852 partem
1085 2769 1251 2832 adversam
1266 2769 1420 2853 produxit
1435 2769 1589 2852 quasdam
1605 2770 1713 2834 literas
1748 2739 1869 2870 oegfflo,

309 2867 430 2932 domini
446 2870 608 2948 vaivodaa
624 2890 682 2934 suo
700 2878 737 2934 ut
751 2873 946 2956 apparebant
961 2873 1063 2956 sigillo
1081 2874 1228 2956 signatas.
1249 2872 1393 2950 Quarum
1408 2880 1500 2938 16661
1520 2873 1592 2937 talis
1609 2879 1665 2938 est

465 2973 648 3038 Venerabili
678 2976 711 3036 16
735 2974 859 3038 Christo
889 2977 971 3059 patri
1001 2982 1034 3040 et
1064 2976 1192 3042 domino
1216 2977 1344 3040 domino
1368 2976 1486 3041 Gentili
1508 2979 1711 3043 miseratione
1738 2984 1894 3051 1116166616

309 3077 418 3140 divina
440 3077 523 3141 tituli
544 3080 645 3142 sancti
660 3078 789 3142 Martini
804 3081 837 3143 in
853 3079 1017 3144 Montibus
1036 3081 1222 3164 presbytero
1238 3082 1399 3164 cardinali,
1422 3082 1712 3166 apostolicaesedis
1755 3059 1876 3130 &Pindi

309 3182 412 3265 legato
429 3183 593 3246 ladislaus
612 3183 748 3246 vaivoda
762 3183 1007 3248 Transsiluauus
1023 3192 1055 3249 ct
1070 3203 1176 3248 comes
1192 3185 1231 3247 de
1247 3184 1381 3250 Zoulrulr
1403 3185 1554 3250 devotum
1571 3187 1712 3249 animum

240 3292 273 3345 25
309 3306 383 3350 cum
404 3287 602 3370 plenitudiue
614 3290 811 3352 reverentiae
834 3296 866 3351 et
881 3289 1019 3352 honoris.
1042 3287 1264 3371 significamus
1286 3290 1446 3353 sanctitati
1468 3295 1603 3371 vestrae,
1628 3289 1713 3371 quod

309 3390 434 3475 plebani
451 3412 508 3456 666
523 3392 703 3456 sacerdotes
719 3391 758 3455 de
774 3392 981 3455 decanatibus
996 3392 1160 3475 16861166,
1182 3393 1221 3456 de
1237 3391 1369 3475 Spreng,
1393 3394 1432 3458 16
1443 3393 1546 3476 Kyrd,
1568 3394 1608 3458 de
1623 3392 1714 3457 Kozd

309 3502 341 3560 61
364 3498 402 3560 16
426 3497 496 3559 61116
518 3502 551 3560 61
568 3496 608 3559 16
623 3496 881 3559 archidiaconatu
896 3497 935 3560 de
951 3496 1096 3560 Kulrulln
1111 3497 1224 3558 maiori
1239 3501 1272 3559 61
1287 3497 1402 3559 minori
1418 3504 1450 3560 et
1466 3498 1505 3562 de
1522 3497 1712 3579 quibusdam

309 3601 387 3682 aliis,
412 3602 467 3682 qui
491 3608 602 3665 666116
624 3600 799 3683 capitulum
822 3600 973 3665 eeclesiae
995 3600 1239 3664 Transsiluanae
1261 3601 1301 3663 ad
1323 3606 1463 3665 vestram
1487 3602 1608 3664 curiam
1626 3600 1713 3664 citati

308 3703 355 3766 irc
385 3704 615 3768 contumaciter
644 3704 858 3786 neglexerunt
888 3703 968 3767 16166
997 3706 1202 3787 suggestione
1231 3705 1316 3788 apud
1342 3705 1542 3769 sanctitatem
1565 3711 1714 3785 vestran,

240 3814 275 3866 30
311 3808 370 3871 nisi
401 3827 458 3871 seu
488 3809 593 3871 conati
619 3813 696 3871 6661
718 3827 809 3871 suam
832 3808 1064 3871 contumaciam
1087 3826 1252 3887 excusare,
1283 3808 1370 3889 quod
1392 3827 1452 3871 nos
1474 3808 1605 3872 liberam
1628 3808 1712 3872 riam

309 3912 427 3975 eisdem
451 3911 526 3976 dare
550 3912 810 3994 neglexissemus,
834 3918 866 3975 et
887 3931 994 3975 coram
1017 3912 1133 3975 vestris
1156 3911 1307 3994 delegatis
1329 3931 1426 3996 super
1445 3913 1504 3976 hoc
1520 3913 1713 3976 666616611-

309 4015 475 4078 natoribus
504 4015 658 4096 quosdam
691 4022 787 4079 testes
818 4016 914 4079 falsos
944 4022 976 4079 et
1004 4016 1207 4099 probationes
1229 4016 1360 4079 frivolas
1384 4017 1422 4080 de
1445 4017 1513 4080 suis
1535 4015 1714 4081 fautoribus

308 4124 419 4181 contra
447 4119 552 4202 ipsum
583 4120 757 4202 capitulum
790 4120 1022 4202 produxerunt
1061 4138 1197 4200 quorum
1229 4120 1420 4184 assertiones
1453 4125 1486 4184 61
1510 4119 1714 4203 probationes

309 4222 439 4285 frivolas
470 4230 503 4286 et
530 4223 626 4287 falsas
657 4243 727 4288 esse
750 4224 894 4301 dicimus
926 4224 1002 4305 quia
1024 4242 1199 4305 numquam
1227 4223 1413 4287 intentionis
1435 4229 1563 4288 6661166
1585 4224 1654 4305 brit
1678 4229 1715 4287 ut

240 4333 274 4385 35
309 4333 533 4409 procuratores
556 4347 667 4391 eorum
692 4328 743 4392 vel
766 4328 891 4409 aliquos
914 4347 955 4391 ex
972 4328 1048 4411 ipsis
1063 4327 1339 4411 impedivissemus
1354 4327 1406 4391 vel
1421 4328 1454 4390 iu
1470 4328 1577 4410 aliquo
1593 4327 1714 4391 voluis-

309 4450 416 4494 semus
438 4431 614 4512 molestare,
638 4452 711 4495 cnm
733 4452 791 4516 per
813 4432 864 4495 dei
886 4432 1021 4514 gratiam
1043 4450 1168 4514 semper
1190 4431 1330 4495 cultores
1352 4432 1491 4496 iustitiae
1511 4432 1665 4496 fuerimus
1680 4437 1713 4496 et

308 4536 341 4597 in
364 4541 476 4599 tenuta
498 4541 607 4599 nostra
630 4536 778 4599 omnibus
800 4536 983 4599 hominibus
1005 4535 1127 4599 clericis
1154 4534 1295 4598 61161616
1317 4535 1388 4600 viae
1410 4540 1540 4620 pateant
1560 4536 1659 4601 libere
1681 4542 1715 4600 et

308 4659 427 4703 secure.
466 4637 571 4715 Quare
601 4640 750 4703 sanctitas
777 4646 885 4703 vestra
905 4640 983 4723 ipsis
1006 4639 1224 4703 sacerdotibus
1246 4638 1297 4701 rel
1320 4657 1431 4702 eorum
1453 4640 1713 4724 procuratoribus

308 4763 364 4807 seu
388 4744 480 4806 dictis
503 4744 631 4807 testium
653 4763 785 4806 suorum
811 4764 935 4807 necnon
952 4743 1194 4827 probationibus
1214 4762 1324 4807 eorum
1341 4743 1464 4807 frivolis
1479 4744 1602 4808 nullam
1617 4743 1711 4808 fidem

240 4861 275 4913 lo
309 4846 456 4910 adhibeat
478 4847 509 4909 in
535 4848 592 4910 hac
614 4853 711 4930 66116.
742 4847 860 4910 Datum
876 4849 907 4910 in
926 4847 1025 4927 Deua,
1050 4852 1164 4928 quarta
1182 4847 1260 4910 feria
1275 4848 1421 4928 proxima
1436 4854 1507 4932 post
1522 4848 1711 4911 dominicam

308 4948 405 5026 Quasi
429 4952 523 5014 modo
547 4951 680 5033 genitae
697 4971 782 5013 6666
806 4929 987 5014 1616161111.
1011 4928 1230 5027 (1110.11’Π1.1)

463 5054 544 5119 Item
567 5055 678 5118 eodem
702 5055 752 5118 die
775 5062 807 5119 61
829 5056 863 5118 16
885 5056 996 5119 eodem
1019 5054 1136 5118 iudicio
1159 5054 1309 5136 magister
1330 5053 1496 5138 Philippus
1522 5061 1711 5138 procurator
1748 5056 1881 5111 Exhibitio

307 5158 500 5223 substitutus
522 5158 702 5242 praedictus
724 5157 871 5222 exhibuit
893 5158 1097 5242 exceptiones
1116 5157 1199 5219 16116
1214 5157 1347 5241 66116166
1362 5158 1396 5220 16
1411 5157 1544 5241 scriptis.
1567 5156 1709 5234 Quarum
1749 5151 1862 5225 ,ΜΨ

308 5267 400 5326 16661
422 5262 494 5326 talis
516 5267 572 5326 est
1736 5215 1893 5363 nfflff

239 5407 274 5461 45
466 5400 487 5467 ¹)
504 5398 570 5453 Mai
587 5403 613 5454 9.

462 5487 485 5554 ¹)
501 5484 587 5555 Ama
603 5490 629 5542 90

462 5576 485 5641 ⁸)
502 5570 591 5639 aare
611 5570 701 5628 eoae
723 5570 812 5641 VIII,
830 5574 856 5640 6,
874 5575 917 5626 50.
