4048 6284
863 614 1018 709 *rr—

237 800 331 865 efficii
353 803 455 867 nostri
477 802 518 865 ad
540 802 682 870 debitum
704 802 898 886 perducatur
920 802 1075 868 effectum.
1106 803 1187 867 (lum
1209 802 1307 885 igitur
1328 803 1519 868 venerabilis
1541 804 1640 868 irater

237 912 345 971 noster
366 905 558 970 wilhelmus
581 906 819 971 Vitrasiluanus
848 908 1016 992 episcopus
1046 907 1251 971 considerans
1280 907 1422 990 pericula
1451 913 1484 971 et
1505 908 1639 990 labores,

238 1029 320 1092 quos
339 1017 457 1075 terram
480 1011 520 1074 de
541 1010 649 1074 Bursa
670 1030 805 1075 vacuam
835 1017 869 1075 et
889 1012 1095 1075 inhabitatam
1118 1011 1209 1076 robis
1231 1029 1251 1072 a
1272 1009 1434 1075 carissimo
1456 1012 1491 1073 in
1514 1011 1638 1075 Christo

236 1112 300 1177 lilio
323 1118 433 1178 nostro
456 1111 587 1176 Andrea
608 1131 683 1196 rege
705 1114 909 1198 Vngarorum
937 1115 1063 1196 illustri,
1094 1116 1133 1179 ad
1156 1118 1249 1182 euius
1279 1118 1456 1182 dominium
1477 1118 1638 1202 pertinere

183 1224 201 1276 5
237 1217 442 1300 dignoscitur,
463 1217 550 1301 regia
582 1216 727 1282 libertate
737 1218 758 1296 ¹)
788 1218 943 1301 collatam,
974 1220 1172 1284 defendendo
1195 1241 1215 1284 a
1235 1241 1433 1305 paganorum
1455 1221 1638 1285 incursibus

236 1321 408 1403 sustinetis,
438 1321 576 1385 decimas
598 1323 700 1405 ipsius
723 1330 825 1387 terrae
847 1322 887 1385 ab
917 1322 986 1387 eius
1008 1322 1121 1386 incolis
1144 1329 1207 1386 tam
1230 1325 1347 1389 futuis
1370 1345 1467 1407 quam
1489 1343 1638 1408 praesen-

236 1422 322 1488 tibus
344 1425 566 1507 exsolvendas,
591 1444 723 1490 necnon
753 1431 785 1490 et
815 1425 963 1490 ecclesias
993 1424 1203 1491 aedificandas
1236 1428 1353 1492 ibidem
1383 1429 1492 1492 domui
1514 1433 1639 1492 vestrae

236 1527 276 1591 de
297 1547 458 1592 consensu
487 1529 618 1613 capituli
647 1531 698 1593 sui
727 1530 928 1613 concesserit
958 1530 1088 1593 decimis
1110 1530 1314 1615 Vugarorum
1344 1539 1376 1597 et
1398 1532 1638 1613 Siculommsi

236 1651 291 1696 eos
313 1632 354 1695 ad
376 1633 492 1697 dictam
507 1638 625 1697 terram
640 1635 775 1698 transire
790 1633 997 1716 contingeret,
1019 1639 1052 1697 et
1073 1635 1327 1716 praesentatione
1342 1655 1362 1697 a
1375 1635 1467 1700 vobis
1490 1636 1529 1700 de
1550 1655 1639 1720 pres-

167 1740 203 1795 10
237 1736 358 1818 hyteris
376 1737 581 1802 instituendis
603 1739 637 1800 in
658 1738 736 1823 ipsis
750 1737 892 1803 ecclesiis
913 1736 1066 1818 facienda,
1089 1755 1215 1800 necnon
1229 1738 1448 1803 iurisdictione
1470 1758 1638 1803 causarum

236 1839 457 1922 criminalium,
470 1860 553 1923 quae
568 1841 609 1905 ad
624 1842 863 1907 destitutionem
876 1840 1038 1925 pertinent
1049 1840 1258 1924 sacerdotum,
1273 1843 1496 1925 procuratione
1509 1861 1639 1925 quoque

235 1943 328 2007 iuxta
348 1945 484 2008 formam
498 1946 685 2009 canonicam
699 1946 870 2027 moderata,
893 1946 921 2009 si
942 1963 1017 2008 eum
1038 1945 1079 2008 ad
1093 1950 1200 2028 partes
1213 1945 1284 2008 illas
1307 1946 1417 2010 venire
1432 1947 1639 2030 contingeret,

236 2047 296 2112 sibi
318 2067 355 2112 ac
384 2049 452 2112 suis
481 2050 719 2114 successoribus
748 2048 927 2131 reservatis,
956 2067 1016 2112 nos
1045 2049 1161 2113 vestris
1191 2049 1284 2113 iustis
1313 2050 1461 2132 precibus
1486 2048 1639 2132 inclinati,

236 2151 473 2217 concessionem
502 2153 612 2237 ipsam,
642 2154 725 2217 deut
753 2153 804 2236 pie
834 2172 871 2216 ac
899 2152 1033 2235 provide
1062 2152 1145 2215 iacta
1174 2158 1223 2216 est
1252 2157 1285 2217 et
1313 2153 1347 2215 in
1376 2153 1477 2237 ipsius
1500 2152 1639 2236 episcopi

168 2261 202 2312 15
236 2254 336 2319 literis
358 2275 455 2339 super
477 2256 536 2321 hoe
551 2257 643 2321 tactis
664 2257 791 2340 plenius
813 2256 1003 2338 continetur,
1023 2258 1211 2320 auctoritate
1226 2257 1399 2340 apostolica
1413 2255 1639 2320 confirmamus

236 2365 269 2423 et
289 2360 467 2443 praesentis
489 2361 598 2446 scripti
619 2361 796 2444 patrocinio
819 2360 1062 2424 communimus.
1094 2360 1236 2437 Quarum
1259 2367 1403 2425 tenorem
1424 2360 1465 2423 ad
1488 2360 1639 2424 maiorem

235 2461 417 2528 firmitatem
438 2464 590 2527 iussimus
620 2464 659 2528 de
682 2464 780 2528 verbo
803 2463 844 2527 ad
874 2463 1008 2528 verbum
1030 2464 1252 2548 praesentibus
1274 2466 1427 2528 annotari
1464 2462 1569 2547 (Folpt
1590 2462 1640 2526 dic

245 2563 393 2631 Urbana
406 2566 547 2651 &alosa
568 2565 707 2631 Wilbelm
728 2566 890 2650 betreffaad
910 2567 969 2631 dan
990 2567 1148 2632 &coclea
1170 2566 1273 2632 Ordca
1295 2570 1337 2632 im
1359 2567 1561 2633 Barzanlcnd
1581 2588 1638 2632 aaa

236 2670 320 2733 1213
337 2668 396 2735 Nr.
413 2671 485 2752 27.)
506 2670 596 2735 Nulli
610 2690 685 2755 ergo
702 2671 831 2735 omnino
854 2671 1020 2735 hominum
1041 2671 1135 2737 liceat
1155 2672 1237 2736 hane
1258 2673 1405 2757 paginam
1420 2677 1548 2736 nostrae
1563 2691 1639 2735 con-

167 2777 203 2833 20
236 2772 425 2859 firmationis
453 2775 626 2859 intringere
655 2775 707 2838 vel
737 2775 766 2839 ei
789 2795 870 2839 ausu
893 2776 1060 2839 temerario
1083 2776 1249 2840 conuaire.
1294 2775 1327 2840 Si
1350 2776 1423 2858 quis
1449 2781 1558 2839 autem
1579 2774 1639 2838 hoc

237 2882 393 2942 attentare
414 2879 671 2962 praesumpserit,
700 2878 951 2962 indignationem
981 2880 1207 2963 omnipotentis
1234 2879 1285 2943 dei
1306 2885 1339 2943 et
1361 2879 1528 2942 beatorum
1550 2878 1639 2942 Petri

237 2986 270 3045 et
291 2981 383 3045 Pauli
411 2982 628 3066 apostolorum
657 2983 726 3046 eius
755 3001 789 3046 se
820 2983 947 3046 noverit
967 2983 1182 3047 incursurum.
1219 2983 1339 3047 Datum
1360 2982 1516 3066 Iateraui,
1547 2981 1639 3046 XIH.

237 3082 398 3149 Kalendas
419 3084 504 3169 llaii,
526 3084 729 3171 pontificatus
749 3087 852 3150 nostri
873 3106 957 3150 anno
981 3087 1131 3151 secundo.

391 3188 468 3272 Λα]
483 3188 551 3254 dem
581 3186 717 3274 Umbup:
742 3189 810 3254 Sea

168 3576 202 3630 25
904 3553 969 3637 29.

314 3733 404 3805 Ram
440 3732 493 3805 aa·
526 3731 768 3806 sana-Peter
797 3736 899 3804 1218
923 3733 1006 3803 Mat
1032 3737 1092 3803 16.
1139 3732 1248 3825 Pcpet
1276 3731 1450 3805 Honorias
1477 3732 1555 3803 ΙΙΙ.
1584 3732 1639 3804 ba-

238 3854 358 3945 scotia
393 3853 457 3925 der
491 3853 647 3945 Kdnipr'a
680 3853 827 3926 Jolaata
861 3854 917 3926 dt'c
951 3878 1016 3926 voa
1050 3854 1168 3944 Kdnip
1195 3853 1356 3926 Andreas
1383 3852 1437 3926 ΙΙ.
1467 3855 1542 3944 far
1573 3855 1639 3927 den

239 3974 322 4047 Fall
353 3975 463 4047 sanes
493 3974 599 4047 Todaa
632 3975 798 4046 wdbrcad
832 3975 890 4047 dar
916 3975 1136 4066 marma
1163 3977 1406 4066 jmtpcaetatea
1432 3975 1638 4064 Elaiataste,

239 4101 277 4167 ut
310 4094 342 4167 si
378 4117 458 4167 eum
493 4101 640 4167 naturae
674 4093 823 4167 debitum
861 4095 993 4168 solvere
1023 4095 1062 4167 in
1088 4094 1362 4191 peregrinatione
1388 4093 1574 4191 contingat,
1600 4101 1636 4169 tu

168 4232 205 4287 ao
239 4238 298 4310 pro
332 4222 404 4289 octo
439 4215 583 4288 milibus
619 4238 815 4288 marcarum
852 4215 999 4312 argenti,
1033 4215 1071 4287 in
1107 4215 1232 4311 quibus
1267 4215 1406 4287 nomina
1441 4215 1637 4288 donationis

239 4344 373 4432 propter
399 4336 541 4431 nuptias
567 4336 631 4408 tibi
657 4342 800 4428 tenetur,
826 4337 919 4410 sales
946 4337 1006 4432 qui
1032 4360 1092 4432 per
1118 4336 1304 4411 Morisium
1325 4336 1535 4411 descendunt
1560 4359 1637 4432 per-

240 4456 350 4553 cipias
381 4463 414 4529 et
443 4463 630 4553 proventus
658 4455 926 4530 Sarracenorum
954 4457 994 4530 de
1021 4457 1129 4530 Pesth
1156 4480 1196 4530 ae
1223 4456 1406 4529 comitatus
1433 4457 1474 4528 de
1499 4455 1639 4550 Budrio,

241 4600 416 4674 quousque
442 4577 505 4650 tibi
533 4577 579 4649 sit
604 4577 645 4649 de
671 4577 844 4673 praedicta
872 4602 1010 4651 summa
1037 4578 1201 4673 pecuniae
1227 4577 1381 4673 plenarie
1409 4576 1638 4650 satisfactum.

316 4697 446 4771 Datum
481 4697 610 4772 Romae
642 4699 732 4794 apud
774 4705 934 4772 sanctum
969 4699 1121 4793 Petrum,
1155 4697 1276 4771 XVII.
1315 4697 1494 4771 Kalendas
1529 4697 1640 4792 Junii,

171 4837 206 4890 35
243 4841 332 4891 anno
358 4818 515 4892 secundo.

394 4981 505 5036 uruca:
528 4982 642 5037 raam
653 4983 731 5037 uon.
744 4983 840 5053 nune.
853 4984 880 5050 r,
899 4987 932 5037 ra
943 4983 1014 5037 „aaa
1032 4984 1092 5037 aaa
1108 4982 1233 5052 mmor
1255 4982 1463 5037 varnasona
1474 4983 1585 5038 Arata
1604 5014 1638 5024 -
1677 4970 1685 4985 ‘

345 5068 430 5135 resa
450 5068 540 5124 maa
557 5070 620 5136 ΠΙ,
639 5075 664 5137 1,
680 5074 741 5126 aaa.

396 5190 507 5260 Repeti:
530 5190 654 5259 Palaclcy
676 5191 797 5246 lateran
817 5193 898 5248 Ratae
915 5198 957 5248 21.
986 5195 1082 5248 Erbca
1100 5193 1217 5262 nepeta
1234 5193 1261 5258 I,
1283 5195 1345 5246 260.
1376 5192 1488 5246 Teatacb
1506 5209 1533 5246 u.
1550 5192 1637 5247 Γίω-

343 5276 427 5331 taber
445 5275 517 5331 sset.
541 5276 623 5331 Urkb.
641 5278 668 5344 Ι,
685 5277 757 5333 Seite
774 5280 900 5335 XXIII.
924 5281 1051 5334 Pcttbaet
1069 5280 1187 5349 Regem
1204 5279 1258 5333 Nr.
1276 5282 1354 5333 5802.

172 5447 210 5503 ao
397 5452 418 5517 ι)
439 5450 555 5504 raam
571 5450 642 5504 aaa
659 5450 719 5506 aaa
737 5452 861 5522 nepam
884 5451 1013 5507 raama
1032 5452 1130 5511 aaa:
1146 5449 1309 5506 damnate.

345 5584 535 5632 urkundenbuch.
