4086 6300
917 626 1073 724 001-

451 815 521 882 Nos
535 815 711 900 capitulum
721 814 742 894 ¹)
753 816 997 881 Transsiluanae
1019 817 1132 881 damus
1146 836 1204 900 pro
1222 816 1384 899 memoris,
1407 816 1494 899 quod
1516 815 1699 881 constitutis

298 938 405 984 coram
433 919 527 984 nobis
555 919 704 985 Johanne
732 920 868 1004 plebano
902 920 942 985 de
970 918 1099 985 Dedrad
1131 925 1338 1005 procuratore
1370 920 1514 1004 magistri
1547 918 1699 1003 Stephani

296 1021 355 1087 filii
375 1021 525 1105 Dyonisii
546 1023 586 1088 ab
608 1043 675 1087 una
695 1028 794 1107 parte,
815 1043 874 1108 pro
896 1024 1017 1088 Jacobo
1039 1023 1104 1088 filio
1119 1023 1231 1089 Jacobi
1252 1023 1310 1088 filii
1324 1024 1405 1108 Apa,
1426 1043 1484 1108 pro
1506 1042 1541 1088 se
1563 1028 1596 1088 et
1608 1028 1699 1107 patre

297 1145 357 1191 sno
379 1134 413 1192 et
432 1128 573 1211 Andros,
593 1127 625 1192 N
625 1126 747 1209 ycoloo,
768 1126 925 1209 Johanne,
948 1127 1020 1211 Apa
1041 1133 1074 1193 et
1094 1126 1250 1210 Dyonisio
1273 1127 1425 1192 trabibus
1446 1127 1515 1192 suis
1537 1145 1579 1192 en
1600 1126 1700 1191 altera

246 1239 264 1291 o
299 1231 499 1296 concorditer
520 1251 627 1296 coram
649 1230 743 1295 nobis
765 1230 954 1313 retulerunt,
977 1230 1066 1313 quod
1087 1250 1185 1315 super
1206 1250 1303 1296 causo
1325 1231 1408 1296 dotis
1430 1237 1698 1314 011010110010-

298 1333 498 1417 phernalium
520 1334 667 1400 dominae
688 1334 794 1399 Anioh
820 1334 948 1400 relictae
971 1336 1133 1418 qnondam
1156 1335 1300 1420 Gregorii
1321 1334 1379 1399 filii
1401 1334 1480 1419 Apa,
1511 1352 1595 1417 quse
1615 1335 1700 1400 inter

297 1437 403 1522 ipsum
417 1437 574 1503 Jacobum
588 1437 691 1502 filium
706 1438 779 1522 Apa
800 1443 832 1502 et
852 1436 935 1503 filios
958 1438 1100 1503 eiusdem
1123 1458 1160 1502 oc
1182 1439 1369 1522 magistrum
1385 1437 1581 1523 Stephanum
1595 1436 1699 1502 filium

297 1539 447 1623 Dyonisii
478 1542 608 1607 nomine
636 1540 854 1626 procuratorio
883 1541 1063 1626 praedictae
1094 1541 1241 1607 dominae
1263 1542 1369 1606 Anich
1398 1544 1517 1608 sororis
1545 1562 1632 1627 suae,
1664 1543 1698 1607 in

297 1645 478 1728 praesentia
492 1645 684 1710 venerabilis
697 1645 797 1730 patris
807 1645 956 1711 Andreae
970 1645 1103 1730 praelati
1118 1647 1220 1710 nostri
1234 1644 1454 1729 vertebatur,²)
1476 1652 1509 1712 et
1522 1648 1699 1713 secundum

230 1756 265 1810 10
300 1747 434 1813 iormam
462 1748 573 1812 iudicii
602 1748 743 1813 eiusdem
775 1749 815 1814 de
837 1750 1072 1833 quinquaginta
1097 1749 1212 1813 marcis
1234 1749 1474 1834 Vngaricolium
1496 1751 1700 1816 denariorum

299 1871 357 1936 pro
373 1857 516 1935 tempore
531 1853 739 1935 currentium,
762 1852 801 1917 de
817 1852 936 1934 quibus
950 1853 1089 1916 convicti
1097 1851 1118 1929 ⁸)
1141 1853 1265 1918 ratione
1280 1853 1383 1918 dictae
1403 1854 1486 1919 dotis
1501 1855 1699 1938 exstiterant,

300 1955 438 2021 sedecim
460 1975 584 2020 marcas
605 1956 813 2040 Vngarioales
843 1956 878 2019 in
900 1957 1021 2020 octavis
1043 1957 1127 2021 beati
1149 1956 1262 2022 Jacobi
1283 1957 1419 2042 apostoli
1440 1959 1586 2042 proxime
1607 1977 1699 2043 prae·

300 2060 402 2124 teritis
409 2057 432 2136 ⁴)
454 2059 606 2143 magistro
621 2059 781 2144 Stephano
802 2059 868 2124 filio
883 2059 1032 2142 Dyonisii
1053 2079 1152 2144 supra
1173 2061 1258 2125 dicto
1280 2061 1409 2125 nomine
1432 2061 1579 2128 dominae
1593 2063 1699 2127 Anich

300 2164 420 2228 sororis
442 2183 520 2229 suae
542 2164 667 2228 solvere
690 2164 883 2247 debuissent,
914 2164 1004 2246 dixit,
1033 2164 1121 2245 quod
1146 2164 1221 2229 licet
1250 2165 1432 2248 praedictus
1453 2165 1595 2231 Jacobus
1614 2165 1701 2231 filius

232 2276 266 2329 15
301 2268 374 2351 Apa
394 2273 427 2332 et
446 2266 504 2331 filii
525 2267 669 2332 eiusdem
690 2268 724 2331 in
739 2268 900 2351 praedicto
917 2267 1052 2331 termino
1076 2268 1214 2332 sedecim
1229 2288 1351 2332 marcas
1365 2269 1490 2334 solvere
1506 2270 1700 2353 debuissent,

300 2376 407 2436 tamen
429 2390 601 2436 numerum
620 2371 733 2455 viginti
758 2372 901 2453 quinque
923 2391 1102 2435 marcarum
1126 2372 1202 2453 quia
1223 2372 1397 2437 voluerunt
1418 2392 1438 2436 0
1459 2371 1574 2437 debitis
1589 2391 1700 2437 eorum

301 2475 454 2558 expediri,
484 2496 559 2540 cum
589 2477 691 2539 servis
713 2480 746 2538 et
775 2473 898 2537 ancillis
927 2475 1052 2557 inipso
1075 2476 1210 2540 termino
1233 2476 1335 2541 eidem
1366 2477 1517 2560 magistro
1540 2474 1700 2560 Stephano

299 2581 429 2644 nomine
458 2580 563 2643 Anich
597 2579 716 2642 sororis
748 2597 826 2642 suae
858 2577 1112 2660 complevissent
1156 2578 1261 2663 Super
1294 2579 1412 2661 quibus
1444 2579 1521 2644 XX„
1557 2581 1701 2662 quinque

299 2684 415 2748 marcis
437 2683 602 2749 lohannes
623 2681 781 2766 plebanus
803 2682 842 2745 de
864 2680 1001 2764 Dedrad,
1035 2688 1109 2746 ante
1131 2683 1237 2747 dictus
1257 2688 1446 2768 procurator
1466 2683 1610 2768 magistri
1631 2682 1701 2749 Sta

232 2793 267 2848 20
301 2788 398 2872 pbani
416 2787 475 2851 filii
489 2785 638 2869 Dyonisii
659 2805 758 2870 supra
779 2786 864 2869 dicti,
886 2785 1015 2849 nomine
1030 2788 1248 2869 procuratorio
1270 2788 1414 2852 eiusdem
1428 2787 1584 2852 Jacobnm
1598 2786 1702 2853 filium

300 2891 371 2976 Ape
393 2897 426 2955 et
446 2889 530 2955 filios
558 2891 701 2955 eiusdem
731 2890 869 2954 reddidit
897 2908 1004 2953 coram
1035 2889 1127 2953 nobis
1150 2889 1324 2973 expeditos.
1360 2889 1480 2954 Datum
1509 2896 1602 2955 sexta
1623 2891 1703 2955 teria

299 2995 448 3079 proxima
462 3000 535 3078 post
549 3000 678 3059 octavos
693 2993 777 3058 beati
791 2993 813 3057 J
814 2993 904 3058 acobi
919 2993 1063 3076 apostoli,
1085 3013 1170 3056 anno
1187 2993 1308 3057 domini
1322 2971 1364 3057 li.
1388 2971 1566 3059 &CCXX
1580 2995 1700 3076 quinto.

454 3134 530 3217 Aras
538 3133 594 3197 der
606 3132 783 3196 Raiclraeite:
804 3131 1011 3214 Expeditoria
1033 3152 1091 3217 pro
1106 3131 1226 3196 Jacobo
1243 3130 1308 3195 filio
1324 3132 1396 3216 Apa
1417 3138 1451 3196 et
1464 3131 1537 3196 filiis
1556 3131 1700 3196 eiusdem

301 3244 412 3303 contra
434 3239 594 3303 dominam
617 3237 723 3300 Anicb
745 3236 888 3300 relictam
911 3235 1074 3317 quondam
1097 3234 1229 3319 Gregori
1254 3234 1300 3297 fili
1323 3235 1395 3319 Apa
1419 3254 1517 3319 super
1538 3234 1697 3299 solutione

232 3347 266 3401 21
301 3343 415 3426 viginti
438 3342 583 3425 quinque
605 3360 784 3405 marcarum
806 3360 865 3424 pro
889 3339 986 3403 rebus
1007 3338 1298 3424 paraphernalibus.

952 3649 1052 3735 440.

377 3818 484 3890 1325
515 3816 660 3893 Oktober
687 3819 722 3889 4.
765 3814 884 3889 casa
911 3814 1081 3890 1111101000
1111 3816 1186 3889 ond
1216 3817 1271 3889 dic
1296 3814 1601 3890 Kornitotariobtcr
1635 3837 1702 3889 oon

301 3936 447 4012 8101001
471 3938 646 4032 bangor,
673 3939 755 4011 dosa
772 3938 829 4010 dic
845 3937 1035 4030 Bagabaag
1056 3939 1115 4011 dcc
1132 3938 1262 4011 1101101
1278 3936 1441 4009 Hottcrtt
1457 3936 1543 4009 01100
1564 3933 1701 4009 Widcr-

301 4061 427 4155 0010011
453 4061 517 4134 der
546 4059 867 4133 Gnoadnocbborca
892 4061 1151 4152 stottqcsimdca
1176 4059 1247 4132 bot.
1610 4068 1613 4073 '

233 4223 268 4278 30
460 4220 1702 4294 0110Ρο0.0100000010.11001000010000011001000001000.

403 4309 464 4364 Der
484 4310 551 4365 cht
567 4311 605 4365 iot
622 4310 684 4365 aebr
702 4308 861 4378 feblerboft.

458 4481 549 4571 [Noe]
579 4484 731 4550 Nicolaus
768 4504 875 4550 comes
911 4485 951 4549 de
981 4484 1122 4567 Zolnulr,
1159 4485 1310 4568 magister
1340 4479 1381 4566 G[
1549 4479 1595 4567 1⁶)
1633 4480 1703 4547 Ste-

300 4588 426 4673 phanus
456 4588 578 4654 iudices
599 4589 756 4654 nobilium
785 4589 929 4674 deputati
960 4589 999 4654 de
1028 4589 1140 4654 eodem
1163 4587 1378 4673 significamus
1400 4586 1562 4651 universis
1584 4585 1703 4668 quibus

301 4693 440 4777 expedit,
463 4691 550 4775 quod
572 4693 758 4758 accedentes
780 4694 820 4757 ad
836 4699 980 4759 nostram
1000 4693 1213 4779 praesentium
1227 4693 1358 4776 indices,
1380 4691 1487 4773 iurati,
1508 4710 1545 4755 ac
1560 4689 1704 4754 universi

231 4805 267 4860 36
301 4797 443 4882 hospites
471 4797 511 4861 de
539 4795 673 4861 Deswar
702 4796 907 4861 ostendentes
935 4797 1028 4862 nobie
1060 4797 1169 4861 literas
1200 4796 1323 4860 domini
1357 4794 1511 4858 vaivodse
1544 4799 1577 4858 et
1609 4791 1703 4858 uobis

300 4897 594 4986 praecep[torias],⁶)
623 4906 661 4964 ut
690 4900 850 4966 hominem
880 4906 1027 4965 nostrum
1050 4901 1198 4965 daremus
1224 4900 1264 4963 ad
1286 4898 1484 4963 bobulandas
1505 4903 1606 4962 metas
1628 4914 1700 4980 per·

457 5073 478 5132 ¹)
496 5070 569 5126 Hier
585 5070 668 5138 sebit:
686 5069 820 5125 ecclesiae.

456 5160 478 5227 ¹)
501 5157 587 5213 Uebcr
604 5158 653 5212 der
671 5156 747 5212 Zoilo
767 5157 976 5227 ramponem.

456 5244 479 5313 ⁸)
497 5243 628 5312 Hicrouf
639 5243 892 5314 durcbpestrirlreo:
910 5243 1062 5299 extiterunt„

232 5332 268 5387 40
458 5331 481 5400 ⁴)
498 5331 609 5402 100011
626 5336 652 5386 1.

459 5421 480 5487 ⁶)
497 5416 590 5473 Ltcte
606 5421 651 5472 23
671 5416 831 5473 0101100110
849 5416 926 5471 broit.

457 5487 1659 5575 omae,anaamsauercnmaoeesuacaoapoeaaoataoe,to‘i
