4086 6300
965 592 1121 687 —mo—

496 778 636 844 Karolus
669 779 721 844 dei
754 780 855 863 gratia
883 799 942 844 rex
970 780 1156 865 Hungariae
1189 780 1303 846 dilecto
1337 782 1396 846 sibi
1427 787 1461 846 et
1489 780 1575 847 fideli
1603 782 1740 847 Thomas

341 882 496 947 rairodae
518 882 743 947 Tranasiluano
773 888 806 947 et
835 884 941 947 comiti
972 884 1011 949 de
1034 885 1146 949 Zonulr
1176 885 1311 949 salutem
1342 891 1374 949 et
1404 886 1545 968 gratiam.
1577 886 1657 950 Cum
1681 898 1740 950 nos

341 985 554 1050 reverendum
583 987 617 1048 in
647 986 772 1051 Christo
803 992 924 1070 patrem
955 989 1117 1052 Andream
1148 989 1258 1052 eadem
1287 990 1387 1072 gratia
1417 991 1601 1073 episcopum
1625 991 1740 1054 Trans-

341 1088 502 1153 silnanum
522 1089 673 1154 dilectum
693 1095 725 1154 et
739 1088 865 1154 fidelem
881 1096 1026 1154 nostrum
1042 1111 1078 1154 ac
1094 1092 1259 1155 ecclesiam
1274 1092 1356 1157 beati
1370 1092 1545 1174 Mychaelis
1560 1093 1739 1177 archangeli

340 1192 507 1257 ecclesiam
528 1212 618 1257 suam
642 1199 675 1257 et
696 1193 810 1257 fratres
833 1213 909 1257 suos
932 1194 971 1258 de
994 1196 1132 1278 capitulo
1154 1197 1188 1259 in
1203 1202 1345 1260 noemam
1360 1198 1574 1279 receperimus
1588 1197 1737 1280 protecti-
1773 1205 1789 1257 5

342 1315 437 1360 onem
465 1297 634 1381 specialem
664 1316 701 1360 ac
730 1298 816 1380 ipsos
847 1298 934 1381 regio
965 1298 1081 1363 affectu
1110 1300 1173 1362 iam
1202 1300 1347 1382 amplecti
1376 1300 1589 1383 intendamus,
1620 1301 1738 1364 idcirco

340 1405 430 1464 tuam
459 1399 645 1465 fidelitatem
676 1400 845 1484 diligenter
874 1402 1068 1483 requirimus
1100 1409 1132 1467 et
1161 1403 1368 1467 nihilominus
1391 1402 1447 1466 tibi
1470 1403 1584 1466 damus
1605 1402 1739 1468 firmiter

339 1504 435 1588 regiis
463 1504 499 1568 in
527 1506 713 1591 praeceptis,
745 1511 904 1586 quatenus
934 1506 1130 1589 praedictum
1161 1506 1325 1569 dominum
1356 1507 1540 1590 episcopum
1571 1512 1604 1570 et
1624 1507 1739 1571 fratres

341 1627 418 1673 suos
441 1608 481 1672 de
503 1608 641 1693 capitulo
663 1609 699 1672 in
721 1609 832 1673 eadem
854 1629 914 1673 sua
934 1609 1089 1691 libertate,
1114 1630 1178 1692 qua
1199 1609 1237 1672 ab
1258 1611 1391 1692 antiquo
1407 1610 1441 1672 in
1457 1611 1604 1674 tenendis
1618 1611 1738 1675 scilicet

340 1712 407 1776 ania
421 1712 678 1796 possessionibus
693 1717 725 1777 ct
740 1712 809 1777 aliis
824 1713 949 1777 iuribus
964 1714 1031 1776 suis
1048 1733 1084 1775 ao
1101 1713 1373 1777 iurisdictionibus
1385 1714 1483 1777 fuisse
1495 1714 1737 1796 dignoscuntur,
1774 1722 1808 1775 10

339 1815 467 1881 illaesos
489 1817 559 1880 vice
582 1822 692 1879 nostra
714 1815 855 1881 debeatis
878 1836 1077 1898 conservare,
1100 1816 1139 1879 ab
1163 1817 1311 1879 omnibus
1331 1817 1474 1880 adversis
1489 1817 1617 1881 eosdem
1632 1823 1739 1900 prote·

339 1919 453 2002 gande,
476 1919 610 1984 rebelles
631 1940 719 2001 vero,
742 1922 770 1983 si
794 1922 849 2002 qui
871 1922 905 1984 in
928 1921 1090 1984 solvendis
1113 1920 1180 1983 suis
1202 1919 1327 1984 iuribus
1346 1927 1378 1983 et
1397 1940 1527 1984 suarum
1544 1922 1738 1984 decimarum

342 2022 557 2087 solutionibus
579 2024 733 2089 iaciendis
755 2029 862 2088 essent
884 2029 941 2088 ant
956 2025 1016 2088 sibi
1030 2024 1183 2088 rebellare
1199 2024 1411 2105 intenderent
1435 2024 1596 2105 quoslibet
1618 2024 1738 2089 scihcet

340 2123 494 2209 Saxones,
516 2125 661 2209 Syculos,
683 2127 840 2210 Vngaros,
873 2127 997 2191 nobiles
1019 2134 1051 2192 et
1073 2127 1228 2209 ignobiles
1250 2128 1290 2191 ad
1312 2128 1437 2211 plenam
1462 2129 1580 2193 eisdem
1604 2129 1737 2193 redden·

339 2228 413 2292 dam
435 2230 591 2295 iustitiam
612 2250 706 2313 cogas
728 2236 761 2293 et
782 2230 961 2314 compellas.
984 2230 1072 2295 Sales
1088 2250 1164 2295 vero
1181 2231 1349 2296 decimales
1368 2232 1443 2295 dicti
1463 2232 1582 2296 domini
1598 2233 1738 2316 episcopi
1774 2240 1807 2291 15

340 2332 374 2396 in
390 2339 476 2398 tarra
489 2334 713 2399 Transsiluana
728 2333 852 2398 debitos
874 2340 907 2398 et
929 2334 1064 2397 fratrum
1085 2354 1219 2398 suorum
1241 2336 1281 2399 de
1300 2335 1448 2418 capitulo,
1472 2355 1553 2418 quos
1569 2341 1737 2419 praetextu

344 2436 530 2501 salifodinae
558 2439 702 2521 ipsorum
737 2437 775 2501 de
808 2437 911 2500 Torda
943 2438 1060 2501 habere
1093 2444 1280 2519 noscuntur,
1314 2440 1397 2502 sicut
1426 2444 1535 2503 nostro
1572 2439 1737 2522 privilegio

341 2541 501 2606 mediante
526 2561 569 2606 ex
591 2543 679 2625 regia
700 2548 810 2605 nostra
832 2541 1026 2624 benignitate
1049 2541 1168 2605 eisdem
1190 2544 1415 2623 concessimus,
1447 2561 1651 2624 quocumque
1673 2548 1736 2605 tam

338 2645 372 2708 in
395 2645 488 2710 terris
512 2665 609 2728 quam
630 2645 664 2707 in
686 2644 780 2726 aquis
803 2644 926 2709 deferre
949 2645 1110 2709 voluerint
1131 2651 1188 2708 aut
1209 2645 1343 2710 fecerint
1365 2645 1417 2709 vel
1437 2646 1574 2729 propriis
1595 2645 1738 2709 deduxe-

337 2748 404 2812 rint
431 2749 465 2811 in
495 2747 645 2830 vecturis,
675 2746 714 2810 ab
747 2748 835 2811 omni
864 2750 1031 2813 exactione
1062 2749 1171 2813 tributi
1201 2749 1318 2813 liberos
1349 2756 1380 2813 et
1409 2755 1575 2832 exemptos
1605 2750 1736 2813 mittatis
1772 2755 1806 2810 20

337 2851 437 2916 libere
459 2852 660 2937 pertransire.
690 2850 810 2915 Datum
832 2852 866 2914 in
889 2852 931 2916 W
956 2853 1094 2936 asograd,
1122 2853 1201 2917 feria
1222 2854 1337 2934 quinta
1358 2853 1505 2935 proxima
1525 2857 1598 2937 post
1619 2852 1736 2916 festum

338 2956 554 3039 Pentecostes,
576 2975 660 3019 anno
685 2955 805 3019 domini
827 2933 869 3019 ll
893 2873 995 3020 (igi).
1016 2934 1084 3020 XX
1106 2963 1230 3020 octavo.

993 3282 1089 3369 463.

416 3464 743 3557 Stahlwameatary
768 3466 876 3537 1328
904 3464 984 3538 Jah'
1013 3469 1047 3537 3.
1083 3466 1253 3555 Martia,
1283 3466 1497 3558 pupsrliolar
1522 3465 1644 3558 Lapat,
1681 3466 1735 3538 be

334 3586 490 3678 aanor
516 3587 572 3659 dic
606 3585 770 3659 Urbane
796 3587 855 3659 des
880 3587 1350 3678 KdaipeKarlvoa1328
1377 3586 1548 3658 Nam
1575 3587 1646 3675 fiir
1671 3587 1737 3658 dea
1771 3603 1805 3658 25

336 3706 651 3798 sicbcabdrqt'schea
676 3706 831 3795 Biscbof
847 3708 922 3779 amd
947 3708 1011 3778 das
1045 3706 1324 3799 Weisscabarpcr
1350 3707 1501 3799 Kaprai.

495 3869 572 3940 Oria.
590 3870 671 3941 Pero.
689 3870 899 3940 chitclarchr'c
916 3869 1084 3940 Karleburq.
1110 3870 1207 3941 δῶρά,
1230 3870 1372 3939 moral,
1396 3886 1456 3924 war
1473 3870 1505 3924 ia
1522 3869 1613 3924 rothae
1635 3869 1736 3925 chha

441 3958 495 4025 aas
510 3958 560 4013 der
577 3957 722 4013 erchct'te
739 3958 928 4028 aufgcdnlclct.

493 4077 606 4149 aaa:
629 4078 791 4134 rrarmzmr
808 4078 854 4134 ra
872 4083 949 4148 raes,
967 4082 1027 4135 aaa

491 4252 560 4318 Nos
581 4254 680 4318 frater
701 4252 848 4335 Mathyas
868 4254 988 4318 ordinis
1005 4255 1139 4317 fratrum
1154 4255 1422 4336 Praedicatorum,
1445 4251 1735 4338 apostolicaesedis
1770 4260 1805 4315 30

337 4354 475 4419 nuncius
496 4376 555 4440 pro
579 4357 775 4421 orthodoxae
796 4356 872 4422 fidei
894 4362 927 4420 et
947 4356 1109 4421 Romanae
1132 4358 1283 4422 ecclesiae
1305 4358 1441 4442 negotiis
1463 4357 1503 4420 ad
1525 4362 1630 4440 partes
1645 4358 1735 4440 regni

336 4456 522 4542 Hungariae
545 4459 731 4541 destinatus,
753 4460 968 4542 praesentium
989 4479 1047 4544 per
1068 4467 1213 4526 tenorem
1235 4461 1450 4545 significamus
1473 4460 1591 4542 quibus
1606 4461 1736 4544 expedit

335 4561 505 4646 universis,
534 4565 621 4646 quod
650 4564 805 4629 accedens
834 4564 875 4627 ad
904 4569 1047 4628 nostram
1076 4566 1288 4648 praesentiam
1315 4565 1464 4648 magister
1485 4563 1611 4628 Bulchu
1633 4565 1735 4628 archi·

336 4664 489 4731 diaconus
519 4667 558 4733 de
581 4667 730 4732 Zothmar
752 4668 883 4731 nomine
905 4671 939 4732 et
961 4667 1031 4732 rice
1054 4667 1245 4732 venerabilis
1265 4668 1365 4751 patris
1388 4673 1421 4732 et
1443 4667 1564 4731 domini
1585 4667 1734 4732 Andreae

336 4766 388 4832 dei
409 4773 442 4833 et
464 4770 655 4856 apostolicae
677 4771 762 4836 sedis
784 4770 886 4855 gratia
908 4771 1049 4855 episcopi
1068 4771 1285 4835 Transsiluani
1308 4775 1341 4835 et
1362 4771 1492 4855 capituli
1515 4770 1565 4835 sui
1588 4770 1734 4835 exhibuit
1768 4778 1803 4833 35

335 4871 429 4937 nobis
460 4873 569 4937 literas
601 4878 745 4957 patentes
780 4875 975 4939 serenissimi
1006 4874 1158 4959 principis
1190 4874 1310 4937 domini
1342 4873 1452 4937 Karoli
1485 4875 1618 4939 illustris
1650 4874 1734 4957 regis

335 4975 522 5061 Hungariae
545 4996 643 5063 snper
663 4977 863 5043 libertatibus
886 4978 1036 5043 ecclesiae
1058 4978 1143 5042 beati
1157 4977 1332 5060 Mychaelia
1351 4977 1529 5061 archangeli
1549 4997 1586 5041 ac
1600 4978 1734 5041 trabum

334 5098 467 5144 suornm
503 5079 543 5144 de
576 5081 714 5164 capitulo
745 5101 804 5145 eeu
833 5083 1073 5165 possessionum
1103 5081 1277 5146 eorundem
1286 5080 1308 5158 ¹)
1337 5082 1506 5161 confectas,
1535 5086 1648 5164 petens
1674 5099 1735 5143 nos

333 5181 418 5247 idem
451 5183 603 5267 magister
624 5184 753 5249 Bulchu
786 5184 915 5249 nomine
948 5191 981 5250 et
1010 5186 1081 5250 rice
1112 5185 1188 5249 dicti
1217 5184 1338 5248 domini
1369 5184 1509 5269 episcopi
1538 5190 1571 5249 et
1599 5185 1734 5248 hatrnm

334 5304 469 5350 snorum
496 5286 536 5351 de
557 5287 697 5372 capitulo
720 5306 794 5352 cnm
815 5288 977 5371 instantia,
1006 5294 1044 5352 ut
1066 5294 1211 5353 tenorem
1232 5288 1407 5353 earundem
1428 5288 1592 5352 literarum
1616 5288 1733 5352 nostris
1767 5293 1804 5349 40

492 5455 513 5527 ¹)
535 5454 654 5527 aalays
670 5455 798 5526 uasa:
821 5439 871 5513 fa
