4086 6300
909 634 1064 731 -09-

281 823 372 907 regni
400 822 460 888 sibi
493 842 550 906 per
581 823 726 888 ordinem
756 843 852 888 suum
881 824 1032 888 limitatas
1055 825 1206 908 ipsosque
1229 825 1407 907 amovendi,
1436 826 1547 909 eisque
1569 827 1683 891 amotis

282 927 335 991 vel
357 927 398 991 de
420 928 478 990 hac
500 927 572 991 luce
594 926 766 991 subtractis
792 927 871 992 01100
897 928 1042 992 0100111100
1072 928 1205 992 idoneos
1235 930 1433 1010 instituendi,
1464 931 1591 1011 quoties
1622 930 1682 994 sibi

282 1031 389 1095 risum
411 1031 517 1113 100011,
540 1030 668 1114 plenam
691 1038 723 1095 et
744 1031 876 1095 liberam
899 1032 1115 1097 concessimus
1138 1051 1195 1116 per
1218 1039 1343 1096 nostras
1365 1031 1474 1097 literas
1489 1034 1681 1099 facultatem.

282 1134 345 1211 Qui
369 1135 498 1217 quidem
520 1135 737 1217 1001000000]
760 1153 818 1219 per
840 1135 978 1200 eundem
1001 1137 1139 1220 p1iorem
1162 1136 1201 1199 ad
1224 1136 1284 1199 hoc
1306 1137 1448 1220 deputati
1471 1158 1529 1202 000
1544 1138 1683 1203 instituti

230 1247 246 1299 5
282 1239 403 1303 1000101
433 1246 470 1303 01
495 1240 674 1323 praefertur
695 1240 789 1303 iuxta
810 1247 843 1303 01
865 1239 1043 1303 secundum
1064 1240 1210 1303 instituta
1232 1242 1384 1303 00000100
1408 1261 1505 1325 super
1527 1243 1587 1306 hiis
1610 1263 1683 1326 pro·

284 1341 425 1425 mulgata
454 1342 643 1407 auctoritate
672 1343 833 1426 praedicta
863 1344 948 1407 clero
979 1349 1011 1407 et
1041 1344 1160 1427 populo
1183 1346 1367 1407 convocatis
1389 1346 1570 1428 generalem
1592 1366 1683 1430 prae-

286 1446 476 1510 dicationem
509 1446 545 1509 in
578 1446 661 1510 dicto
695 1466 804 1530 regno,
837 1446 893 1510 ubi
927 1452 960 1511 et
993 1448 1118 1529 quoties
1153 1449 1304 1533 expedire
1339 1451 1485 1533 viderint,
1521 1451 1682 1534 100100100,

284 1550 502 1633 inquisitionis
525 1549 665 1614 officium
688 1557 799 1615 contra
814 1550 917 1615 labem
933 1534 1109 1615 haereticae
1124 1552 1289 1635 pravitatis
1313 1553 1480 1635 diligenter
1495 1561 1526 1618 et
1541 1554 1683 1637 sollicite,

282 1660 379 1738 prout
400 1654 481 1718 deus
506 1655 553 1719 eis
574 1654 705 1737 dedemt,
737 1660 958 1737 exsequantur
980 1661 1092 1718 contra
1114 1655 1296 1737 haereticos,
1328 1656 1503 1738 credentes,
1533 1640 1682 1740 10010000,

214 1765 247 1817 10
282 1759 465 1823 (1010000000
484 1764 517 1823 01
531 1765 745 1843 receptatores
760 1778 871 1822 eornm
886 1758 980 1822 iuxta
994 1765 1027 1822 et
1042 1758 1220 1822 secundum
1237 1758 1347 1823 eadem
1363 1764 1482 1823 0101010
1496 1762 1683 1826 auctoritate

281 1863 430 1946 praelata,
452 1852 659 1926 nihilominus
682 1863 715 1926 in
738 1863 842 1925 forma
864 1861 1015 1926 ecclesiae
1038 1882 1074 1925 ac
1097 1863 1274 1927 secundum
1297 1864 1438 1947 praefata
1452 1869 1572 1928 statuta
1586 1864 1682 1929 bene·

281 1964 389 2030 ficium
412 1966 622 2030 absolutionis
643 1966 838 2051 impendant,
861 1971 893 2029 et
916 1966 1086 2048 iniungant
1108 1967 1163 2042 eis,
1186 1966 1273 2048 quod
1296 1965 1414 2031 talibus
1436 1974 1485 2032 est
1504 1969 1682 2033 secundum

282 2077 402 2135 statuta
415 2071 599 2135 huiusmodi
613 2071 855 2154 iniungendum.
870 2069 1013 2152 ldeoque
1028 2069 1225 2134 nobilitatem
1238 2076 1326 2134 tuam
1340 2091 1499 2154 rogamus,
1515 2091 1682 2136 monemus

282 2180 315 2239 et
336 2177 501 2239 hortamur
523 2180 652 2257 0110010,
674 2175 708 2237 10
731 2175 949 2238 remissionem
970 2173 1027 2237 tibi
1043 2175 1263 2257 peccaminum
1286 2175 1499 2258 iniungentes,
1523 2182 1683 2257 00010000

213 2286 246 2338 15
282 2279 410 2344 eosdem
441 2279 655 2361 inquisitores,
688 2298 764 2341 curn
793 2278 833 2341 ad
863 2283 964 2341 terras
994 2277 1121 2341 easdem
1151 2277 1390 2359 declinaverint
1420 2299 1478 2363 pro
1503 2281 1683 2344 reverentia

281 2383 391 2446 divina
412 2390 445 2448 et
466 2383 550 2447 sedis
572 2383 764 2467 apostolicae
786 2402 822 2445 ac
838 2387 948 2445 nostra
962 2381 1099 2463 benigne
1114 2382 1247 2465 recipias
1263 2387 1295 2445 01
1310 2382 1483 2448 honorilice
1498 2390 1681 2467 pertractes,

282 2487 384 2551 eisin
406 2487 466 2551 hiis
489 2493 521 2551 et
543 2486 612 2550 aliis
635 2485 813 2567 consilium,
836 2484 993 2548 auxilium
1016 2492 1049 2548 01
1070 2485 1211 2548 levorem
1228 2486 1332 2549 taliter
1348 2487 1570 2570 impendendo,
1594 2488 1681 2569 quod

282 2591 342 2674 ipsi
372 2591 577 2654 commissum
604 2589 664 2653 sibi
687 2589 828 2653 officium
850 2590 985 2670 exsequi
1009 2588 1135 2652 valeant
1156 2588 1320 2671 inoffense,
1351 2595 1383 2653 01
1406 2610 1465 2654 000
1488 2590 1679 2655 sinceritatis

282 2700 357 2758 1000
379 2693 484 2759 zelum
506 2694 666 2778 possimus
687 2693 721 2756 in
744 2694 873 2757 domino
896 2694 1009 2757 merito
1031 2692 1263 2774 commendare,
1285 2697 1387 2775 10000
1407 2694 1524 2757 exinde
1539 2713 1680 2777 perenne

213 2804 248 2858 20
282 2797 412 2882 bonum,
444 2797 531 2879 quod
561 2799 630 2862 suis
658 2796 806 2862 fidelibus
828 2797 937 2861 divina
958 2798 1128 2862 clementia
1148 2796 1326 2881 pollicetur,
1356 2798 1397 2861 ad
1419 2797 1520 2860 divini
1542 2798 1682 2862 nominis

280 2901 407 2966 laudem
424 2907 457 2966 et
470 2902 594 2966 animae
617 2907 692 2966 tuae
707 2902 843 2966 salutem
858 2902 1012 2983 consequi
1027 2901 1185 2965 merearis.
1208 2899 1327 2965 Datum
1342 2901 1513 2983 Arinione,
1527 2900 1682 2966 Kalendis

283 3005 458 3089 Ilebman‘i,
480 3025 564 3070 anno
587 3006 766 3070 undecimo.

937 3282 1033 3367 453.

359 3445 652 3538 Aoipaoa1327
678 3447 838 3520 Febmor
855 3452 885 3520 1.
921 3447 1032 3539 Popst
1057 3447 1201 3520 Jotano
1228 3447 1359 3518 XXII.
1389 3447 1588 3540 beaustraqt
1614 3449 1681 3522 den

212 3585 246 3639 25
281 3568 577 3660 Prooiaaiolprior
606 3569 669 3640 der
694 3568 946 3642 Domiaitauer
980 3571 1017 3639 10
1052 3566 1207 3659 1100000,
1246 3591 1354 3661 pepon
1392 3569 1448 3640 die
1473 3568 1683 3642 Hoerotilcer

280 3691 319 3761 10
346 3688 607 3781 ereaturam,
635 3689 790 3762 Bosoiea
814 3690 889 3762 aad
915 3689 1098 3761 Slaaooiea
1124 3691 1189 3762 doe
1214 3691 1335 3763 Kreua
1359 3714 1403 3763 00
1422 3691 1602 3782 predicat.

437 3852 563 3923 11091010
585 3850 796 3908 701110οἶ0011ιο
813 3853 924 3908 Archiv.

437 3974 549 4030 110001.-
570 3974 686 4030 lamna
704 3973 783 4028 Mon.
801 3974 897 4045 Hunp.
916 3975 942 4042 1,
960 3980 1020 4030 613.
1045 3976 1229 4031 Deruuaiuou
1247 3975 1415 4030 Documenta
1433 3979 1493 4031 601.

436 4150 601 4215 lohannes
624 4150 794 4236 episeopus
809 4200 909 4215 .....
925 4151 1040 4215 (1110010
1062 4150 1127 4215 filio
1151 4196 1161 4216 .
1185 4198 1193 4215 .
1216 4152 1315 4235 priori
1337 4152 1524 4236 provinciali
1545 4153 1680 4218 fratrum

212 4260 248 4315 30
283 4254 403 4318 ordinis
424 4254 684 4319 Praedicatorum
707 4255 739 4318 10
765 4255 907 4339 Ungaria
929 4255 1065 4319 salutem
1088 4305 1216 4319 .....
1240 4254 1384 4320 Onerosa
1402 4256 1570 4341 pastoralis
1585 4255 1681 4321 officii

282 4359 398 4422 summi
420 4357 628 4441 dispositione
643 4358 789 4441 pastoris,
813 4359 869 4439 qui
891 4378 949 4442 pro
972 4360 1039 4424 0010
1062 4359 1177 4423 oribus
1199 4360 1336 4422 animam
1359 4360 1475 4443 posuit,
1498 4358 1591 4422 nobis
1606 4359 1682 4424 licet

281 4462 448 4526 immeritis
470 4481 548 4525 cura
569 4462 738 4526 commissa
759 4461 894 4526 sollicita
915 4464 1022 4548 pulsat
1044 4464 1196 4527 instantia
1218 4469 1356 4526 mentem
1372 4467 1522 4547 nostram,
1547 4470 1583 4527 ut
1598 4465 1681 4528 inter

281 4572 388 4630 cetera
414 4584 496 4649 quae
518 4566 662 4648 undique
685 4565 850 4631 confluant
872 4568 963 4650 quasi
985 4573 1111 4632 terrens
1132 4568 1221 4630 00010
1243 4572 1276 4630 01
1297 4566 1424 4630 diversa
1445 4567 1580 4649 negotia,
1609 4567 1680 4649 qui-

280 4669 384 4734 busre
406 4674 515 4734 noster
536 4670 662 4734 0010000
684 4670 829 4734 redditur
850 4671 1017 4757 multiplici
1039 4672 1193 4735 varietate
1215 4670 1395 4752 distractus,
1417 4670 1457 4732 ad
1473 4674 1680 4752 augmentum

212 4781 247 4835 35
282 4773 356 4839 fidei
384 4774 557 4839 catholicae
586 4775 662 4839 10110
687 4775 852 4840 desideriis
874 4776 1087 4856 intendamus,
1118 4795 1158 4839 ne
1181 4773 1374 4838 ambulantis
1396 4773 1430 4836 in
1453 4773 1589 4836 circuitu
1611 4772 1680 4857 lupi

282 4878 404 4962 rapacis
425 4879 543 4942 astutia
557 4898 634 4942 oves
656 4878 761 4962 gregis
781 4880 930 4943 dominici
954 4880 1056 4964 rapiat
1077 4887 1109 4943 01
1131 4879 1301 4962 disperdat,
1324 4876 1515 4960 quinimmo
1531 4877 1681 4941 derinea

281 4982 402 5046 domini
424 4982 517 5046 radix
531 4982 710 5064 iniquitatis
725 4983 899 5047 haereticae
921 4983 1111 5063 succidatur,
1134 4982 1267 5065 ipseque
1283 4980 1502 5045 exterminatis
1517 4979 1591 5045 inde
1607 4981 1680 5044 vul-

281 5087 410 5170 peculis,
427 5105 509 5169 quae
520 5086 680 5170 perversis
691 5086 849 5150 morsibus
861 5085 1078 5152 demoliuntur
1093 5086 1235 5167 eandem,
1251 5082 1679 5149 1000100011000100110011000

280 5190 435 5274 puritatis.
458 5191 600 5273 Ideoque
623 5190 806 5254 discretioni
823 5195 896 5253 1000
911 5208 969 5273 per
983 5190 1155 5273 apostolica
1170 5189 1288 5273 scripta
1303 5189 1499 5267 mandamus,
1520 5192 1680 5269 quatenus

211 5302 247 5356 40
282 5313 339 5377 per
353 5294 468 5359 1001000
483 5300 564 5375 1000,
588 5313 670 5375 0000
685 5295 726 5357 ad
741 5294 801 5357 hoc
816 5294 947 5358 idoneos
963 5294 1176 5378 deputaveris,
1192 5298 1305 5356 000100
1319 5310 1430 5356 omnes
1444 5291 1679 5374 Transilvanos,

281 5398 462 5464 Bosnenses
484 5404 517 5463 et
538 5397 734 5480 Sclaroniae,
758 5398 813 5480 qni
836 5397 986 5463 haeretici
1001 5396 1130 5479 inerint,
1152 5415 1210 5480 per
1225 5414 1359 5480 regnum
1375 5395 1535 5480 Ungariae
1551 5414 1679 5459 crucem

282 5502 377 5567 100100
399 5501 581 5586 praedicari.
604 5500 666 5578 Qui
689 5502 875 5566 auctoritate
898 5505 1008 5565 000100
1029 5498 1101 5582 illis,
1124 5500 1180 5581 qui
1202 5500 1307 5564 crucis
1321 5505 1484 5583 assumpto
1499 5499 1680 5563 charactere
