4086 6300
909 590 1064 685 2⁵1-

289 780 430 865 positum
460 779 687 862 Cybiniensem
718 778 859 843 indebite
889 786 923 843 et
950 779 1069 844 iniuste
1103 797 1200 861 super
1233 797 1270 842 eo
1304 776 1460 859 videlicet,
1495 776 1582 859 quod
1614 795 1689 840 cum

290 885 423 949 ecclesia
445 904 556 949 eorum
572 882 759 967 parochialis
775 882 978 964 Cybiniensis
1000 883 1155 947 libertatis·
1176 882 1341 966 privilegio
1364 880 1516 945 fulciatur
1537 880 1612 944 licet
1625 881 1689 943 iam

290 1007 347 1072 per
380 988 506 1070 aliquos
539 1007 641 1052 annos
674 988 786 1052 eadem
818 987 951 1052 ecclesia
984 994 1016 1051 et
1048 987 1190 1051 eiusdem
1225 985 1376 1050 ecclesiae
1408 984 1536 1069 plebani
1568 984 1658 1050 velut
1667 983 1688 1061 ¹)

292 1092 435 1176 oppressi
455 1111 513 1176 per
531 1092 733 1174 tyrannidem
749 1092 1003 1175 praepositorum
1025 1091 1119 1153 inviti
1142 1090 1275 1154 1666661
1290 1088 1518 1153 subiectionem
1541 1108 1579 1153 eo
1603 1089 1689 1171 quod

239 1205 255 1255 5
291 1197 384 1259 iuxta
410 1195 639 1259 continentiam
667 1194 821 1278 regalium
850 1195 1089 1278 privilegiorum
1122 1194 1214 1257 dictis
1243 1193 1380 1257 dominis
1403 1194 1482 1257 meis
1505 1200 1537 1257 et
1558 1194 1689 1277 provin·
1804 1236 1812 1250 .

290 1299 423 1363 cialibus
452 1300 626 1363 eorundem
657 1318 882 1363 concessorum
911 1299 1099 1382 parochialis
1132 1298 1265 1363 ecclesia
1295 1296 1497 1378 Cybiniensis
1529 1297 1690 1381 praedicta

290 1403 341 1466 ius
363 1402 478 1467 habeat
499 1403 640 1487 plenarie
662 1408 858 1486 patronatus,
882 1423 946 1485 quo
969 1404 1039 1467 iure
1061 1408 1249 1487 patronatus
1276 1402 1360 1464 idem
1383 1400 1535 1469 Nicolaus
1556 1420 1691 1485 praepo.

291 1508 372 1570 situs
402 1513 434 1571 et
462 1513 679 1571 antecessores
701 1506 842 1571 eiusdem
866 1508 1037 1591 praepositi
1060 1508 1200 1571 indebite
1224 1505 1454 1570 demembravit
1474 1506 1608 1570 eandem
1639 1525 1690 1569 ec·

290 1609 418 1673 clesiam
441 1615 473 1674 et
495 1610 754 1675 demembrarunt
776 1631 840 1674 non
865 1612 935 1675 iure
958 1611 1013 1675 sed
1036 1611 1128 1692 facto,
1150 1631 1223 1674 cum
1243 1610 1369 1674 nullum
1392 1610 1570 1693 superbiis
1592 1609 1689 1693 privi-

223 1721 257 1775 10
290 1712 410 1796 legium
432 1712 545 1777 habeat
566 1714 619 1778 vel
641 1714 812 1779 habuerint
833 1734 893 1779 nec
908 1715 1047 1797 aliquem
1064 1735 1192 1779 causam
1213 1713 1432 1778 rationabilem
1454 1713 1691 1796 praetenderint

290 1835 349 1883 nec
379 1818 573 1900 praetendat.
618 1819 758 1883 Attrahit
780 1820 865 1883 enim
886 1819 972 1883 idem
994 1820 1193 1902 praepositus
1216 1818 1276 1881 sibi
1298 1818 1437 1881 decimas
1459 1824 1491 1881 et
1513 1817 1689 1881 oblationes

290 1939 416 1984 necnon
439 1927 471 1985 et
492 1921 555 1984 alia
575 1922 646 1985 iura
668 1922 819 1986 ecclesiae
841 1923 1029 2006 parochialis
1050 1923 1230 2008 praedictae
1246 1928 1279 1986 et
1300 1922 1360 1986 sibi
1375 1926 1512 2006 usurpat
1534 1930 1566 1985 et
1580 1920 1690 1986 multis

291 2022 487 2109 temporibus
515 2025 655 2090 indebite
687 2027 855 2109 usurpavit
885 2032 922 2089 ut
952 2046 1010 2090 suo
1041 2027 1110 2091 loco
1141 2033 1174 2091 et
1203 2032 1345 2110 tempore
1376 2026 1451 2089 dieti
1485 2025 1606 2089 domini
1628 2026 1690 2088 mei

290 2128 417 2213 plenius
447 2129 655 2213 explicabunt
682 2130 760 2213 ipsis
791 2150 866 2193 curn
897 2130 1033 2195 dominis
1063 2131 1142 2194 meis
1173 2137 1206 2194 et
1235 2128 1408 2194 eorundem
1436 2129 1691 2194 antecessoribus

222 2243 255 2294 15
290 2239 355 2297 tam
378 2233 502 2297 civibus
531 2254 628 2316 quam
657 2234 801 2318 plebanis
830 2242 971 2317 tempore
1001 2233 1143 2298 eiusdem
1174 2234 1344 2318 praepositi
1375 2238 1408 2298 61
1438 2233 1574 2297 aliorum
1602 2238 1691 2297 ante-

290 2356 453 2402 cessorum
483 2357 615 2402 suorum
643 2338 896 2422 praepositorum
919 2357 960 2401 ex
983 2345 1061 2402 tunc
1083 2344 1178 2402 etex
1209 2357 1296 2402 nune
1328 2357 1425 2420 quam
1450 2338 1570 2422 pluries
1592 2337 1691 2401 reela·

290 2441 452 2505 mantibus
475 2448 507 2504 et
527 2443 638 2506 invitis
660 2462 708 2525 eo,
731 2442 818 2525 quod
840 2443 964 2524 antiqui
979 2442 1105 2525 plebani
1128 2442 1307 2525 praedictae
1322 2442 1473 2507 ecclesiae
1489 2440 1691 2523 Cybiniensis

252 2562 255 2566 “
291 2546 398 2609 omnia
426 2546 498 2609 iura
526 2546 625 2611 libere
658 2552 691 2610 et
713 2544 841 2630 pacifice
863 2545 1056 2630 possideant,
1090 2547 1159 2610 sine
1181 2546 1431 2610 contradictione
1454 2545 1562 2627 aliqua
1582 2563 1691 2629 peree-

291 2649 421 2732 pissent,
438 2668 502 2731 qua
516 2648 662 2714 libertate
678 2657 801 2714 ceterae
816 2650 967 2714 ecclesiae
978 2650 1174 2733 parochiales
1189 2649 1331 2714 eiusdem
1347 2649 1538 2734 provinciae,
1555 2667 1690 2730 quarum

222 2759 257 2813 20
291 2752 493 2834 Cybiniensis
523 2753 656 2818 eeclesia
684 2774 778 2838 saepe
808 2753 892 2817 diota
921 2754 1103 2838 principalis
1137 2760 1169 2818 et
1201 2755 1349 2838 primaria
1383 2772 1452 2817 esse
1486 2753 1690 2836 dignoscitur,

291 2857 393 2921 adhuc
415 2859 626 2942 pertruuntur
648 2857 741 2942 pleno
771 2859 850 2922 iure.
880 2858 955 2922 Sola
984 2864 1090 2922 autern
1114 2858 1247 2923 ecclesia
1268 2857 1455 2941 parochialis
1478 2856 1691 2938 Cybiniensis‚

290 2980 395 3044 aqua
417 2969 541 3027 ceterae
569 2962 720 3027 ecclesiae
749 2962 944 3046 parochiales
975 2963 1117 3027 eiusdem
1147 2963 1330 3046 provinciae
1360 2961 1515 3045 originem
1538 2980 1596 3025 seu
1617 2961 1691 3023 fun·

291 3065 451 3130 dationem
473 3072 688 3151 sumpserunt,
718 3068 785 3132 suis
807 3066 1006 3131 hbertatibus
1037 3072 1070 3131 61
1091 3066 1216 3129 iuribus
1238 3085 1303 3129 non
1330 3065 1517 3129 auctoritate
1540 3065 1693 3128 canonica

291 3169 347 3233 sed
370 3170 508 3252 quadam
536 3177 693 3255 potestate
723 3170 891 3252 tyrannica
923 3176 986 3234 stat
1007 3171 1132 3254 privata
1153 3170 1266 3234 ceteris
1289 3170 1430 3234 ecclesiis
1459 3167 1692 3252 parochialibus

222 3278 256 3334 25
291 3273 432 3337 eiusdem
454 3276 637 3358 provinciae
659 3274 719 3340 sub
736 3276 847 3339 eadem
868 3274 1014 3338 libertate
1029 3276 1212 3338 constitutis
1227 3274 1321 3358 pleno
1345 3273 1445 3349 iuret
1468 3272 1691 3357 gaudentibus,

291 3385 388 3461 prout
410 3379 557 3463 superius
588 3386 637 3443 est
666 3398 861 3464 expressum
903 3378 945 3441 Et
976 3379 1052 3460 quia
1074 3379 1169 3442 etiam
1192 3379 1292 3442 multo
1315 3384 1457 3462 tempore
1479 3377 1692 3461 malignorum

290 3482 443 3565 iniquitas
472 3483 651 3567 praevaluit
680 3482 829 3548 videlicet
856 3488 920 3546 tam
950 3482 1073 3546 invasio
1095 3481 1298 3545 Tartarorum
1329 3502 1426 3564 quam
1456 3482 1552 3545 etiam
1582 3487 1692 3562 tyran·

290 3605 406 3649 norum
436 3592 539 3651 terrae
570 3588 732 3671 oppressio
763 3586 851 3668 adeo,
887 3586 973 3669 quod
1004 3586 1114 3650 nullus
1137 3587 1184 3650 uti
1206 3587 1312 3670 potuit
1341 3605 1399 3650 suo
1422 3586 1492 3649 iure
1515 3604 1574 3648 nee
1597 3586 1692 3647 etiam

291 3690 407 3772 aliquis
437 3697 566 3774 propter
589 3693 713 3755 viarum
744 3692 927 3755 discrimina
957 3696 989 3753 et
1012 3696 1130 3754 statum
1152 3691 1243 3774 regni
1266 3690 1425 3774 Vngariae
1447 3687 1692 3770 intranquillum

222 3800 257 3854 30
291 3794 446 3858 hactenus
468 3814 558 3858 suam
581 3796 744 3877 requirere
766 3795 872 3877 potuit
889 3794 1077 3877 libertatem,
1101 3796 1158 3876 qui
1180 3801 1282 3858 status
1298 3792 1525 3876 intranquillus
1547 3812 1621 3855 cum
1636 3811 1693 3875 per

291 3899 431 3962 divinam
453 3900 587 3982 gratiam
610 3906 642 3962 et
656 3919 714 3982 per
728 3898 934 3962 illustrissimi
957 3899 1078 3961 domini
1094 3896 1203 3962 Karoli
1225 3898 1309 3981 regis
1321 3897 1480 3981 Vngan'ae
1503 3896 1693 3960 industriam

289 4003 351 4064 iam
374 4004 409 4065 in
438 4003 553 4067 melius
583 4004 624 4067 sit
653 4022 828 4068 conversus
858 4003 911 4085 ita,
947 4009 983 4066 ut
1012 4003 1137 4066 viarum
1160 4001 1396 4066 discriminibus
1427 4006 1459 4064 et
1481 4006 1691 4081 tyrannorum

293 4108 551 4191 oppressionibus
574 4127 631 4190 per
655 4108 792 4172 eundem
814 4108 878 4170 iarn
892 4106 1091 4170 cessantibus
1113 4112 1146 4170 61
1160 4106 1296 4190 repulsis
1318 4105 1416 4169 libere
1436 4109 1542 4188 pateat
1563 4101 1694 4166 cuilibet

292 4211 457 4293 requisitio
481 4211 531 4274 sui
554 4212 641 4275 iuris.
664 4211 749 4275 Hinc
770 4218 819 4276 est
842 4210 930 4294 quod
952 4231 1049 4294 super
1072 4209 1241 4293 praedictis
1263 4214 1296 4272 et
1318 4209 1433 4273 ceteris
1454 4205 1693 4291 gravaminibus

221 4320 256 4372 35
292 4335 374 4397 quae
395 4316 466 4379 loco
490 4322 522 4379 et
544 4321 686 4399 tempore
708 4315 810 4379 dictes
833 4314 978 4378 dominos
1000 4333 1088 4377 meos
1120 4311 1268 4376 videlicet
1290 4312 1551 4375 communitatem
1574 4310 1693 4374 civium

291 4418 330 4483 de
353 4419 489 4501 Cyhinio
512 4425 545 4483 et
566 4419 731 4483 donnnum
751 4419 993 4501 Heydenricum
1015 4417 1156 4482 eiusdem
1179 4416 1242 4480 loci
1264 4416 1436 4499 plebanum
1458 4414 1555 4479 offero
1578 4414 1692 4498 proba-

292 4530 380 4588 turos
402 4544 460 4608 pro
482 4524 602 4588 eisdem
624 4530 736 4589 contra
759 4524 879 4587 dictum
902 4523 1067 4587 dominum
1089 4520 1256 4586 Nicolaum
1284 4520 1501 4605 praepositum
1523 4519 1564 4582 ad
1586 4519 1694 4583 sedem

292 4629 497 4712 apostolicam
519 4628 643 4712 appello
667 4633 699 4691 et
721 4626 965 4712 appellationem
981 4628 1111 4707 innovo,
1134 4625 1258 4709 appello
1282 4630 1314 4688 61
1336 4624 1452 4688 iterum
1476 4622 1599 4707 appello
1621 4629 1654 4687 61
1675 4643 1695 4686 a

291 4733 382 4797 vobis
404 4732 642 4798 venerabilibus
664 4732 808 4816 patribus
831 4737 864 4795 et
879 4730 1016 4795 dominis
1030 4731 1200 4814 praedictis
1220 4736 1294 4813 peto
1316 4727 1478 4812 apostolos
1493 4733 1525 4791 61
1539 4727 1694 4791 instanter

213 4830 257 4897 '40
291 4837 462 4901 instantius
485 4837 713 4901 instantissime
735 4834 872 4920 postulo,
895 4835 971 4897 mihi
994 4834 1061 4897 dari
1076 4833 1178 4897 dictos
1201 4833 1347 4896 dominos
1370 4852 1458 4895 meos
1480 4837 1512 4895 et
1534 4831 1619 4894 bona
1640 4849 1694 4894 ee-

292 4941 428 5006 mndem
450 4941 579 5004 mobilia
601 4947 633 5004 et
648 4939 822 5003 immobilia
844 4944 876 5002 et
898 4957 1008 5001 omnes
1031 4937 1150 5001 eisdem
1166 4936 1373 5000 adhaerentes
1388 4954 1514 4999 necnon
1529 4933 1694 4999 ecclesiam

292 5044 518 5127 (lybiniensem
539 5043 752 5129 parochialem
773 5046 990 5126 praenotatam
1010 5060 1085 5105 cum
1107 5040 1256 5104 omnibus
1272 5040 1339 5103 suis
1361 5038 1553 5103 utilitatibus
1568 5043 1601 5101 et
1622 5057 1694 5121 per-

291 5148 433 5213 tinentiis
456 5148 648 5231 protectioni
669 5147 770 5232 ipsius
792 5145 877 5210 sedis
892 5144 1082 5228 apostolicae
1097 5142 1334 5224 committendo,
1355 5142 1451 5207 offero
1475 5143 1570 5205 etiam
1593 5140 1694 5205 dictos

291 5250 437 5316 dominos
466 5271 554 5316 meos
584 5270 680 5336 super
709 5251 770 5314 hiis
798 5249 900 5334 ipsius
930 5249 1046 5313 summi
1075 5246 1235 5332 pontificis
1265 5245 1317 5311 vel
1345 5247 1415 5310 eius
1446 5244 1581 5329 delegati
1611 5249 1694 5311 stare

222 5391 256 5443 45
451 5390 472 5457 ¹)
494 5387 628 5457 Vorzape:
645 5385 732 5441 velud.

448 5476 470 5545 ’1
489 5473 619 5541 Hieram*
631 5472 786 5527 mdtmals:
803 5472 868 5526 iura
