4086 6300
908 610 1060 705 *sp-r—

440 796 507 861 Nos
529 797 705 880 capitulum
721 798 871 861 hlbensis
894 798 1044 862 ecclesiae
1059 799 1142 862 beati
1158 797 1320 861 Michaelis
1340 796 1519 879 archangeli
1534 796 1684 878 Transyl-

283 899 444 964 vaniensis
463 901 611 965 omnibus
627 951 726 965 .....
744 903 830 984 quod
847 902 932 967 Beke
954 903 1040 966 filius
1057 902 1206 986 Stephani
1230 902 1269 965 de
1284 901 1469 984 Dengelegb
1491 901 1683 966 castellanus

284 1005 323 1069 de
337 1004 501 1069 Balvauus
523 1005 682 1088 magnifici
707 1007 765 1068 riri
781 1005 888 1070 Deseu
911 1007 1065 1069 vaivodae
1080 1006 1292 1087 Transyluaui
1314 1010 1347 1068 et
1368 1005 1492 1068 comitis
1516 1005 1555 1069 de
1571 1005 1683 1068 Zonulr

283 1127 390 1172 coram
412 1108 505 1172 nobis
527 1110 736 1191 personaliter
758 1110 952 1174 constitutus
974 1111 1114 1193 graviter
1137 1110 1296 1193 exposuit,
1321 1109 1457 1190 qualiter
1479 1109 1630 1172 Nicolaus
1653 1116 1686 1172 et

232 1218 249 1272 5
283 1211 424 1277 lacobus
444 1212 502 1275 filii
525 1213 596 1296 Apa
618 1232 682 1276 uon
705 1213 813 1277 audite
837 1213 905 1296 ipso
928 1212 1094 1295 magnifico
1118 1212 1186 1275 viro
1209 1211 1316 1277 Desen
1339 1233 1427 1276 nunc
1448 1214 1482 1276 in
1505 1214 1684 1276 exercitua-

284 1317 370 1381 tione
386 1317 603 1381 universitatis
623 1316 776 1380 nobilium
793 1324 914 1401 septem
937 1318 1146 1380 comitatuum
1160 1315 1451 1398 Transylvanorum
1476 1335 1518 1380 ex
1534 1317 1683 1379 mandato

281 1421 386 1505 regiae
401 1421 581 1486 serenitatis
595 1425 748 1504 occupato
764 1426 797 1485 et
811 1421 939 1485 detento
956 1441 1013 1504 per
1027 1421 1172 1484 homines
1187 1425 1220 1484 et
1234 1419 1417 1503 iobagIones
1440 1440 1516 1484 suos
1539 1420 1578 1485 dc
1594 1427 1679 1485 terra

283 1525 375 1589 Beud
397 1530 429 1588 et
444 1523 554 1588 Maian
577 1525 774 1606 reliquisque
795 1525 1052 1609 possessionibus
1074 1524 1141 1587 suis
1168 1524 1319 1587 continue
1342 1530 1442 1588 metas
1463 1525 1565 1608 ipsius
1587 1526 1682 1589 castri

283 1628 446 1692 Balranns
466 1628 617 1692 infestare
638 1636 852 1711 praesumant
883 1630 962 1712 quin
990 1629 1087 1691 immo
1110 1628 1184 1691 licet
1206 1632 1293 1691 totus
1315 1630 1485 1692 comitatus
1507 1629 1547 1693 de
1572 1629 1684 1692 Zonulr

216 1737 250 1792 10
283 1731 422 1815 partium
435 1730 726 1812 lbansylvanamm
742 1733 876 1815 eiusque
896 1735 1113 1816 possessiones
1129 1733 1299 1795 universae
1313 1732 1431 1796 iudicio
1446 1732 1547 1815 ipsius
1562 1732 1683 1795 demini

283 1835 440 1899 vmvodae
461 1836 495 1897 ri
517 1836 660 1899 muneris
682 1836 732 1899 sui
754 1836 930 1900 vaivodalis
953 1836 1131 1916 subessent,
1158 1841 1264 1899 tamen
1286 1837 1346 1919 ipsi
1370 1841 1552 1920 contempta
1574 1842 1683 1900 aucto-

283 1939 377 2004 ritate
399 1938 519 2003 domini
540 1939 695 2003 vairodae
711 1939 920 2004 differentiam
942 1947 1098 2004 metarum
1114 1959 1221 2002 coram
1236 1941 1386 2023 magistro
1401 1939 1563 2004 Demetrio
1581 1945 1685 2004 taver-

283 2044 429 2107 nicerum
452 2042 572 2107 domini
594 2044 678 2126 regis
700 2064 758 2128 per
780 2043 945 2107 dominum
960 2061 1068 2125 regem
1089 2062 1147 2127 pro
1163 2043 1268 2107 iudice
1291 2043 1331 2107 ad
1347 2044 1522 2127 capitulum
1538 2050 1684 2108 nostrum

284 2154 396 2213 contra
423 2148 565 2233 hospites
595 2149 634 2212 de
657 2148 828 2232 Ompoioza
857 2152 889 2211 et
911 2145 1105 2210 Obrudbana
1135 2146 1286 2231 deputate
1314 2148 1348 2211 in
1371 2147 1563 2231 derogamen
1584 2149 1686 2232 ipsius

219 2258 251 2311 15
288 2252 407 2314 dondni
430 2252 584 2316 vaivodae
606 2252 700 2317 valde
718 2270 870 2334 magnum
886 2250 1094 2315 dirimendam
1110 2252 1234 2315 trabere
1248 2250 1403 2335 pertinaci
1418 2270 1500 2315 ausu
1515 2252 1686 2334 volueriut,

283 2356 420 2419 hincne
443 2375 500 2439 per
528 2356 706 2419 inauditum
737 2361 928 2419 attentatum
958 2356 1059 2419 isthoc
1089 2355 1213 2418 iuribus
1244 2355 1363 2418 domini
1395 2357 1550 2420 vaivodae
1578 2362 1611 2420 et
1632 2377 1686 2419 co-

154 2496 163 2507 ·
284 2459 370 2523 mitis
385 2458 424 2523 de
436 2459 549 2523 Zonulr
563 2461 701 2543 partium
712 2459 1012 2541 Transylvanarnm,
1034 2460 1087 2523 cui
1103 2459 1232 2539 quidem
1248 2460 1411 2522 comitatui
1426 2458 1685 2542 praedecessores

286 2583 415 2646 quoque
438 2564 488 2627 sni
510 2563 664 2627 vairodae
685 2564 896 2645 Transylvani
927 2563 966 2626 ab
996 2564 1072 2626 olim
1094 2563 1211 2645 iugiter
1232 2563 1390 2647 probrisse
1413 2561 1508 2645 plena
1529 2568 1685 2646 potestate

284 2668 526 2752 dignoscuntur,
556 2668 781 2732 detrimentum
805 2668 915 2732 inferri
937 2669 1100 2750 contingat
1126 2671 1238 2730 contra
1259 2665 1342 2730 filios
1363 2668 1435 2750 Apa
1458 2666 1558 2731 dictos
1580 2673 1686 2750 prote-

215 2778 250 2835 20
285 2771 398 2835 stando
421 2790 529 2835 coram
551 2772 643 2836 nobis
665 2772 860 2836 conhadixit
881 2773 995 2836 harum
1016 2778 1199 2835 nostrarum
1221 2771 1331 2854 rigore
1353 2775 1386 2833 et
1408 2771 1590 2835 testimonio
1612 2770 1684 2834 lite-

284 2895 393 2940 rarum
415 2875 583 2941 mediante.
605 2875 724 2940 Datum
747 2877 781 2940 in
804 2877 925 2940 octaris
946 2876 1161 2958 PentecosteS,
1188 2894 1272 2939 anno
1296 2875 1416 2938 domini
1442 2852 1476 2938 it
1501 2852 1685 2940 (150.ss

942 3222 1031 3305 ate.

365 3403 758 3477 Temesaor1320Jaaa'
766 3407 803 3475 2.
820 3403 1397 3476 ooasactotameisternemeasaa
1408 3401 1540 3494 spricbt
1554 3401 1610 3472 dic
1618 3398 1687 3472 Ba·

284 3527 464 3618 scrupea
487 3525 703 3617 Ompolpiaaa
720 3525 794 3596 aad
811 3524 1048 3617 Abacdbdnpa
1071 3527 1147 3596 dem
1173 3522 1454 3614 Wesaacnbarper
1471 3521 1615 3613 Kapitel
1630 3544 1684 3592 aa.

216 3689 250 3744 25
443 3689 519 3760 θήρ.
538 3691 619 3759 Peru.
638 3688 847 3758 Kopitclardtio
865 3689 1033 3759 Karlsburp.
1061 3688 1149 3759 Stoyci
1172 3689 1256 3754 ruod,
1279 3686 1477 3741 Bardamasser
1499 3688 1542 3740 5·6
1563 3684 1685 3752 Gentius„

389 3794 449 3832 soor
466 3777 498 3831 ἐκ
514 3777 621 3832 weiaaea
644 3776 745 3831 Waeba
763 3777 821 3844 aas
833 3775 882 3830 der
900 3775 1043 3830 Rawksdtc
1062 3775 1250 3845 auspedn'acbt.

440 3898 552 3953 anlr:
576 3896 707 3952 &aedos
730 3897 842 3952 Nots'tia
859 3900 902 3952 27.
933 3897 1020 3964 chtr
1040 3896 1130 3952 Codex
1152 3895 1241 3962 VIII,
1258 3899 1285 3963 2,
1302 3898 1363 3951 2⁷8.
1390 3893 1574 3948 Dammana
1592 3893 1685 3948 Deca-

387 3990 473 4040 mentc
491 3988 551 4040 580.

440 4105 553 4176 asem.-
575 4105 738 4160 rarescat
755 4106 801 4160 aa
820 4109 896 4173 zoae,
914 4109 974 4160 aaa.

218 4289 253 4345 30
444 4280 628 4346 Demetrius
649 4282 800 4364 magister
821 4282 1057 4346 tavernieorum
1080 4281 1200 4344 domini
1222 4280 1306 4363 regis
1320 4279 1404 4343 inter
1426 4278 1579 4342 discretos
1599 4278 1687 4341 viros

286 4385 461 4470 capitulum
484 4385 635 4449 ecclesiae
665 4386 748 4449 beati
771 4385 946 4468 Mychaelis
976 4384 1156 4469 archangeli
1177 4383 1421 4448 'lranssilnanae
1447 4381 1486 4444 ab
1510 4401 1575 4446 nna
1596 4387 1686 4465 parte

286 4496 318 4555 et
344 4491 429 4554 inter
458 4489 599 4573 hospites
629 4489 668 4553 de
691 4488 790 4553 Craco
820 4494 853 4552 et
874 4489 956 4572 Igun
988 4508 1029 4552 ex
1059 4488 1158 4553 altera
1179 4489 1214 4551 in
1244 4488 1327 4551 iacto
1349 4486 1586 4570 possessionum
1611 4485 1686 4549 Om-

285 4594 409 4678 peycha
429 4599 462 4657 et
484 4592 690 4657 Obrudbania
711 4598 899 4657 vccamrum
928 4613 986 4677 per
1007 4593 1170 4657 dominum
1202 4596 1347 4655 nostrum
1369 4608 1476 4672 regem
1499 4608 1557 4673 pro
1580 4588 1685 4653 iudice

286 4699 466 4781 deputatus,
497 4697 609 4761 damus
638 4717 697 4782 pro
726 4697 887 4779 memoria
919 4698 1101 4780 quodcum
1125 4697 1164 4759 ad
1186 4694 1372 4758 mandatum
1402 4712 1459 4757 seu
1481 4698 1686 4777 praeceptum

217 4809 251 4863 35
287 4800 407 4866 domini
429 4801 513 4885 regis
534 4800 707 4865 literatorie
730 4800 886 4865 directmn
909 4800 1031 4864 dictum
1052 4798 1227 4882 capitulum
1243 4803 1354 4861 centra
1373 4797 1532 4881 praefatos
1546 4797 1687 4880 hospites

286 4905 320 4967 in
343 4905 464 4969 cebris
478 4904 714 4983 Pentecostes1)
737 4924 844 4967 ceram
867 4905 935 4987 ipso
959 4904 1087 4967 domino
1110 4920 1185 4985 rege
1207 4919 1390 4984 comparere
1413 4907 1446 4964 et
1460 4905 1597 4982 utraque
1613 4919 1687 4983 pars

286 5028 346 5072 sna
366 5009 580 5073 instrumenta
608 5029 704 5092 super
733 5008 816 5072 facte
847 5007 1002 5071 dictarum
1033 5005 1271 5089 possessionum
1294 5004 1477 5088 Ompeycha
1505 5009 1537 5068 et
1559 5002 1686 5067 Obrud-

285 5112 381 5177 bania
402 5112 553 5177 exhibere
576 5112 769 5195 debuissent,
792 5110 1037 5176 advenientibus
1051 5110 1128 5193 ipsis
1145 5109 1266 5173 octavis
1289 5110 1438 5192 magister
1451 5107 1568 5171 Petrus
1583 5106 1685 5169 archi·

286 5216 439 5280 diaeonus
468 5216 507 5281 de
537 5215 667 5280 Zonuch
697 5221 729 5279 et
761 5214 902 5278 decanus
933 5214 1085 5298 praedicti
1115 5213 1245 5297 capituli
1279 5219 1311 5277 et
1344 5213 1494 5297 magister
1522 5209 1686 5274 lohannes

216 5327 252 5382 to
287 5320 526 5384 archidiaconns
556 5319 595 5383 de
619 5318 686 5384 Oad
715 5339 789 5382 cum
818 5319 1045 5403 procuratoriis
1073 5318 1173 5382 literis
1202 5317 1303 5401 ipsius
1332 5315 1463 5399 capituli
1490 5333 1548 5399 pro
1571 5313 1683 5377 eodem

442 5490 464 5558 ¹)
480 5488 546 5546 Mas·
562 5492 605 5546 25.
