4084 6302
912 660 1066 760 jot—

950 849 1042 935 547.

369 1015 561 1088 Sacntimre
591 1018 696 1087 1339
731 1015 891 1088 Fcbroor
916 1020 974 1086 14.
1025 1013 1261 1088 Viaewoiwode
1295 1015 1422 1087 Petras
1457 1014 1594 1087 mauolt
1628 1012 1693 1084 dos

299 1135 579 1227 Waiaseoburper
613 1136 759 1228 Kopitel
795 1159 854 1207 um
889 1137 1121 1226 Eiasttnmaq
1160 1137 1223 1207 der
1258 1134 1370 1208 Sotae
1406 1127 1587 1207 Nikoloua'
1627 1157 1693 1206 voa

294 1257 471 1350 Troppold
495 1258 533 1328 ia
559 1258 626 1329 dea
652 1257 772 1329 Besita
796 1280 861 1329 con
895 1256 1114 1330 Weiaoloircb.

239 1423 256 1475 b
447 1421 604 1489 Abaobrift:
631 1422 754 1476 Trouacb
771 1421 894 1492 Diplcm.
917 1422 969 1476 vol.
993 1422 1086 1475 minus
1110 1421 1180 1476 roob
1203 1422 1278 1476 sister
1301 1419 1376 1474 aiobt
1399 1419 1486 1474 nuber
1508 1418 1692 1474 bezeicbncten

394 1508 546 1575 Abacbrs'ft.

447 1684 533 1747 Viris
555 1683 699 1748 discretis
722 1688 754 1747 et
776 1684 918 1748 honestis
949 1684 1086 1747 dominis
1109 1690 1140 1748 et
1162 1684 1271 1748 amicis
1294 1683 1361 1748 suis
1383 1681 1569 1747 reverendis
1591 1682 1691 1745 hono·

292 1787 380 1850 rabili
405 1787 544 1871 capitulo
574 1788 725 1852 ecclesiae
747 1787 897 1850 Albensis
925 1787 1151 1851 transilvanae
1181 1787 1298 1851 Petrus
1325 1786 1534 1851 rieevaivoda
1553 1784 1691 1849 Troum·

292 1911 396 1954 vanus
418 1892 586 1955 amicitiam
609 1898 751 1975 paratam
767 1899 799 1954 et
821 1910 855 1955 se
870 1896 973 1954 totum
996 1911 1068 1954 oum
1093 1891 1222 1954 bonore.
1245 1890 1409 1955 Nunoiant
1424 1889 1517 1954 nobis
1532 1889 1691 1970 Salomon,

225 2002 257 2055 10
293 1995 408 2060 Petrus
436 2001 469 2059 et
490 1994 641 2060 Nicolaus
670 1994 727 2057 lilii
750 1995 872 2058 Nicolai
895 1995 934 2058 de
956 1995 1094 2078 Apoldia
1115 2014 1172 2079 per
1194 1995 1355 2077 quendam
1381 1993 1538 2058 famulum
1561 1994 1690 2058 nomine

289 2099 439 2163 l'homam
454 2118 616 2181 magnum,
640 2098 726 2180 quod
750 2098 906 2180 quaedam
928 2099 1086 2182 possessio
1101 2099 1326 2182 Feyeregybaz
1346 2104 1459 2163 vocata
1479 2099 1515 2162 in
1536 2098 1691 2162 comitatu

291 2202 451 2286 Segusvar
472 2204 615 2287 ipsorum
638 2206 723 2265 esset
753 2200 950 2265 hereditaria.
988 2201 1036 2265 Ob
1060 2203 1119 2266 boc
1142 2210 1279 2267 vestram
1303 2203 1498 2285 requirimus
1521 2203 1692 2267 amicitiam

291 2307 500 2389 personaliter
522 2307 698 2389 diligenter,
725 2310 885 2387 quatenus
907 2312 1051 2368 vestrum
1074 2307 1206 2370 mittatis
1229 2307 1389 2371 hominem
1411 2308 1483 2372 vioe
1504 2312 1612 2372 vestm
1632 2327 1691 2391 pro

292 2410 473 2475 testimonio
495 2410 558 2475 fide
588 2409 730 2493 dignum,
761 2427 825 2489 quo
849 2414 1015 2491 praesente
1038 2408 1225 2475 Dominious
1250 2410 1336 2475 filius
1358 2412 1478 2476 Beztur
1500 2411 1551 2476 vel
1574 2411 1692 2475 Petrus

225 2522 256 2572 lo
292 2513 377 2578 filius
399 2515 526 2598 Georgii
556 2514 655 2577 altero
686 2513 817 2576 absente
847 2512 941 2575 bomo
972 2519 1082 2577 noster
1102 2516 1231 2579 accedat
1257 2515 1430 2579 adfaciem
1454 2515 1596 2580 eiusdem
1620 2535 1692 2600 pos·

291 2619 442 2682 sessionis
456 2619 670 2701 Fejeregylraz
694 2623 897 2701 nuncupatae
912 2635 969 2700 per
991 2622 1116 2681 veteres
1130 2622 1231 2680 metas
1253 2624 1285 2681 et
1300 2619 1449 2701 antiquas
1463 2619 1691 2684 reambulando

291 2728 409 2788 statuat
430 2723 548 2787 eisdem
572 2722 740 2803 Salomoni,
770 2722 866 2785 Petro
896 2728 929 2785 et
951 2720 1082 2785 Nicolao
1104 2720 1178 2785 filiis
1200 2721 1323 2785 Nicolai
1354 2729 1428 2788 ante
1450 2723 1543 2787 dictis
1575 2723 1691 2787 sinon

292 2826 390 2890 fuerit
411 2826 653 2907 contradictum,
676 2826 925 2890 contradictores
945 2831 1052 2889 autem
1074 2825 1101 2888 si
1125 2825 1181 2907 qui
1203 2826 1385 2891 exstiterint
1406 2831 1518 2891 contra
1532 2827 1692 2911 praelatos

291 2927 374 2992 filios
395 2927 519 2992 Nicolai
548 2928 588 2991 ed
615 2934 758 2992 nostram
788 2928 927 3012 legitime
957 2930 1034 2994 citet
1062 2930 1275 3014 praesentiam
1304 2931 1344 2994 ad
1370 2930 1542 2995 terminum
1565 2949 1692 3016 compe

223 3038 258 3092 ‘20
293 3036 421 3097 tentem.
457 3032 500 3096 Et
528 3037 601 3116 post
629 3032 707 3095 haec
733 3032 817 3096 diem
839 3032 998 3096 citationis
1029 3032 1070 3096 sd
1099 3033 1271 3097 terminum
1293 3035 1490 3118 assignatum
1512 3053 1587 3099 oum
1609 3034 1691 3099 serie

293 3137 391 3200 totius
413 3136 488 3200 iacti
510 3135 603 3199 uobis
625 3136 658 3198 in
674 3136 774 3200 literis
790 3136 904 3200 vestris
920 3138 1018 3201 vestri
1040 3138 1141 3220 gratia
1162 3137 1352 3221 rescribatis,
1373 3144 1471 3222 prout
1484 3138 1562 3203 haec
1586 3139 1693 3202 omnio

272 3240 325 3317 ¹in
349 3238 449 3304 literis
471 3238 631 3323 magnifici
653 3240 715 3303 riri
738 3236 915 3324 [domini]¹)
938 3242 1040 3304 nostri
1061 3241 1197 3305 Thomae
1224 3242 1379 3307 vaivodse
1400 3243 1611 3324 Transylvaui
1634 3261 1692 3306 ex-

292 3361 401 3427 presse
416 3343 531 3408 videtis
545 3344 710 3408 contineri.
737 3343 856 3408 Datum
871 3345 904 3407 in
920 3351 1030 3408 sancto
1046 3344 1201 3427 Emerioo,
1217 3346 1375 3410 dominica
1389 3346 1440 3411 die
1457 3347 1603 3431 proxima
1616 3353 1691 3412 ante

260 3466 263 3473 ’
293 3446 408 3509 festum
425 3446 536 3512 beatae
554 3446 741 3530 Eleonorae,
764 3468 848 3512 auno
864 3449 984 3512 domini
1000 3449 1167 3513 millesimo
1183 3451 1405 3515 trecentesimo
1420 3451 1580 3515 tricesimo
1596 3469 1691 3514 nono.

223 3766 258 3820 as
947 3743 1042 3826 548.

371 3905 647 3978 Hermonustodt
682 3910 787 3978 1339
818 3906 977 3978 Februor
1012 3910 1073 3978 17.
1133 3906 1251 3979 Comes
1276 3906 1390 3978 Jokob
1415 3908 1490 3979 aad
1520 3907 1692 3981 Gonoessa

293 4026 424 4099 ordaon
450 4028 524 4099 eine
542 4027 940 4120 Hottcrtoayclepenbeit
965 4028 1129 4101 zwiacben
1150 4028 1326 4100 Talmeacb
1352 4029 1426 4100 aad
1444 4027 1689 4122 Scbellcubcrq.

450 4191 527 4262 utiq.
539 4191 620 4261 Pero.
634 4190 767 4260 Eoonpel.
780 4190 998 4246 Kirrbcnorcbiv
1008 4191 1112 4261 Ascalo.
1125 4191 1191 4246 Bet.
1205 4190 1399 4262 Scbelleaberp.
1418 4190 1514 4263 Sicori,
1527 4191 1692 4262 barmim,

395 4278 502 4331 wdaoea
526 4277 635 4345 Woclra,
653 4295 692 4331 ou
708 4277 799 4346 estber
817 4275 1019 4332 &demetam
1036 4277 1200 4347 onpebonyt,
1219 4278 1338 4332 dersclbe
1356 4277 1473 4347 Sumpsi
1489 4279 1540 4334 wie
1558 4279 1613 4333 Nr.
1630 4282 1691 4333 296.

395 4393 430 4403 -
442 4363 498 4420 Die
520 4363 651 4418 Urlruadc
667 4362 704 4416 ist
722 4363 792 4416 oum
810 4363 999 4434 differerebat
1009 4380 1063 4418 oon
1080 4364 1133 4418 deo
1146 4363 1365 4419 Siebenricbtern
1384 4368 1453 4419 13777
1469 4365 1529 4418 aad
1548 4368 1617 4418 1108
1633 4364 1692 4417 aad

395 4467 448 4504 oon
466 4450 525 4503 dem
543 4449 766 4518 Weissenbaryrr
784 4449 899 4518 Kopitel
918 4455 993 4515 1412,
1014 4450 1108 4520 θήρᾳ.
1127 4450 1259 4520 Eeanpcl.
1278 4449 1495 4505 Kircbcuorcbio
1508 4450 1612 4520 Aupsb.
1625 4450 1691 4505 Bet.

397 4534 591 4603 &tollentem

448 4710 516 4774 Nos
534 4709 675 4774 Jacobus
697 4718 729 4775 et
748 4710 891 4781 Michael,
913 4711 1077 4793 Nycolaus
1099 4717 1131 4775 et
1144 4711 1303 4776 Martinus
1326 4713 1457 4777 comites
1472 4712 1692 4795 Cybinienses,

293 4831 399 4876 comes
416 4814 572 4897 Georgius
595 4813 634 4877 de
649 4813 734 4878 Rufo
756 4816 899 4896 monte,¹)
923 4834 1030 4878 comes
1045 4814 1220 4879 Gobelinus
1235 4816 1333 4880 irater
1351 4816 1494 4880 eiusdem
1517 4816 1557 4879 de
1571 4816 1693 4898 eodem,

223 4924 258 4977 35
293 4935 400 4980 comes
421 4916 584 4999 Nycolaus
614 4915 700 4980 lilius
728 4918 852 4981 comitis
873 4918 1027 4996 Blauus⁸)
1058 4920 1097 4983 de
1123 4920 1319 5004 Boroperg‚⁴)
1348 4940 1455 4986 comes
1477 4919 1623 4983 Andreas
1653 4919 1693 4981 de

291 5020 498 5103 Thalheym,⁶)
529 5039 636 5084 comes
658 5019 783 5102 Danyel
814 5022 853 5086 de
876 5022 1083 5087 Castenboloa
1113 5044 1149 5087 ao
1180 5044 1287 5089 comes
1310 5025 1473 5107 Nycolaus
1503 5024 1543 5086 de
1565 5022 1692 5106 Eppen·

449 5192 469 5260 ¹)
492 5190 625 5261 Vorlope:
641 5191 665 5245 si
683 5232 792 5246 .....

447 5277 470 5347 ¹)
488 5281 565 5345 13⁷2,
583 5282 666 5333 1408:
684 5278 859 5334 Ruilomonta.
970 5323 972 5329 .

447 5366 470 5433 ⁸)
488 5368 570 5419 1372:
588 5363 689 5420 Blairm

223 5452 259 5506 40
449 5452 471 5521 ⁴)
489 5455 573 5507 1372.-
590 5452 734 5522 Burgperg.
755 5456 838 5507 1408:
856 5453 1017 5523 Burchperg.

449 5539 470 5606 ⁸)
489 5541 572 5592 1412:
590 5538 737 5608 lhalhaym.

398 5656 591 5703 mouentum.
