4088 6292
1014 597 1076 661 172

499 784 575 854 θήρ.
593 787 674 856 Pera.
700 786 908 854 Kopitelarcbic
931 784 1098 854 Karlaburp.
1128 783 1216 854 Sleqel
1238 800 1298 837 war
1322 784 1485 853 anycbdnpt.
1504 813 1538 823 -
1555 784 1635 837 Auel
1652 784 1740 853 elage-

444 871 555 925 ecltaltct
577 887 631 925 voa
647 870 743 942 Konta
761 872 835 925 Karl
857 877 926 927 1321
950 873 993 926 bia
1011 877 1087 939 1322,
1112 871 1301 938 abscdristltcb
1318 871 1350 923 ia
1367 871 1507 938 Exempto
1525 886 1558 924 ex
1576 870 1686 924 arclcivo
1705 871 1740 923 A.

447 957 629 1024 (taroanensi,
648 957 836 1025 Haadacbrift
853 959 1048 1027 Battyda'acbe
1065 957 1221 1015 Bibliotbel:
1237 957 1405 1027 Karlaburq.
1427 957 1534 1011 Feruor
1552 955 1741 1025 &nemotollet

444 1059 497 1098 oon
514 1044 574 1098 dem
591 1045 864 1102 Koloasmoaoatorer.
881 1047 1008 1100 Kouaent
1027 1050 1068 1099 15.
1087 1043 1186 1099 Jatrt.
1208 1043 1283 1113 Orio.
1302 1042 1511 1112 Kapitelarcltiu
1529 1042 1696 1112 Karlsdarq.

497 1166 609 1220 Druse.-
630 1167 743 1221 Teateclt
760 1184 788 1221 u.
807 1166 969 1221 Firnliaber
987 1166 1059 1221 sice.
1083 1166 1165 1221 Urltb.
1183 1165 1209 1233 I,
1229 1168 1287 1220 164.
1793 1167 1809 1218 5

497 1286 609 1357 Reges&
631 1288 793 1342 Tortc'nelmi
811 1288 857 1342 tdr
876 1292 952 1356 1889,
970 1292 1022 1344 571
1041 1288 1095 1342 Nr.
1112 1291 1155 1343 29.

496 1442 697 1531 [A]ndreas¹)
720 1447 770 1511 dei
792 1449 893 1530 gratia
908 1444 1127 1531 [Hlungariae
1151 1443 1363 1530 [D]almaciae,
1388 1443 1570 1530 [G]r0aciae‚
1587 1441 1740 1529 [R]amae,

340 1547 480 1629 Seruiae,
503 1546 695 1634 [Glulliciae„
719 1548 958 1636 [Llodomeriae
981 1547 1179 1634 [Clamaniae
1202 1547 1461 1635 [B]ulgariaeque
1483 1568 1542 1613 rex
1566 1544 1740 1632 [olmnibus

341 1650 456 1716 Christi
477 1652 625 1717 fidelibus
647 1662 830 1738 praesentes
852 1656 959 1719 literas
982 1656 1173 1738 inspecturis
1196 1653 1331 1717 salutem
1353 1653 1386 1717 in
1409 1653 1553 1716 omnium
1575 1651 1740 1714 salvatore.

340 1755 392 1818 Ad
414 1758 639 1821 universorum
662 1759 807 1822 notitiam
833 1760 946 1822 hurum
969 1760 1049 1823 serie
1072 1759 1222 1822 volumus
1245 1758 1426 1842 pervenire,
1457 1756 1543 1839 quod
1565 1753 1740 1838 capitulum
1776 1761 1810 1816 10

342 1860 493 1924 ecclesiae
514 1861 599 1925 beati
621 1861 783 1927 Michaelis
805 1863 1048 1927 Tranesiluanae
1073 1862 1183 1926 fideles
1206 1862 1305 1925 nostri
1328 1861 1369 1924 ad
1390 1867 1532 1924 nostram
1554 1859 1741 1923 accedentes

339 1966 552 2046 praesentiam
586 1967 803 2031 exhibuerunt
835 1968 927 2030 nobis
960 1966 1161 2050 privilegium
1196 1965 1315 2028 domini
1346 1964 1484 2028 Ladizlai
1517 1964 1602 2047 regis
1634 1962 1741 2025 fratris

341 2067 442 2131 nostri
464 2070 619 2152 patruelis
641 2088 738 2154 super
760 2069 928 2134 collatione
951 2069 1136 2133 salifodinas
1159 2070 1198 2134 de
1212 2069 1315 2133 Tarda
1332 2076 1365 2133 et
1380 2068 1574 2132 relaxatione
1590 2067 1741 2130 collectae

339 2169 455 2253 regalis
477 2172 657 2237 coniectum
680 2180 825 2258 petentes
844 2194 917 2237 cum
931 2174 1091 2254 instantia,
1114 2179 1151 2238 ut
1164 2176 1270 2257 ipsum
1286 2173 1488 2257 privilegium
1503 2177 1609 2235 ratum
1624 2170 1740 2234 habere

339 2278 372 2336 et
398 2279 507 2336 nostro
531 2274 735 2357 dignaremur
756 2278 921 2361 privilegio
952 2276 1147 2342 confirmare.
1185 2278 1285 2341 Cuius
1309 2277 1438 2359 quidem
1467 2276 1624 2360 privilegii
1647 2280 1739 2339 tenor
1775 2281 1808 2334 15

339 2376 411 2439 talis
433 2383 489 2440 est
511 2376 616 2462 (Folqt
638 2380 686 2444 dic
717 2379 863 2445 Urtunde
884 2381 936 2445 olas
958 2378 1076 2464 aalys
1097 2380 1265 2445 Ludblaua
1287 2376 1351 2444 IV.
1376 2376 1621 2443 oon1278Nr.
1647 2377 1739 2459 187.)

340 2476 432 2564 [Nlos
441 2481 462 2557 1)
492 2483 601 2564 itaque
630 2486 838 2567 petitionibus
867 2487 942 2549 dicti
971 2469 1111 2569 capituli¹
1129 2486 1231 2563 iustis,
1264 2484 1413 2568 legitimis
1436 2480 1631 2547 et'honestis
1652 2482 1740 2565 regia

338 2583 534 2668 benignitate
561 2589 776 2653 favorabiliter
805 2590 948 2653 inclinati
974 2590 1094 2653 dictum
1123 2589 1326 2672 privilegium
1352 2588 1473 2651 domini
1494 2585 1633 2650 ladizlai
1655 2585 1739 2668 regis

342 2708 408 2751 non
437 2691 656 2774 cancellatum,
687 2712 753 2755 non
782 2694 929 2756 vitiatum
960 2711 1019 2756 nec
1047 2695 1081 2756 in
1112 2692 1246 2757 alicuius
1276 2692 1326 2756 sui
1355 2698 1445 2775 parte
1467 2690 1669 2770 diminutum,
1702 2688 1742 2752 de

338 2792 437 2856 verbo
467 2794 506 2856 ad
536 2795 670 2860 verbum
699 2797 920 2880 praesentibus
953 2796 1050 2860 inseri
1081 2796 1215 2858 lecimus
1245 2800 1277 2858 et
1307 2794 1494 2859 auctoritate
1523 2792 1740 2876 praesentium
1775 2798 1810 2853 20

338 2898 536 2960 communiri.
574 2894 669 2982 [llud
692 2900 784 2964 cuius
807 2901 853 2964 rei
876 2900 1060 2962 memoriam
1083 2904 1334 2982 perpetuamque
1355 2898 1537 2962 firmitatem
1558 2900 1741 2980 praesentes

339 3001 554 3066 concessimus
575 3001 684 3066 literas
706 3003 841 3087 duplicis
863 3002 958 3086 sigilli
979 3003 1081 3066 nostri
1095 3002 1272 3065 munimine
1287 3000 1459 3065 roboratas.
1493 2998 1638 3084 [Dlatum
1648 2997 1668 3078 ¹)
1684 3018 1741 3083 per

337 3123 452 3169 manus
474 3107 536 3168 viri
558 3106 685 3170 discreti
707 3107 848 3189 magistri
862 3106 1017 3170 'dheodori
1038 3104 1209 3189 praepositi
1223 3105 1383 3186 Albensis,
1405 3105 1497 3168 aulae
1512 3110 1640 3168 nostrae
1655 3104 1740 3167 rice-
1824 3093 1831 3104 ⁴

338 3209 517 3273 cancellarii
547 3210 653 3274 dilecti
682 3220 714 3274 et
735 3210 838 3274 fidelis
866 3212 977 3289 nostri,
1000 3229 1084 3273 anno
1106 3209 1227 3272 domini
1249 3186 1290 3271 ll.
1319 3186 1378 3273 (ld.
1402 3210 1606 3291 nonagesimo
1637 3207 1740 3291 primo

339 3317 451 3375 octavo
474 3312 635 3378 Kalendas
657 3313 776 3395 Marcii,
801 3315 891 3397 regni
914 3320 1021 3378 autem
1044 3314 1145 3377 nostri
1167 3332 1251 3376 anno
1274 3314 1384 3396 primo.
1407 3311 1652 3377 venerabilibus
1682 3330 1738 3394 pa·
1773 3316 1806 3372 25

340 3415 442 3479 tribus
474 3415 661 3481 Lodomerio
696 3419 747 3482 dei
786 3419 887 3502 gratia
925 3418 1133 3500 strigoniensi
1171 3421 1203 3480 et
1242 3416 1390 3480 Johanne
1425 3415 1590 3480 colocensi
1638 3415 1739 3479 archi·

339 3520 502 3603 episcopis,
519 3521 613 3585 Petro
628 3522 862 3603 Transsiluana
877 3522 1007 3585 Andrea
1025 3520 1184 3603 Agriensi,
1207 3518 1359 3602 Gregorio
1376 3518 1740 3600 commensuratam

338 3622 514 3705 lauriensi,
552 3625 725 3690 Benedicto
759 3624 972 3707 waradiensi,
1008 3624 1156 3688 Johanne
1190 3623 1406 3707 Zagrabiensi,
1438 3622 1612 3686 Benedicta
1646 3622 1739 3686 Wes-

338 3725 511 3809 primiensi,
533 3727 680 3791 Ladialao
703 3729 895 3809 Wachiensi,
918 3728 1030 3792 Poulra
1052 3727 1237 3809 Syrmiensi‚
1259 3727 1379 3791 Thema
1399 3727 1560 3791 Boanensi
1585 3734 1618 3791 et
1640 3727 1741 3791 Pasca

339 3828 492 3893 Nitriensi
521 3832 677 3916 episcopis
710 3832 859 3895 ecclesias
889 3832 940 3895 dei
973 3831 1106 3895 feliciter
1139 3831 1400 3914 gubernantibus.
1436 3831 1567 3895 Nicolao
1599 3830 1738 3913 palatino
1773 3834 1809 3889 ³0

339 3933 453 3997 comite
490 3932 695 4018 Symigiensi‚
732 3935 865 3999 Herrico
903 3935 986 3998 bano
1024 3936 1122 3999 totius
1159 3934 1361 4016 belesmiae,
1405 3935 1553 3999 Johanne
1589 3935 1739 4016 magistro

340 4037 575 4101 tavernicorum
597 4040 780 4102 nostrorum
802 4040 917 4103 comite
939 4038 1160 4122 Supruniensi,
1181 4038 1301 4101 Thema
1331 4037 1437 4102 iudice
1466 4038 1573 4102 curiae
1603 4042 1739 4119 nostrae,

338 4140 482 4204 Rolaudo
491 4142 627 4204 vaivoda
637 4143 861 4207 lbanssiluano
871 4144 985 4206 comite
997 4142 1037 4206 de
1049 4142 1193 4223 ZounuIr,
1202 4140 1350 4205 Iadialao
1362 4141 1512 4224 magistro
1525 4141 1739 4224 dapiferorum

340 4226 523 4308 nostrorum
541 4251 573 4308 et
588 4246 657 4309 aliis
673 4266 768 4329 quam
785 4247 932 4329 pluribus
946 4247 1117 4309 comitatus
1132 4246 1222 4328 regni
1233 4246 1335 4308 nostri
1350 4245 1533 4309 tenentibus
1547 4250 1580 4309 et
1593 4245 1738 4307 honores

494 4383 570 4463 Aaf
585 4382 641 4445 der
662 4382 819 4446 Rdckacitc
841 4404 897 4446 oon
918 4384 1000 4446 eina
1022 4381 1121 4445 Hand
1146 4382 1198 4446 dae
1219 4383 1269 4447 14.
1294 4381 1540 4448 Jatrtanara:
1561 4382 1653 4446 Istud
1675 4382 1739 4465 pri·
1774 4387 1808 4441 35

340 4484 490 4567 vilegium
514 4490 681 4569 estsuper
709 4487 880 4550 donatione
903 4486 1088 4550 salifodinas
1119 4486 1158 4549 de
1183 4485 1289 4549 Turda
1310 4486 1448 4570 capitulo
1471 4484 1555 4548 facta
1585 4489 1617 4548 et
1643 4502 1739 4567 super

339 4587 536 4652 relaxatione
558 4588 709 4654 collectae
731 4590 924 4674 populorum
946 4591 1097 4654 eiusdem,

995 4881 1088 4964 242.

416 5043 684 5116 1291Fenaar
696 5050 760 5116 22.
788 5045 906 5135 Konta
914 5042 1075 5117 Andreas
1085 5044 1162 5115 ΙΙΙ.
1180 5044 1348 5117 beatimmt
1362 5045 1417 5117 die
1425 5044 1552 5116 Rachle
1566 5041 1740 5115 daeAdels

339 5165 413 5237 aad
438 5166 501 5238 der
525 5166 615 5237 nacla
641 5166 704 5238 der
729 5165 842 5238 Weiss
864 5165 923 5237 das
941 5164 1047 5237 Adela
1065 5165 1225 5238 dedendae
1246 5165 1560 5255 sabeabdryiselaea
1578 5162 1736 5235 Suadeam.
1774 5176 1810 5231 40

498 5311 701 5380 Einpeacltaltct
726 5328 779 5366 aaa
802 5312 862 5366 dea
885 5312 1108 5382 Weieaeabarper
1132 5311 1246 5382 Kapitcl
1270 5315 1338 5366 1291
1361 5310 1404 5365 bis
1428 5314 1504 5377 1301,
1531 5308 1607 5379 Oria.
1636 5307 1740 5376 Unger·

444 5397 652 5453 Landeaarclu'u
669 5397 821 5467 Budapest.

496 5521 517 5588 ¹)
536 5517 629 5573 Mum
645 5521 697 5587 fur
715 5519 742 5573 A
760 5518 819 5573 und
837 5519 890 5573 alla
907 5518 1054 5587 schenden
1070 5516 1324 5587 ciapctlummerten
1341 5515 1478 5570 Initialen
1495 5516 1549 5570 laer
1565 5514 1697 5585 calceata
