4086 6300
1039 582 1102 645 394

1017 770 1116 854 434.

442 931 650 1002 1325.Μαὶ
663 935 699 1003 2.
718 933 796 1004 Dae
813 933 1245 1027 Weisscndnrpchopitcl
1257 935 1403 1027 1113211191,
1418 935 1500 1007 dass
1509 936 1564 1008 dic
1575 935 1686 1009 Sdbnc
1694 937 1768 1009 und

364 1051 1638 1148 ErrkctdcanasSimonilrrccrerbtenLdndercianuntcrsictouspctbcilt
1646 1058 1764 1131 tabes

523 1201 728 1271 Eiapceciroltct
744 1219 798 1256 oon
814 1204 874 1257 m
897 1204 1122 1273 Weissenburpcr
1138 1204 1254 1272 Kopitel
1272 1207 1348 1271 1349,
1375 1202 1452 1273 θήρ.
1470 1202 1573 1258 Arabio
1589 1204 1639 1259 dar
1658 1204 1766 1272 (11111111

470 1288 561 1342 Bc'ldi.
580 1319 614 1328 -
631 1289 711 1343 Aust
728 1290 917 1359 cinpeeclraltet
939 1290 989 1343 mit
1006 1289 1056 1344 der
1078 1289 1208 1344 Urbundc
1225 1305 1278 1344 von
1297 1293 1365 1346 1349
1389 1306 1443 1344 von
1459 1290 1519 1343 111111
1541 1289 1765 1362 Waeesomw
1799 1293 1816 1345 5

472 1372 587 1443 Kapint
604 1379 681 1444 1412,
703 1374 779 1445 Orip.
797 1377 990 1430 edendasclbet.

523 1533 591 1597 Nos
605 1534 780 1618 capitulum
802 1535 952 1599 ecelesiae
962 1535 1205 1600 Transsiluauae
1220 1536 1435 1619 praesentium
1447 1555 1503 1619 per
1515 1540 1659 1600 tenorem
1671 1536 1767 1620 signi-

370 1636 504 1700 ficemus
519 1636 637 1717 quibus
652 1639 782 1722 expedit
795 1638 964 1720 universis,
987 1640 1073 1722 quod
1088 1640 1253 1703 constituti
1269 1659 1376 1703 coram
1392 1639 1482 1702 nobis
1498 1638 1621 1703 nobiles
1634 1639 1769 1704 iuvenes

370 1739 521 1823 magister
530 1740 665 1804 Thomas
675 1740 762 1806 filius
770 1741 920 1824 Symonis
932 1742 1005 1806 bani
1016 1763 1073 1827 pro
1090 1762 1124 1807 se
1139 1750 1171 1807 et
1185 1763 1243 1827 pro
1253 1742 1388 1826 Georgio
1404 1744 1501 1806 tratre
1515 1762 1574 1805 suo
1590 1742 1769 1808 etJacobus

369 1842 456 1907 filius
477 1844 651 1926 Mychaelis
673 1844 730 1908 filii
753 1847 896 1911 eiusdem
918 1846 1068 1928 Symonis
1091 1846 1164 1910 bani
1193 1866 1251 1930 pro
1282 1866 1316 1910 se
1338 1853 1371 1910 et
1399 1847 1468 1930 ipso
1491 1845 1656 1927 Mychaele
1677 1852 1768 1931 patre
1803 1854 1837 1909 10

373 1947 442 2011 eius
464 1953 497 2011 et
518 1948 614 2012 Petro
637 1948 778 2031 Symone
808 1956 840 2015 et
861 1952 1007 2015 Johanne
1035 1951 1186 2015 tratribus
1215 1951 1282 2014 suis
1303 1950 1343 2013 ab
1365 1969 1432 2013 una
1452 1955 1541 2033 parte
1564 1955 1597 2014 et
1618 1950 1769 2015 Nicolaus

372 2050 459 2115 filius
482 2051 623 2116 eiusdem
647 2051 796 2135 Symonis
827 2054 899 2118 bani
929 2074 987 2137 pro
1017 2073 1051 2118 se
1081 2061 1113 2118 et
1134 2054 1295 2119 Demetrio
1325 2074 1362 2118 ac
1382 2052 1504 2117 Jacobo
1530 2053 1681 2118 matribus
1702 2055 1769 2119 suis

373 2155 508 2219 uterinis
530 2173 572 2219 ex
594 2155 693 2220 altera
719 2164 958 2242 proposuerunt
979 2165 1012 2223 et
1033 2159 1169 2223 confessi
1196 2164 1272 2222 sunt
1294 2157 1423 2221 oraculo
1446 2157 1539 2222 vivae
1561 2158 1659 2241 vocis,
1683 2158 1769 2240 quod

372 2277 470 2343 super
499 2260 592 2324 terris
626 2266 658 2325 et
690 2262 943 2345 possessionibus
977 2282 1089 2326 eorum
1117 2262 1316 2328 hereditariis
1349 2262 1432 2325 intra
1465 2261 1590 2346 scriptis
1620 2262 1654 2325 in
1686 2268 1771 2326 terra

371 2363 596 2428 lbanssiluana
617 2366 829 2431 existentibus
850 2366 919 2450 pari
942 2365 1108 2430 voluntate
1129 2373 1161 2431 et
1183 2386 1342 2431 consensu
1364 2365 1461 2428 talem
1483 2365 1672 2430 divisionem
1685 2366 1770 2430 inter
1805 2373 1839 2426 15

372 2487 407 2532 se
429 2468 643 2533 celebrassent
672 2474 704 2534 et
732 2470 890 2552 iecissent
921 2469 1008 2551 quod
1037 2476 1139 2534 terrae
1163 2490 1220 2535 seu
1249 2470 1466 2554 possessiones
1488 2469 1608 2552 Almas,
1639 2468 1771 2553 Symyg,

371 2571 573 2655 Balanosara,
595 2571 764 2656 Stephand,
787 2572 939 2638 medietas
958 2578 1115 2637 terrarum
1130 2574 1221 2658 Pype
1243 2580 1275 2638 et
1288 2573 1429 2654 Batnon,
1452 2572 1592 2637 ilelkend
1614 2578 1647 2637 et
1661 2572 1769 2637 Kend-

371 2676 458 2757 hyda
479 2696 552 2740 cum
574 2677 767 2753 molendino,
789 2697 862 2740 cum
879 2677 1028 2742 omnibus
1050 2677 1241 2742 utilitatibus
1255 2677 1429 2742 earundem
1444 2682 1476 2741 et
1490 2676 1643 2741 medietas
1659 2677 1769 2740 tributi

372 2779 412 2842 de
433 2780 594 2863 praedicta
608 2780 789 2862 Kendhyda
810 2802 847 2845 ac
869 2782 1022 2845 medietas
1044 2783 1139 2846 castri
1154 2783 1194 2846 de
1216 2782 1326 2846 eadem
1342 2781 1512 2846 cessissent
1535 2780 1568 2843 in
1590 2780 1770 2863 portionem

372 2882 547 2965 Mychaelis
568 2891 601 2948 et
621 2885 759 2949 Thomas
788 2906 824 2949 ac
847 2885 974 2969 Georgii
996 2886 1238 2969 praedictorum.
1261 2885 1341 2950 Item
1368 2902 1564 2948 econverso
1587 2890 1690 2947 terrae
1712 2902 1769 2948 seu
1806 2889 1842 2943 20

370 2987 586 3069 possessiones
615 2986 740 3070 Dorlaz,
770 2989 895 3072 Zeplak,
924 2989 1104 3072 Egrusthur,
1137 2988 1347 3054 Ghekmantul
1379 2994 1411 3052 et
1441 2986 1543 3051 Saalro
1575 2992 1707 3051 vocatae
1739 2991 1773 3050 et

373 3088 524 3153 medietas
554 3095 711 3156 terrarum
733 3093 824 3177 Pype
854 3098 886 3157 et
906 3093 1040 3157 Bobuch
1069 3100 1102 3157 et
1131 3093 1283 3157 medietas
1313 3091 1423 3156 tributi
1453 3090 1493 3155 de
1523 3090 1704 3172 Kendhyda
1734 3109 1771 3154 ac

374 3192 525 3256 medietas
555 3195 650 3258 castri
673 3195 712 3260 de
734 3195 915 3277 Kendhyda
943 3195 1087 3261 similiter
1109 3215 1183 3258 cum
1205 3194 1354 3258 omnibus
1384 3193 1575 3259 utilitatibus
1597 3195 1771 3259 earundem

373 3297 406 3357 in
429 3297 608 3380 portionem
630 3299 805 3363 eorundem
827 3299 959 3381 Nicolai‚
981 3297 1134 3363 Demetrii
1156 3320 1192 3363 ao
1214 3299 1328 3363 Jacobi
1345 3299 1481 3363 fratrum
1502 3299 1678 3363 eorundem
1700 3298 1772 3379 My·

373 3398 499 3482 chaelis,
520 3400 657 3465 Thomas
680 3408 713 3465 et
727 3402 854 3486 Georgii
875 3403 1039 3467 iuniorum
1054 3403 1258 3467 devenissent
1279 3404 1454 3485 unicuique
1475 3403 1619 3487 ipsarum
1632 3403 1772 3486 partium
1806 3406 1841 3460 25

373 3503 443 3566 iure
465 3510 619 3588 perpetuo
643 3513 676 3571 et
697 3506 947 3571 irremeabiliter
968 3506 1187 3591 possidendae,
1218 3507 1374 3572 tenendae
1395 3505 1525 3591 pacifice
1547 3510 1580 3570 et
1601 3505 1773 3570 habendae

374 3609 584 3673 Assumentes
607 3615 639 3673 et
670 3610 846 3694 obligantes
876 3631 910 3674 se
932 3612 1065 3695 insuper
1086 3616 1193 3695 partes
1222 3611 1444 3695 supradictae
1467 3609 1506 3674 ab
1529 3608 1678 3673 omnibus
1699 3627 1773 3692 pro·

374 3730 467 3775 cessu
490 3717 670 3796 temporum
691 3733 788 3798 super
808 3715 978 3798 pmdictis
999 3715 1255 3799 possessionibus
1278 3714 1453 3780 eorumdem
1479 3713 1590 3778 divisis
1611 3713 1772 3796 impetere,

373 3815 553 3896 inquietare
582 3817 634 3881 vel
663 3818 816 3901 impedire
845 3819 1027 3884 volentibus
1058 3826 1169 3883 mutuo
1200 3838 1234 3883 se
1264 3819 1416 3903 expedire
1446 3818 1582 3902 propriis
1610 3816 1774 3880 laboribus

375 3924 407 3982 et
429 3919 579 4002 expensis
602 3926 634 3985 et
648 3922 681 3984 in
704 3920 835 4005 pacifica
849 3925 1051 4007 possessione
1066 3929 1224 3988 terrarum
1239 3941 1297 3986 seu
1316 3922 1527 3985 hereditatum
1541 3919 1774 4004 praedictarum
1808 3926 1844 3980 30

375 4042 409 4086 se
431 4023 569 4086 invicem
598 4024 757 4090 indefesse
785 4044 983 4090 conservare.
1028 4025 1067 4088 In
1097 4025 1190 4089 cuius
1218 4025 1266 4088 rei
1288 4023 1506 4088 testimonium
1529 4023 1776 4106 firmitatemque

375 4133 560 4211 perpetuam
583 4130 623 4193 ad
644 4130 828 4194 instantiam
851 4135 883 4194 et
904 4130 1090 4213 petitionem
1111 4129 1249 4213 partium
1264 4127 1497 4212 praedictarum
1519 4128 1628 4192 literas
1650 4133 1776 4191 nostras

375 4238 559 4314 praesentes
577 4234 793 4297 concessimus
809 4233 904 4316 sigilli
918 4234 1019 4297 nostri
1036 4233 1211 4297 munimine
1226 4231 1425 4311 roboratas¹l
1447 4231 1489 4295 Et
1503 4250 1577 4294 cum
1591 4234 1776 4315 praesentes

376 4355 433 4421 per
455 4337 632 4422 praedictas
653 4343 760 4421 partes
782 4338 821 4401 od
845 4358 904 4401 nos
926 4341 1105 4421 reportatae
1127 4336 1255 4417 tuerint
1285 4334 1488 4419 privilegium
1511 4340 1657 4398 nostrum
1680 4352 1777 4417 super

376 4442 436 4505 hoc
471 4441 691 4506 concedemus.
736 4440 855 4505 Datum
885 4441 963 4505 teria
997 4440 1110 4522 quinta
1163 4440 1289 4503 roxima
1322 4444 1396 4502 ante
1428 4439 1546 4504 festum
1580 4437 1775 4502 inventionis
1810 4444 1846 4498 35

376 4548 504 4608 sanctae
526 4545 639 4629 crucis,
661 4565 746 4609 anno
770 4545 890 4607 domini
912 4521 954 4607 d.
977 4520 1063 4609 Οὒῧ.
1085 4459 1163 4607 lii
1186 4543 1308 4625 quinto.
1870 4568 1874 4573 ·

1032 4818 1129 4900 435.

462 4985 703 5075 Weissenbep
729 4986 835 5057 1325
865 4985 943 5055 Mai
973 4989 1024 5055 11.
1053 4982 1224 5071 Andreas,
1251 4981 1406 5070 Bisaltas
1422 5004 1488 5053 oon
1515 4978 1777 5069 Sicbenbttrpcn,

376 5108 535 5198 bestdtipt
553 5108 608 5178 dic
629 5105 793 5177 Urtande
811 5105 871 5176 des
889 5105 1051 5194 Bbcbofs
1068 5104 1193 5176 Petne
1209 5126 1274 5175 oon
1291 5103 1397 5173 1295
1416 5100 1484 5173 Nr.
1499 5104 1588 5172 268
1592 5102 1663 5190 fair
1673 5098 1777 5171 Sara.

535 5253 737 5323 Eiapeeebcitat
760 5269 814 5306 oon
837 5252 957 5320 Biscbof
970 5252 1135 5306 Dominicue
1154 5254 1231 5318 1364,
1259 5248 1335 5319 Orip.
1353 5248 1545 5303 Kotboliecbca
1569 5245 1779 5314 Psorreiarcbio
1813 5244 1849 5298 lo

482 5341 687 5410 Klawcnbury.

534 5445 645 5499 Druck:
667 5442 866 5498 Tranailoanio
884 5448 961 5511 1871,
980 5447 1039 5497 111.

535 5568 556 5637 ¹)
578 5565 713 5636 Vorlopa:
730 5564 875 5621 roboratas.
