4064 6288
995 608 1149 705 —re—

374 806 473 872 ragno
496 809 563 854 non
584 793 738 876 recipiant
759 793 799 856 ad
813 792 1019 860 habitandum
1042 803 1143 862 terras
1165 818 1262 883 supra
1284 799 1384 863 dictas
1405 797 1468 863 nisi
1490 798 1530 862 de
1543 798 1672 865 lieentia
1685 803 1773 886 regia

375 893 510 976 speciali.
533 894 731 960 Adiunctum
753 897 885 981 insuper
906 899 968 963 fuit
989 921 1008 964 a
1029 901 1122 965 nobis
1144 909 1176 966 et
1197 922 1217 965 a
1238 910 1442 986 praeceptore
1457 904 1520 965 iam
1542 903 1627 967 dicto
1643 907 1772 970 nomine

373 997 534 1079 praefatae
564 997 677 1063 domus
706 1008 878 1084 receptum,
908 1005 994 1084 quod
1023 1006 1049 1068 si
1077 1008 1250 1088 praemissa
1278 1007 1330 1071 vel
1360 1006 1468 1088 aliqua
1495 1026 1553 1070 seu
1583 1008 1704 1090 aliquid
1732 1011 1772 1075 de

373 1101 561 1183 praemissis,
592 1103 632 1165 ad
661 1122 743 1185 quae
771 1104 875 1169 dictus
904 1115 1089 1191 praeceptor
1119 1128 1153 1173 se
1181 1116 1213 1173 et
1242 1110 1434 1194 praedictam
1464 1110 1593 1174 domum
1624 1114 1772 1196 superius

376 1203 535 1287 obligavit,
557 1224 615 1289 per
636 1208 742 1290 ipsum
765 1208 816 1272 vel
835 1227 892 1291 per
906 1209 1005 1273 alium
1027 1220 1265 1296 praeceptorem
1281 1233 1337 1277 seu
1353 1214 1541 1297 magistrum
1555 1234 1613 1298 pro
1629 1222 1771 1300 tempore
1806 1223 1823 1275 5

375 1308 585 1371 constitutum
612 1311 714 1373 omitti
744 1312 950 1395 contingeret,
980 1319 1012 1377 et
1040 1316 1134 1378 tertio
1165 1316 1351 1380 sollenniter
1380 1317 1562 1381 admonitus
1591 1318 1771 1383 satisfacere

375 1430 440 1474 non
462 1418 597 1493 curaret,
625 1432 826 1497 magnusque
855 1416 1005 1498 magister
1034 1420 1266 1483 transmarinus
1295 1439 1391 1504 super
1412 1419 1519 1498 haec²l
1546 1421 1641 1485 modo
1665 1422 1770 1487 debito

373 1534 432 1598 pro
461 1522 551 1600 parte
581 1518 668 1601 regia
696 1517 890 1583 sufficienter
918 1521 1101 1603 requisitus,
1131 1541 1197 1586 non
1227 1524 1411 1587 emendaret
1439 1523 1523 1587 inira
1549 1543 1671 1587 annum
1699 1531 1772 1609 post

374 1619 489 1683 1111111
510 1621 760 1702 requisitionem,
777 1623 862 1703 quod
879 1623 1031 1687 omissum
1046 1631 1095 1689 est
1109 1644 1167 1691 seu
1183 1627 1363 1709 neglectum
1378 1646 1436 1710 per
1450 1627 1570 1691 dictum
1585 1628 1770 1711 magistrum

374 1741 433 1787 seu
447 1731 682 1808 praeceptorem
697 1743 755 1809 pro
771 1730 912 1810 tempore
927 1727 1127 1811 existentem,
1150 1730 1316 1794 emendem
1330 1736 1363 1794 et
1374 1730 1527 1795 ultionem
1549 1750 1607 1815 per
1628 1731 1771 1796 111111111-
1807 1736 1841 1792 10

375 1827 494 1890 tionem
506 1827 688 1891 reddituum
700 1828 752 1892 vel
764 1827 826 1891 alio
842 1829 936 1892 modo
951 1830 1044 1894 iuxta
1056 1833 1266 1913 quantitatem
1280 1837 1313 1897 et
1324 1833 1509 1915 qualitatem
1521 1852 1673 1898 excessus
1685 1835 1772 1919 regia

376 1930 559 1995 deliberatio
589 1932 727 2015 recipiet
749 1932 843 1996 iuxta
864 1951 940 1996 suae
962 1933 1194 2018 beneplacitum
1217 1936 1399 1999 voluntatis.
1436 1936 1481 2000 Ut
1501 1937 1600 2018 igitur
1621 1938 1772 2001 universa

377 2039 410 2098 et
431 2034 557 2118 singula
576 2054 673 2117 supra
695 2035 787 2117 diota,
808 2055 915 2100 coram
945 2037 1038 2101 uobis
1058 2042 1091 2101 et
1111 2038 1285 2102 baronibus
1307 2040 1425 2104 nostris
1446 2040 1578 2104 recitata
1598 2046 1771 2125 perpetuae

374 2136 540 2221 firmitatis,
556 2145 714 2221 quantum
724 2144 825 2203 estex
837 2158 975 2222 persona
988 2146 1105 2223 nostra,
1120 2141 1220 2206 robur
1234 2142 1407 2223 obtineant
1428 2162 1511 2225 qnae
1525 2142 1588 2207 fide
1611 2144 1683 2208 data
1697 2163 1770 2228 por-

374 2242 514 2305 rectione
526 2241 658 2306 111111111
669 2243 784 2325 regalis
795 2249 922 2307 nostrae
934 2245 1145 2326 promisimus,
1154 2245 1344 2310 durantibus
1356 2246 1611 2329 obligationibus,
1623 2265 1666 2309 ex
1680 2252 1770 2331 parte
1806 2252 1838 2305 15

375 2346 489 2410 domus
500 2346 600 2427 iactis,
610 2346 835 2411 inviolabiliter
846 2347 1015 2411 observare
1031 2354 1063 2412 et
1074 2350 1176 2412 lacere
1188 2350 1358 2431 observari,
1370 2355 1569 2432 praesentem
1584 2349 1771 2412 tradidimus

374 2451 522 2533 paginam
533 2451 712 2513 charactere
724 2449 830 2513 bullae
841 2456 969 2514 nostrae
980 2470 1095 2515 aureae
1106 2453 1341 2533 communitam,
1350 2458 1381 2515 et
1393 2471 1487 2535 saepe
1495 2452 1771 2536 dictumpraeoep-

374 2558 474 2618 torem
490 2554 618 2617 nomine
641 2553 755 2617 domus
770 2552 932 2636 hospitalis
947 2554 1106 2637 praefatae
1120 2573 1177 2637 per
1192 2555 1341 2619 dilectum
1356 2563 1389 2619 et
1402 2554 1528 2618 fidelem
1544 2560 1690 2618 nostrum
1704 2574 1771 2618 ma·

374 2657 509 2740 gistrum
530 2656 687 2722 Achillem
709 2656 883 2720 Albensem
902 2659 1127 2741 praepositum,
1150 2657 1241 2721 aulae
1264 2664 1390 2722 nostrae
1412 2656 1714 2739 vicecancellarium,
1736 2658 1770 2720 in

372 2763 605 2845 possessionem
627 2760 860 2844 praedictorum
882 2762 1077 2844 corporalem
1099 2762 1285 2825 auctoritate
1318 2761 1404 2843 regia
1436 2760 1569 2823 fecimus
1601 2760 1769 2824 introduci.
1805 2765 1840 2821 20

373 2863 492 2928 Datum
505 2884 564 2949 per
584 2884 699 2928 manus
713 2864 881 2928 reverendi
894 2865 993 2948 patris
1007 2865 1172 2929 Benedicti
1187 2864 1413 2948 archiepiscopi
1428 2863 1609 2928 Colocensis
1633 2868 1666 2927 11
1680 2863 1771 2928 aulae

374 2975 501 3033 nostrae
509 2967 695 3032 cancellarii.
706 2967 891 3032 Venerabili
901 2975 991 3051 patre
999 2968 1158 3051 Stephano
1167 2968 1400 3050 archiepiscopo
1410 2966 1628 3050 strigoniensi,
1636 2967 1771 3031 Bartho-

371 3071 494 3136 lomaeo
510 3071 833 3154 Quinqueeclesiensi,
856 3069 1015 3155 Stephano
1038 3071 1249 3155 Zagrabiensi,
1270 3070 1389 3134 Basilio
1412 3069 1609 3152 Cenadiensi,
1631 3069 1770 3148 Pouna')

371 3175 540 3256 Bonnensi,
561 3175 716 3258 Artolpho
746 3174 917 3256 Jauriensi,
946 3174 1084 3238 Zalando
1113 3175 1350 3258 Vesprimiensi,
1379 3175 1538 3239 Wicentio
1561 3173 1770 3257 Waradiensi,

372 3279 541 3361 Heymone
556 3278 725 3360 Waciensi,
748 3278 838 3341 Gallo
852 3278 1068 3361 Transilvano,
1083 3278 1250 3362 lamperto
1265 3279 1415 3361 Agn’ensi
1435 3278 1599 3361 episcopis,
1622 3277 1770 3341 eeclesias
1805 3282 1839 3337 25

373 3384 424 3447 dei
446 3383 580 3447 feliciter
601 3381 860 3464 gubernantibus.
891 3380 1080 3460 Rectislao³l
1102 3382 1219 3446 illustri
1240 3381 1322 3445 duce
1345 3381 1489 3445 Gallitiae
1511 3388 1544 3445 et
1565 3381 1648 3444 bano
1672 3381 1770 3445 totius

373 3486 568 3566 Solanoniae,
590 3484 749 3568 Stephano
780 3485 895 3549 comite
924 3485 1073 3568 palatino,
1095 3485 1266 3549 laurentio
1298 3484 1434 3549 vaivoda
1454 3484 1670 3565 transilvano,
1693 3483 1769 3547 Dio·

373 3588 455 3653 nisio
482 3589 632 3671 magistro
666 3589 902 3653 tavernicorum
933 3593 965 3652 et
994 3589 1108 3653 comite
1137 3588 1334 3669 Posoniensi,
1364 3587 1508 3652 Rolando
1539 3587 1645 3652 iudice
1677 3588 1769 3652 aulae

372 3699 508 3771 nostrae,
531 3691 684 3755 Mauricio
706 3692 856 3775 magistro
880 3692 1094 3775 dapiferorum
1121 3697 1153 3756 et
1174 3692 1290 3755 comite
1312 3691 1485 3773 Nytriensi,
1509 3691 1596 3755 (lhalr
1618 3692 1768 3775 magistro
1866 3680 1869 3686 ’

371 3796 545 3879 agasonum
567 3801 600 3859 et
621 3796 736 3858 comite
758 3794 978 3879 Supruniensi,
1001 3794 1097 3878 Sagin
1119 3795 1270 3877 magistro
1292 3795 1515 3878 pincernarum
1539 3798 1572 3857 11
1592 3794 1707 3858 comite
1729 3793 1769 3858 de
1804 3796 1840 3854 30

372 3899 470 3980 Bana,
482 3898 583 3962 Paulo
595 3898 634 3962 de
649 3898 794 3977 Zounulr,
805 3898 978 3962 Benedicto
994 3898 1204 3979 Musuniensi,
1218 3897 1349 3961 Nicolao
1364 3896 1549 3979 Zaladiensi,
1562 3896 1624 3960 alio
1638 3896 1769 3961 Nicolao

372 4003 411 4067 de
432 4002 548 4067 Ferreo
570 4007 683 4082 castro,
711 4000 851 4065 Hemico
874 3999 1074 4083 symigiensi,
1105 4001 1258 4066 Sewerito
1280 4000 1414 4064 Albensi
1435 4000 1604 4064 comitibus
1634 4020 1671 4063 ac
1700 4000 1770 4064 aliis

372 4126 468 4189 quam
491 4105 636 4190 pluribus
658 4106 827 4169 comitatus
848 4107 881 4167 et
903 4106 1106 4187 magistratus
1135 4105 1224 4189 regni
1255 4104 1357 4169 nostri
1383 4103 1574 4168 tenentibus
1611 4105 1707 4168 Anno
1729 4104 1768 4167 ab

369 4209 585 4273 incarnatione
619 4208 739 4271 domini
768 4207 987 4292 dccxlvii,
1017 4209 1090 4273 ΠΠ.
1128 4209 1239 4273 Nonas
1267 4207 1372 4289 Junii,
1408 4208 1499 4290 regni
1527 4213 1634 4271 autem
1668 4207 1770 4270 111111

370 4331 454 4376 anno
477 4311 673 4376 duodecimo.
1801 4315 1836 4370 31

1034 4499 1101 4582 83.

450 4665 592 4756 Gargara
617 4666 725 4736 1248
742 4663 901 4735 Februar
918 4666 983 4735 23.
1011 4661 1129 4754 Kdaip
1145 4661 1236 4735 Belo
1254 4662 1323 4734 IV.
1350 4662 1493 4736 1111111111
1519 4661 1596 4733 dem
1613 4659 1770 4731 Erlouer

368 4785 530 4857 Bartbum
559 4785 666 4857 1111111
692 4783 866 4856 Auderem
900 4807 1010 4855 unum
1042 4783 1212 4857 fossatum
1245 4784 1320 4857 sive
1350 4783 1486 4855 foveam
1526 4779 1769 4853 salisiodinam

368 4906 512 4978 liberam
539 4905 578 4976 in
604 4903 789 4977 Deszakna
826 4903 902 4976 sine
937 4903 1032 4975 omni
1066 4903 1193 4976 tributo
1229 4910 1262 4976 et
1296 4903 1471 4977 exactione
1507 4908 1579 4975 tam
1609 4900 1768 4972 interm

368 5049 471 5121 quam
507 5026 546 5098 in
581 5025 683 5120 aquis
721 5024 753 5097 si
779 5024 817 5097 in
844 5025 989 5121 Agriam
1017 5024 1111 5096 sales
1143 5023 1183 5096 de
1209 5023 1327 5096 eadem
1353 5030 1524 5096 1111111111
1550 5021 1680 5095 deferre
1705 5043 1766 5093 vo·
1801 5036 1837 5091 40

367 5147 497 5221 luerint
522 5170 582 5243 per
607 5169 718 5219 naves
745 5145 801 5218 111
827 5146 865 5218 in
892 5169 996 5218 curru
1021 5144 1077 5217 vel
1095 5144 1222 5218 ibidem
1248 5143 1403 5216 vendere.

525 5296 545 5362 Ι)
563 5293 601 5349 So
621 5293 707 5362 chir
725 5309 752 5346 a.
770 5310 797 5346 o.
818 5291 849 5347 0.
873 5291 1005 5363 Vorlopc:
1022 5292 1079 5346 1111.

523 5380 545 5446 ¹)
563 5378 601 5434 So
619 5378 713 5447 chtr.
736 5378 868 5449 Vorlape:
885 5378 979 5433 Pensa

523 5469 546 5534 ⁸)
564 5465 665 5535 Pejor.-
682 5463 805 5521 nefiano.
