4084 6302
974 613 1129 707 Qe-

356 796 507 860 ecclesiae
529 797 735 880 provideatur
757 798 925 881 praelatae,
948 806 1044 883 prout
1066 801 1182 865 devota
1202 822 1275 885 spes
1298 803 1448 885 suggerit,
1471 808 1504 867 et
1526 803 1618 867 nobis
1641 823 1683 868 ex
1705 824 1754 869 re-

356 899 475 969 latione
504 901 645 964 innotuit
667 901 848 984 praehbata,
879 903 939 967 sub
969 904 1088 967 laveris
1118 905 1275 988 praesidio
1306 907 1459 969 carissimi
1490 908 1522 969 in
1550 906 1674 971 Christo
1698 907 1753 971 filii

357 1004 458 1068 nostri
473 1003 586 1086 Oaroh,
609 1006 693 1087 regis
715 1005 857 1069 eiusdem
872 1007 1057 1090 Hungariae
1080 1009 1222 1087 illustris,
1244 1010 1337 1072 cuius
1352 1010 1435 1073 idem
1453 1010 1548 1073 Vltus
1571 1011 1754 1094 capellanus

356 1108 510 1172 exsistere
533 1107 726 1191 perhibetur,
756 1110 937 1192 praedictus
959 1112 1160 1195 episcopatus
1187 1113 1226 1176 ad
1250 1119 1368 1177 statum
1391 1114 1559 1196 pristinum
1583 1116 1755 1179 reducetur

356 1218 388 1275 et
409 1211 685 1294 recuperabuutur
700 1215 926 1295 possessiones,
950 1214 1034 1277 bona
1055 1222 1087 1278 et
1109 1217 1179 1278 iura
1194 1219 1342 1299 superius
1358 1219 1527 1281 nominata
1559 1219 1625 1281 Nos
1648 1219 1753 1300 igitur,
1789 1228 1805 1275 τ’)

357 1319 394 1377 ut
415 1315 495 1378 tanti
517 1314 594 1378 boni
624 1316 715 1399 copia
737 1336 779 1379 ex
802 1336 938 1399 persona
959 1319 1059 1402 ipsius
1082 1320 1148 1382 Viti
1178 1340 1251 1383 cum
1274 1323 1393 1403 gratiae
1416 1321 1560 1384 caelestis
1583 1328 1753 1403 augmento

355 1420 526 1501 provenire
548 1418 661 1499 valeat,
683 1418 786 1502 plenis
808 1425 840 1484 et
863 1420 987 1485 devotis
1009 1422 1172 1487 affectibus
1195 1425 1368 1508 cupientes,
1391 1431 1537 1507 gerentes
1562 1444 1690 1506 quoque
1715 1425 1755 1489 de

356 1527 431 1586 tuae
461 1522 641 1586 sinceritate
669 1522 743 1587 fidei
773 1523 923 1587 fiduciam
953 1526 987 1588 in
1017 1525 1145 1590 domino
1176 1528 1353 1610 specialem,
1383 1529 1570 1592 fraternitati
1598 1534 1671 1592 tuae
1699 1548 1756 1612 per

356 1625 529 1709 apostolica
551 1626 666 1710 scripta
689 1628 916 1692 committimus
938 1634 971 1692 et
993 1630 1189 1709 mandamus,
1221 1636 1388 1712 quatenus,
1411 1633 1437 1694 si
1460 1633 1505 1695 ita
1527 1638 1583 1715 est,
1607 1632 1646 1696 de
1669 1633 1753 1696 dicto

356 1728 432 1791 Vito
455 1730 643 1793 auctoritate
665 1730 838 1812 apostolica
859 1730 1009 1795 ecclesiae
1032 1732 1201 1814 provideas
1230 1741 1422 1798 memoratae
1448 1735 1619 1818 ipsumque
1641 1736 1753 1800 Vitum
1792 1742 1825 1794 10

356 1832 460 1896 eidem
489 1832 639 1896 ecclesiae
669 1833 833 1916 praeficias
855 1835 889 1896 in
913 1835 1096 1918 episcopum
1119 1843 1152 1900 et
1173 1842 1341 1920 pastorem,
1373 1858 1482 1901 curam
1505 1888 1512 1902 .
1536 1888 1542 1901 .
1566 1890 1573 1901 .
1596 1889 1603 1903 .
1627 1889 1633 1902 .
1658 1859 1752 1921 quam

357 1935 390 1997 in
415 1936 649 2019 temporalibus,
679 1943 775 2020 prout
805 1938 875 2002 illas
905 1938 945 2001 ab
975 1941 1108 2021 antiquo
1131 1946 1299 2023 gesserunt
1330 1941 1380 2003 sui
1403 1942 1541 2024 episcopi
1565 1943 1754 2021 successive,

356 2039 498 2122 plenarie
520 2040 747 2103 committendo
770 2048 803 2105 et
825 2048 862 2105 ut
884 2041 1118 2124 subsequenter
1133 2044 1234 2107 eidem
1252 2044 1337 2123 Vite,
1360 2045 1387 2107 si
1404 2046 1442 2108 de
1458 2045 1511 2108 illc
1528 2046 1588 2127 ipsi
1604 2046 1754 2111 ecclesiae

356 2143 542 2226 provideris,
565 2143 672 2206 ascitis
694 2149 726 2207 et
748 2145 970 2210 assistentibus
992 2148 1026 2210 in
1043 2148 1101 2211 hoc
1118 2148 1173 2211 tibi
1198 2147 1324 2211 duobus
1347 2154 1378 2211 et
1401 2148 1504 2211 tribus
1527 2149 1682 2232 episcopis
1704 2168 1755 2212 ca-

357 2245 481 2310 tholicis
502 2247 635 2329 gratiam
658 2253 691 2310 et
705 2250 961 2313 communionem
985 2251 1087 2315 dictae
1110 2252 1194 2314 sedis
1213 2252 1403 2335 apostohcae
1418 2251 1617 2332 habentibus
1639 2271 1754 2315 manus
1793 2260 1823 2311 15

357 2350 604 2413 consecrationis
633 2350 807 2433 impendas,
837 2353 955 2416 iaciens
986 2354 1044 2417 sibi
1075 2376 1095 2417 a
1120 2356 1187 2418 suis
1209 2354 1344 2418 subditis
1367 2354 1579 2418 obedientiam
1611 2361 1643 2419 et
1667 2374 1756 2419 reve·

357 2453 493 2516 rentiam
524 2452 676 2533 exhiberi,
705 2455 953 2520 contradictores
983 2477 1040 2541 per
1070 2477 1237 2521 censuram
1260 2458 1512 2539 ecclesiasticam,
1544 2458 1755 2542 appellatione

357 2558 540 2641 postposita,
570 2558 809 2640 compescenda,
839 2565 1027 2642 recepturus
1057 2560 1096 2624 ab
1120 2579 1157 2622 eo
1180 2562 1381 2643 postmodum
1413 2568 1522 2625 nostro
1551 2569 1583 2625 et
1605 2561 1755 2625 ecclesiae

357 2658 519 2724 Romanae
542 2661 670 2724 nominc
699 2659 859 2724 fidelitatis
884 2663 1007 2727 debitae
1030 2664 1157 2727 solitum
1180 2664 1403 2728 iuramentum.
1437 2664 1556 2728 Datum
1580 2665 1755 2737 Auenione,

357 2761 413 2826 IV.
442 2762 552 2826 Nonas
576 2761 730 2846 Octobris,
752 2784 837 2828 anno
860 2764 965 2829 XVII.
1790 2774 1825 2828 ‘20

1013 3110 1107 3194 500.

440 3288 815 3363 Groeawcrdeia1332
829 3293 974 3364 Oktober
988 3298 1019 3363 6.
1049 3226 1166 3383 Κὸηἱρο
1177 3292 1270 3363 Karl
1277 3299 1457 3382 anlcracpt
1471 3293 1536 3364 den
1545 3291 1757 3362 Biotritaem

359 3410 414 3482 die
429 3410 684 3503 Nutanicaeaap
702 3412 764 3483 der
780 3436 827 3484 aa
838 3413 981 3485 Joboun
992 3413 1128 3484 Heaacl
1139 3413 1350 3484 verlicbcaea
1366 3412 1553 3503 Besitaunp
1562 3412 1754 3503 Emended.

517 3574 593 3644 Oria.
613 3576 692 3644 Pcry.
725 3575 829 3646 Unpcr.
848 3576 1108 3630 Nationalmuseum
1132 3576 1283 3644 Badupest.
1314 3576 1411 3646 Sicqel,
1435 3578 1541 3630 aciemn
1564 3575 1673 3642 wana,
1697 3590 1757 3628 war

462 3663 519 3730 aas
532 3662 581 3716 der
599 3662 743 3716 Rdckseitc
761 3663 949 3732 auspedrttclct.
1791 3658 1825 3712 25

519 3782 744 3853 Unoollatdndip:
763 3784 848 3853 Ncpy
867 3783 931 3839 God.
950 3783 1158 3852 Andcpovenais
1177 3784 1221 3849 II,
1240 3786 1299 3837 625.

516 3903 628 3972 maen:
647 3904 733 3970 veja
753 3904 844 3958 codex
867 3903 954 3970 VIII,
971 3907 997 3971 3,
1015 3907 1075 3958 578.
1105 3903 1399 3969 Tranailvaaic1871,
1419 3907 1477 3955 180.

515 4076 653 4141 Karolus
683 4077 733 4141 dei
762 4079 863 4161 gratia
892 4098 950 4142 rex
972 4078 1156 4161 Hungariae
1185 4077 1333 4142 fidelibus
1363 4078 1430 4141 suis
1459 4078 1619 4141 universis
1642 4076 1756 4140 villicis

361 4201 420 4246 seu
441 4181 610 4262 iudicibus,
640 4182 751 4245 iuratis
773 4190 806 4245 et
827 4181 1004 4265 hospitibus
1034 4202 1092 4245 seu
1115 4182 1241 4265 populis
1264 4182 1303 4244 de
1325 4181 1476 4245 Beztercc
1507 4181 1601 4244 etad
1623 4181 1755 4245 eandem

360 4285 595 4369 pertinentibus
618 4305 655 4347 ac
676 4284 854 4368 specialiter
877 4285 916 4349 dc
939 4285 1015 4348 villa
1035 4286 1097 4350 Jad
1121 4285 1238 4367 quibus
1266 4290 1449 4367 praesentes
1472 4284 1685 4348 ostenduntur
1707 4304 1756 4347 sa-
1791 4290 1826 4344 30

360 4388 460 4452 lutam
475 4393 508 4452 et
521 4388 661 4471 gratiam
684 4387 769 4452 Dicit
784 4389 876 4452 nobis
891 4389 1040 4471 magister
1054 4389 1074 4452 J
1076 4388 1218 4452 ohannes
1235 4389 1338 4451 dictus
1352 4387 1489 4468 Hennel,
1503 4386 1589 4451 filius
1602 4388 1623 4451 J
1625 4387 1759 4451 ohannis

360 4491 418 4554 filii
433 4490 569 4573 Geubul,
585 4490 672 4572 quod
682 4491 702 4569 ¹)
720 4510 776 4554 vos
786 4491 806 4569 ¹)
829 4498 941 4555 contra
956 4511 1051 4574 quam
1067 4491 1220 4575 plurimas
1235 4491 1440 4554 inhibitiones
1455 4510 1530 4554 suas
1545 4490 1758 4554 mediantibus

360 4595 461 4659 literis
490 4595 607 4658 nostris
636 4593 735 4658 iactas
763 4595 968 4659 ususfructus
997 4601 1030 4659 ct
1058 4595 1210 4658 utilitates
1239 4594 1405 4657 cuiusdam
1437 4594 1646 4677 possessionis
1679 4611 1775 4656 suae.

360 4696 555 4781 Ependorph
569 4704 699 4760 vocatae
723 4717 759 4761 ac
778 4698 817 4759 ad
840 4698 974 4761 eandem
996 4699 1223 4781 pertinentium
1246 4697 1386 4761 indebite
1402 4704 1513 4760 contra
1526 4697 1627 4779 ipsius
1643 4695 1758 4759 volun·

362 4804 457 4864 tatem
487 4806 520 4864 et
548 4801 583 4863 in
613 4802 713 4884 ipsius
743 4799 971 4884 praeiudicium
1001 4802 1220 4885 percepissetis
1254 4807 1287 4865 et
1316 4802 1520 4884 perciperetis
1549 4800 1754 4863 incessanter.
1791 4807 1825 4858 35

361 4904 465 4989 Super
496 4925 560 4988 quo
590 4905 733 4971 fidelitati
756 4911 881 4968 vestrae
911 4911 942 4968 et
971 4903 1102 4968 cuihbet
1124 4910 1267 4967 vestrum
1290 4904 1393 4967 edicto
1420 4904 1648 4986 praecipientes
1670 4904 1757 4984 regio

360 5007 452 5072 firmo
480 5007 604 5072 firmius
627 5009 814 5072 mandamus
835 5027 892 5092 per
914 5014 1105 5092 praesentes,
1137 5014 1296 5090 quatenus
1319 5007 1454 5091 receptis
1475 5006 1696 5090 praesentibus
1719 5005 1758 5068 ab

360 5131 424 5176 usu
446 5116 479 5175 et
490 5111 663 5175 utilitatum
678 5112 881 5195 perceptione
896 5110 998 5175 dictae
1014 5112 1222 5194 possessionis
1237 5110 1401 5194 Ependorl
1422 5130 1479 5193 per
1494 5116 1634 5173 nostram
1651 5108 1758 5172 excel-

361 5214 491 5280 lentiam
514 5214 616 5278 eidem
638 5213 778 5278 Johanni
800 5234 858 5297 pro
879 5213 1085 5278 fidelitatibus
1108 5215 1174 5277 suis
1197 5214 1280 5277 sicut
1302 5214 1378 5276 dicit
1400 5213 1500 5294 datae,
1523 5220 1635 5276 contra
1658 5212 1758 5295 ipsius

362 5318 560 5383 voluntatem
581 5337 641 5381 vos
663 5317 792 5380 omniuo
815 5319 978 5383 continere
1001 5325 1033 5382 ct
1054 5318 1221 5401 prohibere
1244 5317 1392 5399 debeatis,
1419 5323 1451 5381 et
1473 5318 1500 5380 si
1523 5335 1603 5398 quas
1625 5317 1758 5380 iniurias
1792 5322 1827 5376 40

519 5472 540 5540 ¹)
562 5471 648 5527 Ueber
664 5470 714 5526 der
731 5470 807 5525 Zeilc
824 5470 1032 5541 mcbpmcqcn.
