4088 6292
997 626 1152 721 —mo—

536 810 612 881 Orip.
631 811 712 881 Pcrq.
736 811 840 881 Uapar.
859 810 1067 866 Landcaarchiv
1085 812 1238 881 Budapcat.
1269 811 1357 883 Siraci
1380 812 1523 882 marval,
1547 829 1607 869 war
1623 814 1656 869 ia
1672 814 1780 870 vedace

485 898 587 952 Wacba
605 898 662 966 auf
674 898 724 953 der
742 898 886 953 Rornae
904 899 1092 968 aufycdrrickt.

532 1019 644 1074 Druck:
663 1019 750 1087 chir
771 1018 861 1074 Oodac
883 1020 1056 1088 V1,2‚102.
1084 1020 1198 1074 Teutscb
1216 1038 1243 1074 u.
1262 1020 1424 1076 Firobcbar
1442 1020 1515 1077 sico.
1538 1021 1621 1077 Urio.
1639 1023 1665 1090 Ι,
1682 1026 1743 1077 200.

532 1194 700 1278 Magnifice
724 1197 793 1258 viro
817 1202 849 1258 et
863 1195 995 1258 honesto
1019 1196 1147 1259 domino
1163 1196 1309 1259 Ladizlao
1333 1198 1486 1261 vaivodae
1500 1197 1725 1263 Transsiluano
1748 1206 1780 1264 et

376 1299 484 1362 comiti
507 1298 546 1362 dc
570 1298 681 1362 Zonulr
712 1300 812 1361 amico
836 1318 947 1362 eorum
977 1298 1152 1362 reverendo
1183 1300 1358 1382 capitulum
1389 1301 1540 1365 ecclesiae
1562 1302 1779 1367 Waradiensis
1814 1312 1831 1364 5

376 1402 500 1466 debitae
522 1403 677 1466 amicitiae
693 1407 724 1466 et
738 1402 869 1465 honoris
884 1403 1073 1467 continuum
1096 1404 1337 1468 incrementum.
1367 1403 1488 1469 Literas
1511 1412 1636 1470 vestrae
1658 1408 1780 1491 magni-

376 1506 497 1569 tudinis
520 1507 672 1570 noveritis
695 1525 754 1570 nos
777 1506 811 1568 in
833 1506 910 1570 haec
933 1507 1032 1571 verba
1053 1508 1217 1591 recepisse.
1244 1507 1349 1592 (Folpt
1370 1508 1420 1571 die
1450 1505 1597 1573 Urbunda
1618 1510 1670 1574 das
1699 1510 1780 1575 Wei-

376 1609 479 1673 woden
493 1607 662 1673 Lanatam
675 1630 732 1672 von
747 1609 837 1672 1297
851 1607 908 1672 Nr.
934 1609 1031 1690 277.)
1061 1610 1128 1674 Ncs
1144 1613 1229 1675 enim
1249 1612 1341 1675 iustis
1364 1618 1396 1676 et
1410 1612 1559 1695 legitimis
1573 1615 1781 1698 petitionibus

378 1719 502 1777 vestrae
525 1713 753 1796 magnitudinis
768 1720 956 1795 annuentes,
978 1720 1016 1777 ut
1034 1720 1189 1797 tenemur,
1213 1707 1351 1779 unacum
1375 1715 1535 1798 praedicto
1551 1716 1672 1782 Jacobo
1696 1718 1780 1782 dicto

377 1817 465 1881 Chue
488 1818 527 1881 de
543 1817 670 1880 Zuchalr
692 1816 852 1900 praedicta
873 1824 1019 1880 nostrum
1042 1818 1203 1883 hominem
1225 1819 1373 1883 videlicet
1394 1821 1581 1902 magistrum
1600 1820 1781 1886 iohannem
1817 1828 1851 1882 10

378 1922 501 1985 socium
523 1928 555 1985 et
577 1921 827 1985 concanonicum
858 1927 1004 1984 nostrum
1035 1922 1075 1985 ad
1096 1924 1269 2006 praemissa
1291 1924 1497 2005 exsequenda
1518 1944 1576 2007 pro
1599 1926 1780 1989 testimonio

377 2024 441 2089 fide
456 2025 588 2109 dignum
603 2025 673 2089 vioe
689 2032 798 2088 nostra
820 2025 973 2088 duximus
990 2027 1278 2091 transmittendum.
1302 2026 1364 2102 Qui
1387 2028 1515 2091 demum
1531 2029 1572 2091 ad
1586 2048 1646 2092 nos
1661 2030 1781 2094 reversi

379 2130 473 2194 nobis
495 2130 696 2192 concorditer
717 2129 898 2192 retulerunt
919 2149 977 2212 per
999 2149 1059 2194 nos
1082 2132 1236 2212 requisiti,
1260 2131 1346 2212 quod
1368 2131 1428 2214 ipsi
1451 2131 1530 2195 feria
1552 2133 1693 2197 secunda
1707 2153 1780 2217 pro·

379 2235 468 2296 xima
490 2238 562 2296 ante
585 2234 703 2297 festum
725 2232 891 2296 beatorum
911 2233 1048 2318 Philippi
1071 2240 1103 2298 et
1116 2234 1228 2298 iacobi
1251 2234 1498 2318 apostolorum1)
1522 2241 1554 2298 et
1576 2236 1645 2300 aliis
1668 2236 1780 2301 diebus

378 2336 517 2400 adhaec
540 2336 622 2420 aptis
644 2344 676 2399 et
695 2356 836 2419 congrue
859 2322 1091 2402 sufficientibus
1114 2339 1154 2401 ad
1176 2339 1273 2402 facies
1288 2338 1521 2423 praedictarum
1544 2341 1780 2422 possessionum
1817 2349 1849 2401 15

377 2440 549 2504 Monustur
571 2446 603 2504 et
619 2440 868 2504 Zenthbenedulr
891 2442 1004 2505 vicinis
1027 2448 1059 2506 et
1081 2444 1306 2506 commetaneis
1321 2443 1495 2506 earundem
1518 2443 1678 2506 universis
1693 2442 1781 2507 vida·
1811 2440 1815 2445 ’

378 2545 452 2608 licet
474 2544 648 2609 venerabili
671 2545 704 2606 in
728 2544 852 2608 Christo
875 2551 965 2629 patre
988 2566 1025 2609 ac
1048 2546 1176 2610 domino
1200 2546 1327 2610 domino
1344 2546 1439 2610 Petro
1464 2547 1514 2610 dei
1538 2552 1569 2610 et
1591 2546 1782 2630 apostolicae

379 2651 463 2714 sedis
485 2651 587 2733 gratia
608 2649 755 2734 episcopo
777 2649 1002 2713 'l'ranssiluano
1026 2670 1062 2715 ac
1084 2650 1153 2713 aliis
1185 2650 1353 2732 quibusvis
1376 2650 1520 2732 undique
1542 2649 1681 2733 legitime
1703 2649 1782 2713 inibi

380 2754 562 2817 convocatis
585 2759 618 2817 et
639 2753 861 2837 praesentibus
884 2755 1073 2837 accedendo,
1095 2756 1198 2838 primo
1221 2774 1241 2817 a
1262 2754 1355 2838 plaga
1369 2754 1516 2817 orientali
1540 2754 1624 2817 circa
1645 2752 1782 2817 fluvium

379 2856 410 2921 N
411 2857 487 2920 adas
501 2857 681 2941 incipiendo
697 2857 777 2921 duas
792 2862 892 2921 metas
907 2858 1056 2940 antiquas
1071 2857 1273 2942 reperissent,
1297 2877 1433 2939 quarum
1448 2877 1545 2921 unam
1561 2863 1781 2942 renovassent
1817 2864 1852 2919 20

381 2979 517 3041 quarum
548 2961 676 3042 quidem
707 2980 813 3024 unaa
842 2961 935 3044 plaga
965 2961 1111 3026 orientali
1140 2967 1243 3025 terrae
1274 2960 1427 3039 Oluswar,
1461 2962 1523 3025 alia
1544 2981 1620 3026 vero
1654 2967 1783 3046 aparte

380 3064 567 3127 occidentali
588 3065 781 3147 possessioni
803 3064 975 3128 Monustur
997 3065 1230 3149 distinguerent
1252 3071 1284 3130 et
1306 3073 1497 3150 separarent.
1526 3064 1650 3131 Deinde
1672 3085 1781 3150 proce·

380 3168 484 3232 dendo
507 3187 620 3232 versus
642 3167 767 3251 plagam
790 3168 1037 3250 meridionalem,
1068 3170 1101 3232 in
1125 3170 1228 3235 medio
1252 3174 1409 3233 terrarum
1432 3170 1608 3253 arabilium,
1639 3171 1780 3235 saliendo

381 3272 541 3354 quandam
565 3272 648 3334 riam
671 3291 817 3354 magnam
842 3277 874 3336 et
897 3273 1096 3337 ascendendo
1116 3279 1257 3337 montem
1273 3293 1425 3357 magnum
1447 3292 1523 3357 prae
1546 3274 1616 3337 aliis
1638 3274 1780 3339 altiorem

380 3395 479 3460 prope
500 3380 643 3438 montem
664 3374 844 3458 lapidosum
867 3378 1056 3441 existentem
1080 3382 1112 3441 et
1134 3377 1251 3441 ibidem
1274 3379 1307 3439 in
1326 3378 1491 3441 cacumine
1507 3378 1649 3442 eiusdem
1665 3380 1783 3443 montis
1817 3383 1853 3438 25

380 3499 477 3543 unam
499 3484 616 3542 metam
639 3478 820 3542 cursualem
835 3480 1029 3544 inveniendo
1046 3488 1261 3545 renovassent.
1284 3481 1410 3545 Abhinc
1427 3482 1648 3546 descendendo
1665 3483 1783 3547 directo

381 3590 491 3647 contra
521 3583 654 3646 eandem
683 3582 809 3666 plagam
838 3583 998 3647 tendendo
1032 3586 1254 3669 pervenissent
1286 3584 1325 3647 ad
1359 3583 1496 3647 fluvium
1528 3585 1652 3669 Zamus,
1687 3606 1782 3668 quem

382 3687 511 3768 quidem
541 3684 678 3749 flurium
708 3687 930 3751 transsiliendo
960 3708 1074 3752 versus
1103 3690 1166 3752 iam
1193 3689 1309 3751 dictam
1332 3688 1456 3772 plagam
1487 3688 1726 3753 meridionalem
1746 3691 1782 3751 in
1839 3694 1842 3699 '

307 3788 312 3797 ’
380 3791 510 3874 planitie
533 3790 573 3853 ad
595 3789 715 3853 bonum
738 3791 875 3874 spatium
898 3792 1067 3873 tendendo,
1097 3792 1152 3856 ubi
1175 3793 1362 3876 pervenitur
1384 3791 1425 3855 ad
1447 3792 1542 3875 viam,
1571 3811 1636 3874 qua
1657 3794 1721 3856 itur
1743 3793 1782 3857 de

381 3894 581 3978 possessione
603 3893 775 3957 Monostur
796 3894 836 3956 ad
859 3893 1013 3978 Oluswar,
1036 3897 1180 3960 similiter
1202 3896 1345 3959 saliendo
1368 3902 1400 3959 et
1421 3903 1562 3959 montem
1580 3896 1780 3960 ascendendo
1816 3901 1852 3955 30

278 4054 280 4059 ,
382 4016 486 4079 usque
515 3998 555 4060 ad
584 3996 680 4061 finem
711 3998 877 4061 cuiusdam
906 3998 1017 4063 fossati
1044 4002 1266 4083 pervenissent
1294 4004 1326 4063 et
1356 3999 1440 4062 inter
1468 3999 1629 4081 quandam
1658 4000 1783 4063 foveam

380 4121 528 4185 magnam
557 4101 750 4183 quadradam
781 4107 813 4165 et
842 4101 997 4165 fossatum
1028 4104 1062 4167 in
1092 4103 1222 4187 planitie
1245 4103 1388 4166 eiusdem
1419 4103 1538 4165 montis
1560 4103 1600 4165 ad
1623 4104 1783 4185 quandam

381 4206 474 4287 viam,
508 4206 542 4268 in
574 4226 638 4288 qua
667 4205 785 4269 directe
814 4207 1015 4271 ascendendo
1049 4208 1272 4291 pervenissent
1304 4206 1345 4269 ad
1379 4206 1538 4287 quendam
1573 4207 1784 4272 monticulum

380 4309 477 4373 Halm
499 4316 658 4393 vocatum,
689 4311 722 4372 in
753 4329 817 4392 quo
847 4310 927 4374 duas
956 4316 1057 4375 metas
1088 4312 1263 4395 perforatas
1285 4310 1487 4393 reperissent,
1520 4328 1656 4391 quarum
1679 4330 1786 4374 unaa

381 4419 470 4497 parte
493 4413 666 4477 occidentis
688 4413 866 4496 praedictae
889 4417 1082 4497 possessioni
1104 4415 1285 4497 Monustur,
1316 4414 1377 4477 alia
1399 4433 1476 4477 vero
1499 4420 1630 4498 aparte
1653 4415 1784 4479 orientis
1819 4420 1854 4473 35

383 4524 487 4581 terrae
510 4517 654 4581 Cluswar
683 4515 923 4600 distinguerent
968 4517 1091 4582 Dehinc
1122 4519 1257 4583 ulterius
1286 4519 1321 4580 in
1351 4517 1462 4581 eadem
1491 4517 1543 4580 via
1565 4538 1694 4581 sursum
1716 4524 1785 4582 ten·

383 4622 487 4685 dendo
510 4622 594 4684 inter
616 4621 695 4684 duas
710 4620 844 4703 paludes
866 4621 906 4683 ad
930 4621 1049 4684 bonum
1065 4623 1203 4705 spatium
1217 4621 1449 4706 progrediendo
1466 4621 1653 4705 pervenitur
1668 4622 1784 4686 iterum

382 4725 422 4787 ad
446 4724 605 4807 quendam
636 4723 847 4788 monticulum
877 4725 1061 4805 rotundum,
1094 4726 1239 4790 similiter
1261 4724 1357 4788 Halm
1380 4730 1530 4787 vocatum
1552 4725 1636 4788 circa
1658 4725 1743 4788 viam
1766 4744 1785 4788 a

383 4834 472 4912 parte
495 4827 625 4891 orientis
655 4827 855 4910 existentem,
888 4847 985 4909 quem
1007 4829 1102 4892 etiam
1132 4849 1190 4912 pro
1212 4848 1279 4892 una
1300 4832 1386 4891 meta
1407 4829 1549 4892 cursuali
1572 4828 1784 4911 reliquissent

381 4932 496 4995 Adhuc
528 4931 663 4994 ulterius
695 4930 729 4992 in
760 4931 869 4995 eadem
901 4932 954 4994 via
986 4933 1187 5015 procedendo
1217 4934 1347 4998 venitur
1380 4933 1420 4996 ad
1452 4933 1612 5015 quendam
1642 4932 1784 4996 rivulum
1819 4937 1855 4991 40

381 5054 517 5119 parvum
540 5034 624 5097 inira
654 5034 694 5097 ad
716 5053 831 5098 nemus
853 5036 1084 5118 decurrentem,
1114 5037 1170 5100 ubi
1197 5037 1330 5102 eandem
1354 5038 1439 5101 viam
1462 5038 1502 5101 ad
1524 5039 1672 5102 dextmm
1694 5036 1786 5100 dimi-

382 5139 507 5220 sissent,
538 5138 626 5201 etin
649 5138 760 5202 eodem
790 5139 895 5203 rivulo
918 5158 1048 5204 sursum
1069 5160 1174 5223 usque
1196 5141 1237 5205 ad
1259 5150 1356 5225 caput
1382 5141 1525 5204 eiusdem
1546 5141 1784 5224 processissent,

381 5241 438 5305 ubi
459 5247 555 5325 caput
577 5242 720 5306 eiusdem
741 5243 839 5306 rivuli
859 5263 917 5328 pro
940 5251 1025 5308 meta
1038 5243 1252 5326 reliquissent
1274 5242 1397 5308 Dehinc
1417 5242 1554 5307 ulterius
1576 5263 1674 5328 super
1688 5249 1787 5328 caput

383 5346 526 5409 eiusdem
548 5345 645 5409 rivuli
666 5346 701 5408 in
723 5347 789 5410 acie
812 5348 978 5411 cuiusdam
994 5348 1090 5411 berch
1106 5347 1342 5430 aliquantulum
1363 5347 1404 5410 ad
1420 5347 1576 5411 orientem
1591 5347 1784 5438 reflectendo

538 5498 720 5570 omma.
1819 5502 1854 5556 rs
