4084 6302
927 623 1081 718 Ae!-

305 814 356 877 vel
378 814 494 876 damna
515 815 549 876 in
572 814 657 877 dicta
677 813 880 897 perceptione
902 812 1076 875 utilitatum
1099 810 1201 873 dictae
1215 809 1425 892 possessionis
1441 809 1542 872 eidem
1558 809 1698 872 Johanni

302 917 500 999 intulissetis,
531 917 592 1000 ipsi
615 917 784 980 retundere
815 915 930 978 damna
953 915 1064 978 eadem
1087 920 1119 977 et
1140 912 1385 976 satisfactionem
1415 912 1566 975 exhibere
1588 918 1621 975 et
1641 913 1700 974 im-

302 1020 441 1104 pendere
457 1019 607 1101 debentia,
631 1023 662 1082 et
676 1019 763 1082 aliud
779 1018 862 1082 sicut
884 1023 1024 1081 nostram
1047 1017 1164 1099 regiam
1185 1014 1435 1098 indignationem
1452 1015 1615 1078 incurrere
1637 1015 1701 1077 for·

303 1123 430 1186 midatis
453 1143 516 1185 uon
539 1123 664 1203 facturi,
694 1127 844 1185 caventes
868 1141 908 1184 ne
931 1140 1028 1204 super
1058 1121 1140 1184 iacto
1164 1119 1275 1183 eodem
1303 1125 1494 1181 contravos
1516 1119 1700 1202 peripsum

251 1236 267 1285 3
304 1227 343 1289 de
373 1231 478 1288 cetero
500 1227 682 1309 porrigatur
704 1226 903 1306 querimonia
925 1224 1080 1305 aliqualis.
1117 1222 1235 1286 Datum
1257 1222 1292 1283 in
1314 1221 1497 1301 waradino,
1519 1222 1553 1284 in
1577 1222 1697 1285 oetavis

305 1328 388 1392 beati
410 1327 573 1392 Michaelis
595 1328 783 1411 archangeli,
809 1347 893 1391 anno
917 1327 1036 1390 domini
1058 1304 1099 1389 ll.
1123 1303 1208 1389 000.
1228 1303 1339 1388 XXX.
1362 1327 1511 1388 secundo.

468 1463 564 1529 Unter
585 1465 653 1529 dom
676 1463 793 1548 Sicyel:
815 1466 937 1529 Relatio
960 1465 1117 1529 vaivodae
1138 1464 1283 1527 Thomas.

960 1790 1050 1874 501.

388 1955 592 2046 Wisscyracl
616 1959 721 2027 1332
749 1955 939 2028 November
967 1957 1000 2025 4.
1046 1954 1163 2044 Kbaip
1190 1953 1285 2024 Karl
1319 1954 1477 2044 baatdtiqt
1509 1955 1601 2026 seiae
1635 1953 1702 2024 Ur-

236 2094 270 2148 10
304 2077 440 2149 tandm
465 2099 529 2148 voa
555 2079 660 2147 1324
688 2076 754 2148 Nr.
776 2081 854 2147 417
878 2076 953 2148 aad
977 2078 1084 2146 1323
1111 2073 1177 2181 Nr.
1200 2075 1281 2144 400
1299 2074 1370 2162 fiir
1386 2073 1561 2165 Magister
1579 2074 1704 2145 Petras

304 2198 489 2287 batreffcad
513 2199 570 2269 cia
595 2197 699 2269 Heus
723 2199 762 2268 ia
788 2197 928 2269 Heltca.

462 2360 538 2430 Oriq.
552 2361 632 2430 Porp.
656 2360 760 2430 Uapar.
772 2358 980 2414 Loadcaorcbio
993 2359 1143 2426 Budapeet.
1169 2355 1266 2426 Strbel,
1285 2356 1449 2425 boacbddiqt,
1467 2357 1574 2410 waleros
1592 2356 1702 2423 chba,

407 2447 464 2514 aas
484 2448 533 2502 der
551 2447 694 2501 Ritclmeite
718 2446 906 2516 aufyedratclct,
930 2445 1049 2499 deraelbe
1067 2443 1183 2512 Stampel
1206 2444 1256 2497 wic
1282 2444 1331 2496 der
1350 2444 1437 2496 Avers
1461 2443 1508 2497 das
1526 2442 1628 2512 sopita
1650 2459 1704 2497 eoa

408 2534 462 2588 Nr.
483 2537 543 2588 515.

239 2718 272 2769 15
463 2708 531 2774 Nos
553 2707 691 2772 Karolns
722 2708 773 2772 dei
802 2709 903 2791 gratia
932 2726 992 2770 rex
1013 2705 1199 2788 Hungariae
1229 2703 1444 2788 significamus
1473 2709 1584 2767 tenore
1613 2722 1704 2786 prae-

305 2814 443 2877 sentium
475 2812 593 2894 quibus
622 2811 752 2895 expedit
780 2811 949 2892 universis,
983 2810 1070 2892 quod
1100 2809 1251 2893 magister
1280 2808 1395 2871 Petrus
1423 2805 1509 2871 lilius
1530 2805 1705 2888 Myobaelis

304 2915 407 2980 fidelis
429 2921 539 2979 noster
568 2914 607 2978 ad
637 2915 816 2979 serenitatis
838 2919 966 2978 nostrae
992 2911 1201 2997 personaliter
1230 2910 1384 2975 accedens
1415 2910 1626 2994 praesentiam
1648 2929 1705 2973 ex·

304 3019 409 3083 hibuit
431 3019 524 3083 nobis
547 3018 701 3099 quasdam
723 3016 830 3082 literas
853 3022 978 3081 nostras
1000 3021 1146 3101 patentes
1168 3015 1288 3079 tenoris
1315 3013 1531 3096 infrascripti
1553 3022 1665 3096 petens
1686 3033 1706 3076 a

305 3123 398 3186 nobis
420 3122 533 3186 humili
555 3140 686 3204 precum
708 3140 782 3184 eum
807 3121 967 3202 instantia,
998 3125 1035 3184 ut
1065 3119 1192 3183 easdem
1214 3118 1254 3182 ad
1276 3118 1457 3182 uberiorem
1480 3117 1526 3181 rei
1548 3116 1704 3180 cautelam

236 3232 271 3286 20
306 3226 451 3289 similiter
471 3225 571 3289 literis
593 3226 711 3289 uostris
733 3224 915 3307 patentibus
937 3225 1013 3287 novi
1037 3223 1130 3306 sigilli
1145 3222 1246 3286 nostri
1269 3221 1468 3305 appositione
1491 3238 1647 3283 renovare
1670 3225 1703 3282 et

305 3328 461 3393 ratificare
491 3329 531 3392 de
561 3329 648 3411 regia
670 3328 864 3410 benignitate
887 3328 1098 3411 dignaremur.
1133 3324 1274 3401 Quarum
1299 3331 1391 3387 tenor
1412 3323 1484 3387 talis
1507 3328 1564 3387 est
1601 3321 1706 3405 (Folyt

304 3432 354 3496 die
376 3429 523 3497 Urbande
544 3431 596 3495 des
610 3430 729 3515 Kbnipa
745 3429 827 3495 Kart
848 3452 904 3495 ocra
926 3430 1014 3493 1324
1027 3427 1086 3493 Nr.
1102 3428 1166 3491 417
1180 3429 1237 3490 mot
1250 3427 1306 3490 der
1328 3424 1475 3491 Urkaadc
1489 3425 1634 3490 baraban
1649 3444 1706 3488 oon

305 3536 394 3599 1323
417 3533 473 3599 Nr.
499 3535 590 3617 400.)
618 3534 687 3599 Nos
716 3536 825 3617 itaquo
855 3534 948 3599 iustis
971 3532 1177 3616 petitionibus
1207 3531 1349 3595 eiusdem
1375 3530 1518 3613 magistri
1541 3529 1628 3593 Petri
1650 3527 1705 3591 ad-

305 3639 449 3704 missioni
470 3639 637 3722 condignis
659 3639 699 3702 de
721 3639 827 3721 regiae
841 3638 967 3721 pietatis
990 3642 1117 3700 nostrae
1140 3634 1309 3698 clementia
1322 3633 1538 3698 favorabiliter
1561 3632 1704 3696 inclinati

237 3750 270 3804 25
305 3743 391 3826 ipsas
412 3742 521 3806 literas
550 3744 589 3806 de
618 3741 716 3806 verbo
739 3741 779 3803 ad
802 3740 935 3804 verbum
958 3739 1180 3823 praesentibus
1209 3739 1345 3801 insertas
1374 3742 1516 3818 eatenus
1547 3740 1706 3818 quatenus

306 3848 450 3930 rigorem
471 3845 630 3909 firmitatis
652 3845 796 3909 obtinere
808 3843 1085 3927 dignoscebantur,
1107 3840 1325 3926 praesentium
1339 3841 1515 3924 patrocinio
1538 3840 1705 3905 literarum

306 3949 460 4013 duximus
482 3948 702 4012 ratificandum
727 3955 760 4011 et
781 3946 1043 4011 confirmandum.
1066 3944 1184 4008 Datum
1207 3944 1240 4005 in
1256 3942 1438 4025 vissegrad,
1460 3944 1494 4006 in
1517 3943 1598 4007 festo
1622 3943 1706 4006 beati

306 4053 482 4117 Walentini
504 4053 664 4134 martyris,
687 4069 772 4114 anno
796 4050 915 4113 domini
937 4027 979 4112 lb.
1002 4026 1087 4113 000.
1110 4024 1220 4110 XXX.
1244 4046 1394 4109 seeundo.

462 4190 538 4273 nus
553 4190 609 4253 br
628 4188 786 4252 saaca
806 4207 863 4251 von
890 4188 973 4250 aaa
995 4183 1093 4248 nana
1114 4182 1166 4246 aa
1186 4182 1237 4246 15.
1260 4181 1506 4246 Jaaraoaara:
1539 4181 1622 4246 uer-r
1643 4182 1707 4245 aru

239 4300 273 4354 30
308 4295 421 4378 gehort
443 4314 500 4358 osv
523 4294 595 4357 dem
618 4293 678 4355 hvs
700 4310 776 4354 carr
796 4289 923 4354 Heltan.

965 4595 1057 4679 502.

387 4776 492 4853 1332
518 4782 569 4878 bia
596 4785 713 4853 1337.
742 4781 902 4870 Registcr
928 4779 991 4850 der
1010 4776 1226 4868 pdpatlicbea
1249 4774 1534 4847 Steuersammlcr
1558 4773 1709 4846 Jacobas

308 4903 546 4992 Boreaqcrius
571 4903 645 4973 aad
670 4900 891 4972 Raimaadas
917 4900 959 4970 dc
985 4897 1179 4989 Boaofotc
1197 4896 1281 4968 albor
1307 4895 1556 4986 Etnmmapea
1581 4896 1620 4965 ia
1646 4894 1709 4966 dar

307 5023 623 5114 dematurpeelea
649 5022 801 5106 Dibccse,
830 5020 918 5091 cccli
943 5021 982 5090 ia
1009 5018 1190 5089 batscbca
1215 5016 1428 5089 Debooatca.

239 5189 273 5242 35
464 5186 576 5241 Drarb:
594 5186 672 5240 Mon.
691 5185 753 5239 Vat.
766 5184 861 5253 Harey.
885 5181 976 5236 Serica
994 5181 1020 5247 Ι,
1042 5181 1116 5235 Tem.
1134 5180 1161 5247 1,
1178 5183 1214 5234 90
1231 5180 1301 5233 abab
1319 5180 1368 5234 der
1386 5178 1575 5244 Haadscbra'ft
1593 5177 1707 5231 Ratioa.

412 5272 585 5326 collectarum
603 5270 771 5339 Hesperiae
789 5269 907 5323 Na183
923 5268 973 5335 fol.
988 5272 1048 5321 48α
1066 5267 1115 5321 col.
1134 5271 1159 5334 1,
1183 5265 1391 5321 Vatiboaiacbea
1406 5264 1516 5318 Arcbio.
1535 5293 1569 5303 -
1592 5263 1708 5317 moer

412 5358 491 5413 Mea.
510 5358 606 5427 Huaq.
624 5357 651 5425 Ι,
669 5360 729 5411 556.

466 5478 651 5534 Bramaoct:
673 5477 881 5533 Vcrciaearcbio
899 5476 977 5530 Neue
996 5474 1083 5544 Foloe
1100 5472 1189 5541 VIII,
1206 5477 1266 5528 318.
