4084 6302
996 708 1003 715 .
1019 623 1082 682 458

1004 809 1098 891 503.

435 970 635 1063 Wisseprool
661 975 767 1043 1333
791 973 935 1043 Joauor
961 978 997 1043 2.
1035 974 1152 1065 Kdnr‘p
1178 975 1272 1045 Korl
1297 972 1411 1045 erhebt
1437 975 1547 1065 eiaipe
1573 974 1683 1046 Lauta
1708 975 1746 1046 in

347 1094 412 1164 dea
435 1094 638 1179 Adclstaaol,
666 1096 788 1166 welcda
815 1096 853 1166 ia
880 1096 957 1166 dena
984 1095 1136 1186 Feldaup
1162 1097 1200 1166 ia
1227 1097 1289 1166 der
1321 1094 1497 1167 Wohachci
1520 1095 1663 1167 Dimasto
1686 1119 1743 1186 pe·

349 1215 457 1286 buret
483 1215 600 1287 huben.

506 1379 582 1449 Orip.
600 1381 681 1448 Perp.
705 1380 808 1450 Unger.
822 1381 1030 1435 Lumlescrchic
1048 1382 1200 1450 Badupest.
1220 1382 1315 1450 Siepol,
1335 1382 1416 1449 rand,
1434 1382 1541 1436 massas
1559 1381 1667 1448 Woahr,
1686 1397 1745 1434 war
1780 1384 1797 1433 5

451 1466 508 1531 aas
520 1466 569 1519 der
588 1466 731 1520 Rdclcseite
749 1469 938 1538 caspedrrtclct.

504 1587 617 1640 Druck:
639 1589 838 1642 Transilvania
858 1594 933 1656 1871,
954 1595 1011 1643 180.
1031 1590 1214 1644 Densasiaaa
1233 1590 1400 1644 Documenta
1417 1594 1477 1644 626.

508 1708 733 1778 Uneollsldadigs
761 1711 839 1779 Proy
858 1712 961 1764 Araraol.
980 1729 1034 1780 rep.
1054 1712 1149 1781 Hunp.
1169 1709 1213 1778 II,
1237 1717 1279 1765 25.
1312 1712 1397 1778 r’eje‘r
1418 1712 1507 1766 Codex
1531 1711 1618 1776 VIII,
1636 1715 1661 1776 3,
1684 1715 1744 1765 679.

503 1883 570 1946 Noe
592 1883 730 1947 Karolus
759 1886 810 1951 dei
840 1887 940 1967 gratia
969 1907 1028 1951 rex
1057 1887 1241 1971 Hrmgariae
1272 1887 1486 1971 significamus
1516 1891 1626 1949 tenore
1655 1904 1746 1969 prae·

348 1987 485 2049 sentium
511 1987 628 2069 quibus
651 1989 780 2071 expedit
803 1990 969 2058 universis.
993 1991 1078 2072 quod
1103 1991 1178 2072 quia
1201 1992 1350 2074 magister
1371 1991 1461 2053 Mari(
1483 1989 1745 2053 vicecastellanus
1782 1993 1815 2047 10

349 2089 389 2152 de
412 2089 577 2154 Baluanus
600 2098 632 2154 et
652 2092 786 2157 Thomas
809 2094 906 2156 irater
936 2114 1015 2158 suus
1036 2094 1092 2156 filii
1115 2095 1263 2159 videlicet
1285 2095 1407 2158 Nicolai
1429 2093 1486 2157 filii
1508 2093 1656 2174 Bartalei‚
1679 2112 1745 2156 ser-

351 2192 474 2256 vientes
496 2195 638 2276 magistri
654 2194 805 2280 Stephani
828 2197 902 2261 dicti
918 2198 1025 2280 Pagan
1048 2196 1151 2260 fidelis
1174 2202 1206 2260 et
1224 2197 1386 2261 familiaris
1401 2197 1563 2262 castellani
1586 2196 1744 2279 magnifici

349 2296 409 2358 viri
431 2296 568 2361 Thomae
590 2300 744 2381 vaiyodae
766 2301 981 2365 Transsiluani
1013 2307 1046 2365 et
1067 2301 1191 2365 comitis
1213 2302 1252 2364 de
1275 2301 1388 2365 Zonulr
1409 2300 1547 2385 proximi
1570 2298 1671 2362 nostri
1693 2318 1744 2361 oa-

349 2400 474 2481 rissimi‚
505 2402 578 2465 item
603 2403 725 2486 Fagach
756 2411 787 2467 et
809 2405 973 2469 Iohannes
1002 2404 1059 2468 filii
1080 2404 1201 2487 Iacchi,
1227 2404 1283 2467 tilii
1315 2405 1376 2467 iarn
1401 2404 1476 2467 dicti
1498 2403 1636 2467 Bartalei
1658 2401 1744 2465 ioha-

349 2504 461 2585 giones
483 2512 516 2569 et
537 2507 759 2571 conditionarii
781 2514 958 2572 castrenses
981 2509 1020 2573 de
1042 2509 1174 2592 Fagach,
1206 2510 1246 2572 de
1268 2508 1420 2571 comitatu
1442 2507 1682 2586 Heweswyuar,
1710 2505 1742 2566 iu
1782 2522 1813 2572 15

346 2609 471 2671 cunctis
501 2611 619 2674 uostris
649 2613 784 2694 negotiis
814 2618 847 2676 et
876 2613 1015 2695 agendis
1049 2613 1208 2695 prosperis
1231 2618 1263 2675 et
1289 2612 1440 2691 adversis,
1470 2609 1575 2672 dubiis
1598 2608 1745 2671 fortunae

347 2712 472 2776 casibus
495 2719 527 2775 et
554 2713 770 2778 submittendo
800 2736 857 2799 pro
888 2717 1081 2780 exaltatione
1111 2716 1212 2779 nostri
1242 2716 1381 2795 honoris,
1414 2722 1511 2798 prout
1543 2732 1584 2776 ex
1606 2710 1746 2775 veridica

346 2814 500 2879 relatione
522 2817 734 2899 plurimorum
757 2819 933 2900 didicimus,
957 2839 975 2882 a
998 2819 1106 2883 multis
1128 2819 1293 2883 retroactis
1311 2817 1508 2902 temporibus
1530 2813 1744 2878 omnimodam

347 2916 529 2984 fidelitatem
552 2928 585 2984 et
606 2921 711 2985 fidelia
730 2924 859 2985 servitia
874 2923 965 2987 uobis
988 2929 1020 2987 et
1035 2942 1141 2986 sacrae
1157 2942 1293 2987 coronae
1308 2923 1413 3005 regiae
1428 2922 1625 2983 incessanter
1640 2934 1743 2997 usque

347 3021 441 3084 modo
464 3023 644 3087 exhibendo
667 3026 763 3088 etiarn
785 3045 859 3088 crrm
882 3025 1090 3090 effusionibus
1105 3029 1297 3111 sanguinum
1313 3045 1444 3090 suorum
1468 3029 1500 3087 et
1522 3022 1740 3106 proximorum
1778 3038 1812 3091 20

348 3123 424 3187 locis
447 3132 479 3189 et
509 3127 705 3211 temporibus
736 3130 923 3211 opportunis
951 3131 1145 3195 studuerunt
1175 3131 1391 3214 multipliciter
1421 3126 1617 3210 complacere
1648 3130 1679 3187 et
1709 3142 1744 3186 se

346 3228 478 3292 reddere
500 3232 613 3312 utique
636 3233 791 3315 gratiosos
814 3239 846 3296 et
868 3240 1022 3317 acceptos,
1046 3254 1127 3317 quae
1150 3255 1209 3298 suo
1232 3234 1326 3297 modo
1342 3231 1483 3296 fortassis
1505 3229 1638 3311 longum
1660 3232 1743 3290 esset

348 3350 503 3396 enarrare.
542 3334 603 3398 Sed
627 3344 663 3399 ut
685 3335 724 3399 de
747 3336 892 3419 pluribus
914 3338 1022 3419 aliqua
1044 3358 1145 3421 pauca
1167 3338 1337 3401 memoriae
1359 3340 1559 3419 posterorum
1583 3350 1743 3395 commen-

346 3435 459 3499 demus
487 3439 519 3499 in
551 3457 588 3502 eo
619 3441 813 3523 pracsertim,
849 3441 935 3521 quod
965 3441 1040 3504 dum
1072 3460 1131 3504 nos
1153 3442 1273 3525 pridem
1305 3442 1337 3502 in
1364 3437 1508 3522 partibus
1529 3434 1744 3517 Transalpinis

345 3540 608 3605 contraBazarab
631 3543 833 3607 manifestum
853 3552 885 3609 et
908 3547 1068 3609 notorium
1085 3552 1230 3609 nostrum
1245 3543 1414 3623 infidelem,
1437 3541 1532 3604 simul
1552 3560 1625 3603 cum
1641 3539 1743 3622 potio·
1778 3557 1812 3611 25

345 3642 434 3707 ribus
465 3646 555 3728 regni
586 3648 685 3710 nostri
713 3649 862 3732 praelatis
894 3656 927 3713 et
955 3649 1129 3713 baronibus
1158 3670 1194 3712 ac
1223 3647 1385 3712 nobilibus
1416 3664 1538 3708 necnon
1575 3640 1743 3725 regnicolis

346 3747 464 3811 nostris
485 3769 543 3831 pro
574 3753 799 3835 recuperandis
829 3754 905 3837 ipsis
935 3754 1079 3837 partibus
1104 3754 1293 3833 fuissemus,
1323 3752 1472 3831 idemque
1503 3755 1663 3829 tamquam
1693 3745 1743 3807 vir

345 3849 476 3931 iniquus
506 3859 538 3916 et
567 3854 640 3917 dolo
668 3856 783 3940 plenus
812 3878 849 3920 ac
879 3859 1022 3940 nequitia
1051 3863 1162 3921 contra
1193 3856 1414 3940 particularem
1445 3860 1571 3938 gentem
1602 3856 1743 3914 nostram

345 3962 513 4038 aggregata
543 3958 602 4020 sibi
634 3961 770 4041 quadam
801 3963 942 4044 potentia
972 3968 1004 4027 et
1033 3962 1182 4026 societate
1206 3960 1327 4025 Olalrali
1350 3958 1571 4023 fraudulenter
1599 3953 1662 4017 fide
1685 3973 1744 4016 sua

345 4057 512 4141 mediante,
545 4062 579 4123 iu
610 4064 749 4144 quodam
784 4066 853 4129 loco
892 4066 1053 4130 condenso
1084 4073 1116 4129 et
1144 4065 1279 4129 obscuro
1309 4064 1409 4147 ipsam
1440 4067 1566 4145 gentem
1600 4063 1741 4120 nostram
1777 4074 1812 4129 30

345 4161 522 4246 invasisset,
545 4164 676 4230 Pethew
698 4168 783 4232 lilius
806 4169 956 4253 Stephani
986 4171 1153 4253 proximus
1183 4169 1357 4233 eorundem
1383 4163 1645 4229 rioecastellanus
1668 4159 1742 4223 dicti

344 4263 482 4329 Thomas
504 4269 658 4334 rairodae
681 4271 719 4335 de
743 4272 904 4355 Ohychow
927 4280 959 4337 et
974 4273 1090 4338 Petrus
1111 4273 1197 4337 filius
1220 4273 1295 4336 dicti
1318 4271 1454 4336 Bartalei
1477 4288 1535 4353 pro
1558 4265 1742 4331 defensione

344 4373 377 4430 et
398 4377 568 4451 augmento
592 4375 692 4437 nostri
716 4376 845 4440 honoris
875 4384 908 4441 et
929 4377 1161 4460 regnicolarum
1192 4381 1375 4440 nostrorum
1399 4374 1534 4437 viriliter
1556 4371 1742 4434 dimicantes

343 4472 378 4533 in
406 4493 480 4537 area
508 4478 698 4559 certaminis,
731 4480 825 4543 iidem
857 4500 914 4563 per
944 4481 1045 4544 dictos
1073 4480 1218 4544 infideles
1250 4478 1363 4543 Olacos
1393 4478 1525 4542 luerunt
1553 4474 1742 4557 interempti.

343 4580 419 4644 Ideo
442 4601 500 4664 pro
524 4587 571 4644 tot
593 4589 625 4645 et
647 4585 743 4649 tantis
764 4583 906 4648 fidelium
930 4585 1156 4666 obsequiorum
1183 4583 1328 4666 gratimis
1350 4582 1471 4645 meritis
1493 4581 1533 4644 ad
1555 4580 1740 4664 petitionem
1776 4592 1810 4646 35

343 4683 437 4745 etiam
468 4685 568 4767 ipsius
597 4687 734 4752 Thomae
764 4689 917 4753 vaivodae
947 4688 1085 4771 proximi
1115 4688 1214 4751 nostri
1249 4687 1376 4750 eosdem
1407 4686 1498 4749 Mark
1531 4691 1564 4749 et
1591 4683 1742 4747 Thomam

343 4785 425 4850 filios
447 4787 569 4851 Nicolai
591 4790 667 4854 item
691 4790 813 4872 Fagach
836 4797 869 4854 et
882 4791 1061 4854 Iohannem
1084 4789 1167 4854 filios
1188 4788 1299 4854 Jacobi
1324 4791 1362 4854 de
1385 4790 1546 4873 praedicta
1560 4787 1743 4851 conditione

344 4890 486 4973 ipsorum
512 4892 631 4956 scilieet
652 4894 855 4976 iobagionatu
871 4902 903 4959 et
923 4895 1142 4957 conditionata
1158 4896 1309 4958 castrensi
1329 4894 1368 4957 de
1383 4893 1514 4957 consilio
1530 4892 1741 4975 praelatorum

343 5001 376 5057 et
398 4994 553 5059 baronum
583 5002 764 5059 nostrorum
796 4998 984 5075 eximentes,
1015 4998 1047 5060 in
1077 5008 1202 5061 coetum
1232 5005 1265 5062 et
1286 5017 1455 5061 numerum
1480 4996 1650 5060 liberorum
1677 5016 1742 5060 ser·

344 5099 498 5161 viantium
522 5105 554 5162 et
576 5099 730 5162 nobilium
761 5102 850 5183 regui
881 5102 981 5164 nostri
1007 5102 1094 5184 regia
1116 5103 1302 5166 auctoritate
1328 5101 1544 5184 praesentium
1566 5101 1741 5184 patrocinio
1776 5109 1812 5163 40

343 5203 588 5285 inperpetuum
620 5204 651 5264 in
682 5201 763 5266 filios
790 5203 929 5268 tiliorum
960 5225 1033 5269 cum
1065 5206 1319 5289 possessionibus
1345 5205 1520 5268 eorundem
1541 5204 1626 5267 iusto
1650 5203 1741 5267 titulo

342 5306 507 5386 acquisitis
530 5312 562 5369 et
583 5306 786 5387 acquirendis
809 5307 961 5371 duximus
993 5309 1201 5392 deputandos,
1231 5309 1375 5373 volentes
1406 5309 1491 5392 ipsos
1514 5314 1546 5372 et
1569 5306 1743 5389 quemlibet

342 5410 483 5492 ipsorum
507 5430 544 5472 ac
566 5409 767 5493 posteritates
790 5429 900 5474 eorum
924 5412 1032 5475 eadem
1057 5411 1211 5476 libertatis
1236 5412 1456 5496 praerogativa
1479 5430 1544 5493 qua
1565 5410 1661 5474 ceteri
1685 5429 1742 5473 uo·

341 5513 421 5577 biles
446 5519 479 5578 et
507 5512 599 5577 liberi
629 5514 805 5578 servientes
834 5516 925 5598 regni
954 5516 1055 5579 nostri
1084 5516 1253 5599 potiuntur
1274 5520 1307 5579 et
1328 5516 1482 5579 fruuntur
1511 5514 1742 5598 promittentes,
