4084 6302
1011 622 1165 718 —me—

383 801 542 884 instantia
565 808 611 885 ut,
628 804 704 885 quia
718 805 824 888 ipsum
839 808 1040 893 privilegium
1066 813 1104 876 ad
1129 815 1236 878 omnia
1256 814 1327 878 loca
1349 816 1487 898 adquae
1503 820 1682 884 necessario
1704 821 1788 886 foret

383 905 597 970 exhibendum
613 916 744 991 propter
758 912 900 993 pericula
915 921 946 977 et
969 915 1153 980 discrimina
1175 919 1299 983 viarum
1320 939 1429 983 secum
1452 921 1535 987 ferre
1551 923 1585 986 in
1600 926 1705 1008 speeie
1720 946 1787 990 uon

382 1009 523 1085 auderet,
546 1015 689 1075 tenorem
713 1015 782 1078 eius
806 1018 923 1079 nostris
952 1018 1052 1083 literis
1082 1020 1332 1104 privilegialibus
1356 1028 1527 1089 transsumi
1550 1034 1582 1092 et
1603 1030 1786 1107 transscribi

382 1111 558 1177 faceremus
574 1123 606 1178 et
621 1116 724 1198 sigillo
740 1126 850 1182 nostro
866 1123 1017 1204 pendenti
1033 1127 1232 1189 communiri.
1256 1127 1356 1192 Cuius
1377 1131 1504 1210 quidem
1520 1131 1678 1215 privilegii
1694 1138 1786 1197 tenor

381 1216 452 1279 talis
475 1224 531 1280 est.
553 1217 658 1303 (Felpt
671 1221 721 1284 die
744 1220 891 1288 Urlmrrde
905 1226 956 1289 dae
971 1226 1090 1312 Kdnips
1108 1228 1193 1293 Kurl
1214 1251 1271 1294 oon
1293 1232 1380 1295 1330
1393 1231 1452 1297 Νν.
1478 1234 1555 1317 473,
1578 1237 1634 1299 mit
1648 1236 1703 1300 der
1725 1235 1784 1302 Ur·
1820 1245 1838 1295 5

382 1318 484 1383 lande
497 1321 549 1385 cles
568 1321 808 1410 bsaaenborper
822 1327 962 1412 Kapitete
972 1331 1030 1396 Nr.
1046 1333 1116 1415 461,
1141 1333 1346 1400 &eblandiri
1361 1337 1417 1401 der
1436 1336 1583 1403 Urbuada
1603 1339 1655 1403 dcc
1667 1339 1786 1426 Krim'qs

380 1421 465 1487 Kurl
477 1446 532 1488 oon
546 1427 635 1490 1328
645 1427 703 1492 Νν.
718 1431 811 1513 459.)
833 1432 900 1497 Nos
915 1436 1013 1518 igitur·
1027 1438 1234 1520 petitionibus
1250 1440 1391 1506 eiusdem
1408 1443 1527 1506 domini
1542 1443 1679 1509 'l'homae
1693 1465 1785 1529 prae·

380 1529 474 1608 positi
488 1529 579 1593 iustis
592 1536 624 1594 et
638 1532 786 1615 legitimis
802 1544 981 1603 annuentes
994 1547 1031 1603 ut
1042 1546 1197 1625 tenemur,
1214 1544 1291 1625 quia
1305 1545 1410 1628 ipsum
1425 1547 1628 1630 privilegium
1644 1550 1784 1614 unimus

380 1636 413 1693 et
434 1635 611 1716 reperimus
634 1656 699 1699 non
716 1639 935 1723 cancellatum,
959 1664 1022 1706 non
1039 1645 1196 1728 abrasum,
1220 1668 1285 1711 non
1301 1648 1453 1712 abolitum
1474 1657 1531 1715 aut
1552 1652 1586 1715 in
1609 1652 1717 1735 aliqua
1732 1656 1783 1718 sui

379 1742 468 1816 parte
484 1738 639 1822 vitiatum,
662 1740 759 1803 immo
774 1742 890 1825 charta,
913 1765 994 1829 cera,
1017 1750 1119 1831 sigillo
1143 1771 1179 1813 ac
1202 1753 1302 1815 serico
1327 1753 1450 1817 salvum
1466 1761 1498 1819 et
1512 1756 1672 1839 integrum
1695 1766 1728 1823 et
1742 1759 1781 1822 ab

379 1840 465 1900 omni
496 1842 676 1924 suspicione
707 1852 864 1909 remotum
898 1853 1119 1932 praesentibus
1153 1855 1193 1917 de
1227 1856 1324 1919 verbo
1359 1857 1399 1919 ad
1433 1858 1567 1922 verbum
1599 1862 1782 1926 transscribi

381 1941 514 2005 fecimus
537 1950 569 2006 et
592 1946 694 2029 sigillo
718 1957 827 2013 nostro
850 1953 1003 2034 pendenti
1029 1960 1228 2021 communiri.
1258 1959 1376 2024 Datum
1401 1963 1431 2025 ie
1460 1982 1480 2024 a
1524 1964 1615 2028 uinta
1636 1966 1782 2048 proxima

378 2053 450 2128 post
471 2047 588 2111 festum
611 2050 745 2116 Passcae
768 2054 897 2139 domini,
927 2078 1011 2121 anno
1035 2061 1176 2124 eiusdem
1194 2041 1234 2126 lll.
1259 2042 1291 2128 ὃ.
1313 2044 1345 2128 0⁰⁴
1374 2043 1406 2129 (l.
1432 1983 1541 2131 Mil.
1565 2075 1686 2132 octavo.
1716 2069 1782 2133 Do-

380 2150 495 2212 minico
518 2155 708 2236 praeposito,
732 2155 829 2221 Sento
858 2167 997 2242 cantore,
1026 2163 1145 2228 Thema
1167 2169 1299 2231 custode
1329 2176 1361 2232 et
1384 2171 1532 2252 magistro
1556 2172 1657 2235 Paulo
1679 2174 1780 2236 arohi-

378 2253 511 2317 diacono
536 2256 575 2319 de
598 2256 745 2322 Karazna
767 2261 887 2325 decano
911 2265 1062 2330 ecclesiae
1086 2277 1211 2333 nostrae
1234 2272 1455 2337 existentibus.
1817 2285 1850 2335 15

1033 2616 1128 2700 546.

454 2805 563 2875 1338
598 2804 705 2896 April
738 2809 800 2877 30.
852 2802 929 2874 Dos
967 2799 1248 2892 Weisseabnrper
1282 2803 1427 2895 Kapitel
1462 2802 1652 2895 bepbrabipt
1686 2803 1779 2874 scine

388 2921 552 2996 Urknnde
585 2950 649 2997 oon
684 2929 789 2997 1324
830 2924 896 2995 Nr.
937 2924 1012 2993 413
1053 2923 1239 3012 betreffbnd
1277 2925 1332 2995 die
1370 2924 1601 3015 Besitannpen
1641 2921 1776 3010 Seidea,

376 3043 557 3134 Bnldescla
587 3046 746 3119 Scaenae
772 3047 846 3118 aad
871 3045 1006 3116 Ponad.

532 3211 736 3279 Einpeacboltct
748 3228 800 3265 voa
818 3210 878 3264 dem
893 3209 1117 3278 Weisseaburper
1129 3209 1243 3277 Kopitel
1262 3215 1338 3276 1399,
1359 3210 1435 3278 Orip.
1453 3210 1556 3279 Unger.
1569 3208 1776 3262 Landeaorrlriv
1812 3210 1849 3265 20

479 3295 630 3364 Budopest.

529 3417 642 3487 Repest:
661 3418 748 3485 Fejrr
769 3418 859 3473 Codex
876 3419 934 3485 XI,
953 3421 1013 3472 469.

529 3592 712 3675 Capitulum
742 3594 893 3658 ecclesiae
915 3593 1157 3656 transsiluanae
1188 3593 1336 3656 omnibus
1362 3592 1478 3657 Christi
1507 3591 1655 3656 fidelibus
1684 3611 1774 3675 prae·

373 3694 517 3758 sentibus
540 3697 658 3778 pariter
680 3706 712 3760 et
734 3698 852 3761 futuris
869 3698 986 3778 quibus
1009 3704 1193 3778 praesentes
1216 3697 1430 3759 ostenduntur
1448 3695 1583 3758 salutem
1605 3696 1639 3758 in
1663 3695 1774 3759 salutis

372 3797 528 3877 largitore.
562 3799 718 3874 Quoniam
743 3803 884 3865 omnium
908 3801 1023 3864 habere
1050 3801 1232 3864 memoriam
1264 3806 1296 3863 et
1320 3799 1438 3864 nullius
1462 3799 1603 3863 oblivisci
1628 3801 1773 3863 divinum
1809 3807 1844 3859 ‘35

372 3910 420 3965 est
450 3904 557 3986 potius
588 3923 685 3985 quam
717 3905 902 3983 humanum,
933 3905 1119 3968 rationabile
1142 3906 1239 3987 igitur
1262 3911 1319 3984 est,
1350 3922 1492 3985 eaquae
1522 3903 1561 3966 ab
1592 3903 1773 3967 hominibus

372 4007 567 4070 sanxiuntur
583 4008 771 4091 privilegiali
788 4010 970 4073 testimonio
986 4009 1164 4093 perennem,
1183 4008 1317 4092 proinde
1332 4008 1372 4070 ad
1388 4008 1531 4070 notitiam
1548 4008 1773 4071 universorum

371 4111 482 4174 harum
507 4111 588 4174 serie
617 4111 781 4176 literarum
811 4113 961 4177 volumus
983 4100 1160 4197 pervenire,
1192 4113 1279 4194 quod
1301 4111 1462 4193 Nicolaus,
1491 4110 1577 4173 filius
1606 4110 1772 4193 Johannis,

371 4215 510 4279 famulus
533 4215 679 4278 dominae
695 4214 887 4281 Katherinae
910 4218 1066 4281 consortis
1089 4216 1250 4298 quondam
1274 4216 1414 4297 magistri
1430 4214 1516 4277 Petri
1539 4213 1595 4277 filii
1610 4213 1773 4277 Michaelis

370 4320 408 4382 ad
440 4325 581 4383 nostram
611 4318 765 4382 accedens
794 4321 1006 4402 praesentiam
1032 4320 1178 4385 exhibuit
1200 4319 1292 4382 nobis
1322 4318 1476 4401 quasdam
1506 4318 1614 4381 literas
1643 4323 1769 4381 nostras
1805 4326 1841 4379 30

370 4422 581 4505 privilegiales
604 4443 701 4508 super
724 4424 894 4488 donatione
919 4424 1119 4507 quarundam
1142 4424 1380 4508 possessionum
1402 4422 1486 4485 inira
1507 4421 1770 4487 declarandorum

370 4526 530 4590 confectas
552 4534 664 4611 petens
686 4547 745 4591 nos
768 4548 840 4592 cum
868 4529 1027 4611 instantia,
1053 4535 1091 4592 ut
1113 4530 1240 4592 easdem
1266 4527 1326 4592 sub
1350 4527 1444 4610 sigilli
1466 4526 1566 4590 nostri
1589 4525 1769 4589 testimonio

369 4631 552 4694 transscribi
576 4639 608 4694 et
628 4631 777 4695 renovari
800 4632 976 4696 laceremus
991 4632 1031 4695 ad
1046 4631 1210 4696 cautelam.
1238 4630 1380 4708 Quarum
1396 4631 1560 4696 literarum
1583 4635 1675 4694 tenor
1698 4628 1770 4693 tulis

370 4742 426 4799 est.
450 4733 556 4818 (Folqt
578 4735 627 4798 die
650 4733 797 4799 Urbuade
818 4735 869 4798 dea
898 4734 1139 4819 Weisseaburqer
1160 4735 1301 4819 Kapitels
1323 4756 1378 4799 oon
1400 4735 1487 4797 1324
1510 4732 1567 4797 Νν.
1592 4731 1680 4806 413.)
1701 4732 1770 4797 Nos

369 4840 466 4922 igitur
488 4840 581 4903 iustis
603 4839 810 4924 petitionibus
832 4840 983 4923 praedicti
1000 4840 1122 4903 Nicolai
1145 4845 1325 4904 annuentes
1347 4840 1523 4923 praedictas
1545 4837 1653 4901 literas
1676 4837 1769 4901 nobis
1804 4846 1839 4899 35

371 4962 428 5027 per
451 4944 556 5027 ipsum
573 4944 731 5007 exhibitas
746 4962 811 5005 non
835 4942 962 5006 abrasas
984 4963 1044 5007 neo
1066 4944 1254 5008 cancellatas
1270 4964 1329 5007 neo
1351 4943 1459 5025 aliqua
1473 4943 1523 5006 sui
1538 4948 1627 5027 parte
1643 4943 1769 5006 vitiatas

369 5047 408 5110 de
425 5047 523 5111 verbo
539 5047 580 5110 ad
595 5047 730 5111 verbum
745 5046 805 5110 sub
829 5047 939 5111 eodem
963 5053 1073 5111 tenore
1093 5049 1274 5113 transscribi
1299 5056 1331 5112 et
1348 5046 1567 5131 praesentibus
1582 5048 1679 5111 inseri
1693 5046 1768 5111 feei-

368 5170 505 5232 musque
520 5151 688 5234 pendentis
704 5151 799 5234 sigilli
814 5152 917 5214 nostri
937 5153 1130 5235 appensione
1153 5153 1351 5216 communiri.
1366 5152 1485 5216 Datum
1503 5152 1535 5214 in
1555 5151 1663 5235 vigilia
1677 5171 1768 5215 sano-
1795 5146 1802 5167 ¹

368 5259 474 5318 torum
489 5254 606 5339 Philipi
628 5262 661 5319 et
675 5255 787 5318 Jacobi
803 5255 1029 5338 apostolorum,
1052 5276 1136 5319 anuo
1153 5256 1273 5319 domini
1288 5257 1454 5320 millesimo
1478 5232 1562 5320 0015.
1581 5234 1692 5319 XXX.
1715 5275 1768 5319 oc-

369 5364 452 5422 tavo,
475 5357 642 5422 Dominieo
665 5360 854 5443 praeposito,
878 5358 975 5423 Sento
991 5367 1129 5441 cantore,
1151 5360 1270 5423 Thoma
1291 5362 1423 5424 custode
1446 5366 1478 5424 et
1499 5360 1649 5444 magistro
1664 5358 1766 5424 Paulo
1801 5365 1837 5421 40

367 5461 588 5525 archidiacono
612 5462 651 5526 de
673 5462 819 5526 Karazna
841 5464 961 5527 decano
984 5463 1135 5528 ecclesiae
1157 5470 1285 5529 nostrae
1309 5464 1529 5529 existentibus.
