4064 6288
1005 594 1160 690 *oo-

384 785 454 849 sine
483 783 598 849 herede
629 784 810 848 decedentis
837 782 956 847 Mariae
986 782 1202 868 Magdalcnae,
1232 802 1316 865 quae
1343 781 1561 864 Telulrwynolr
1593 781 1719 867 (licitur,
1752 789 1785 847 et

386 892 502 953 terram
524 887 592 951 Pad
607 886 799 950 Saxonicum
821 893 854 950 et
868 886 936 951 Pad
947 887 1164 970 Hungaricam
1179 906 1283 969 usque
1298 886 1338 950 ad
1353 891 1470 950 terram
1487 884 1617 968 capituli
1632 885 1783 950 Albensis

385 991 425 1055 de
446 998 536 1074 parte
557 990 784 1074 Polluspotolr,
807 995 933 1073 praeter
954 995 1072 1054 terram
1094 990 1217 1055 abbatis
1239 991 1278 1053 de
1293 989 1443 1072 Bezered,
1465 1007 1539 1052 oum
1561 989 1660 1071 silvis,
1682 989 1784 1071 aquis,

383 1094 481 1176 pratis
511 1099 544 1157 et
573 1092 769 1157 sessionibus
799 1093 948 1157 villarum
979 1113 1185 1176 quocumque
1214 1094 1343 1157 nomine
1371 1097 1552 1171 censentur,
1585 1110 1667 1174 quae
1701 1092 1785 1155 infra

384 1196 484 1260 dictas
514 1201 614 1260 terras
645 1195 863 1277 includuntur,
895 1215 975 1277 quas
1004 1197 1044 1260 ab
1074 1198 1207 1280 antiquo
1237 1215 1341 1279 usque
1371 1196 1412 1259 ad
1441 1196 1518 1259 haec
1548 1200 1691 1278 tempora
1712 1195 1782 1278 ipso
1817 1202 1835 1255 5

382 1299 559 1365 laurencio
582 1300 733 1382 magistro
755 1305 922 1382 praesente
945 1318 979 1363 se
1002 1301 1143 1364 tenuisse
1162 1304 1376 1380 asseruerunt,
1398 1296 1529 1382 pacifice
1550 1299 1669 1363 eisdem
1692 1298 1784 1363 dimi·

383 1405 483 1468 simus
504 1403 720 1488 possidendas,
742 1408 919 1467 statuentes
940 1404 1114 1486 praemissa
1134 1422 1191 1488 per
1207 1403 1307 1467 banos
1320 1405 1447 1466 nostros
1469 1420 1527 1485 pro
1549 1407 1692 1485 tempore
1707 1421 1783 1466 con·

385 1508 515 1571 stitutos
535 1506 761 1571 inviolabiliter
782 1512 815 1570 et
835 1507 1082 1570 misericorditer
1097 1506 1260 1570 observari
1281 1505 1326 1569 nil
1349 1505 1434 1570 ultra
1446 1504 1626 1569 libertatem
1639 1506 1783 1589 ipsorum

385 1611 542 1675 amentari.
564 1609 607 1673 Et
628 1614 666 1674 ut
686 1609 764 1672 haec
786 1609 916 1673 libertas
937 1610 1112 1675 eorundem
1135 1616 1289 1694 perpetuo
1313 1614 1496 1693 perseveret
1517 1627 1577 1673 nec
1598 1628 1656 1693 per
1671 1627 1782 1690 quem·

384 1715 470 1797 piam
492 1714 597 1777 volem
617 1713 770 1795 revocari,
799 1719 983 1796 praesentes
1012 1713 1131 1777 eisdem
1153 1712 1332 1796 hospitibus
1353 1712 1471 1775 nostris
1493 1711 1533 1775 ds
1555 1711 1684 1793 Wynch
1706 1731 1782 1776 con·
1819 1717 1853 1773 10

386 1817 540 1880 cessimus
562 1815 671 1880 literas
692 1816 828 1900 duplicis
843 1817 938 1900 sigilli
960 1817 1062 1880 nostri
1076 1816 1254 1880 munimine
1268 1816 1440 1880 roboratas
1463 1815 1582 1879 Datum
1596 1835 1654 1899 per
1668 1835 1784 1880 manus

384 1920 527 2003 magistri
556 1918 736 1984 Lodomerii
769 1919 860 1984 aulae
893 1926 1021 1984 nostrae
1054 1919 1305 1985 vicecancellarii
1337 1919 1443 1983 dilecti
1477 1923 1510 1983 et
1540 1917 1643 1982 fidelis
1674 1917 1784 2000 nostri,

385 2043 470 2087 anno
494 2024 614 2087 domini
643 2001 685 2086 ll.
708 2000 768 2088 Οᾰ.
792 2024 990 2108 sexagesimo
1013 2024 1135 2106 quinto.

1042 2333 1127 2415 111.

462 2500 579 2568 1265.
608 2495 760 2589 Stephon
777 2497 893 2569 ianmr
918 2518 980 2568 ree
995 2496 1139 2568 cerleilt
1161 2495 1302 2567 Cosmus
1320 2493 1421 2582 filius
1443 2492 1585 2564 Cozmoc
1603 2492 1644 2564 de
1658 2514 1783 2585 penem
1819 2511 1853 2565 15

389 2615 582 2689 Guthlreled
607 2618 677 2706 fier
701 2618 794 2689 aeine
819 2616 1143 2707 Dierutlcistuopcn,
1180 2616 1361 2689 besondcra
1394 2613 1434 2684 in
1468 2618 1581 2685 castro
1607 2610 1782 2684 Feketew·

386 2735 515 2831 holum,
540 2738 650 2829 aalys
680 2737 800 2810 Geor.

463 2855 592 2929 Datum
627 2881 689 2954 per
722 2879 850 2930 manus
885 2855 1047 2952 magistri
1073 2855 1167 2928 Petri
1203 2856 1304 2929 aulae
1338 2859 1478 2926 nostrae
1507 2851 1781 2925 vicecancellarii

387 2976 501 3049 dilecti
528 2985 561 3050 et
585 2978 700 3051 fidelis
725 2977 846 3070 nostrl
872 2998 964 3049 anno
991 2976 1121 3048 domini
1147 2974 1310 3050 MCCLX
1336 2973 1464 3071 quinto.

543 3142 655 3197 Druck:
679 3140 765 3208 ch'tr
785 3140 875 3196 codex
896 3138 947 3206 VI,
970 3143 996 3206 2,
1018 3142 1070 3194 389
1091 3139 1162 3195 aaa»
1178 3138 1253 3194 door
1270 3137 1593 3208 Restatipuaprurkuode
1609 3136 1656 3191 des
1673 3136 1783 3208 Kenios
1818 3138 1853 3194 20

490 3226 645 3283 Lodislous
662 3226 718 3282 IV.
735 3240 789 3281 ven
807 3229 883 3281 1182.
900 3256 935 3269 -
952 3225 1136 3282 naseam
1153 3226 1321 3282 Documenta
1337 3229 1398 3281 326.

1041 3522 1127 3604 112.

464 3690 580 3759 1265.
621 3685 811 3773 Elraobetl,
852 3685 1035 3757 Gemellis
1067 3682 1251 3774 Stephana,
1288 3684 1348 3756 dea
1381 3683 1498 3754 lentior
1531 3705 1607 3768 reu,
1642 3681 1784 3754 salaht

390 3807 531 3881 Cosmus
549 3807 650 3895 filius
675 3807 808 3878 comitis
840 3804 982 3877 Oeam
1009 3805 1051 3876 de
1074 3826 1198 3895 penore
1231 3803 1423 3875 Gutlkeled
1440 3805 1511 3891 fiir
1536 3804 1592 3874 dle
1619 3801 1781 3894 Stephon,

388 3929 567 4001 besondera
592 3928 630 3999 ia
656 3925 924 3998 Feletcwleolum
948 3927 1142 4017 peleistctco
1168 3925 1312 3996 Menate
1338 3924 1393 3996 dic
1419 3923 1607 4014 Beeitauup
1632 3922 1782 4015 Ropald.
1818 3935 1853 3990 25

465 4047 595 4121 Datum
628 4070 689 4143 per
723 4069 850 4119 manus
877 4045 1087 4118 venerabilis
1123 4044 1232 4140 patris
1267 4041 1422 4138 Philippi
1457 4042 1511 4115 dei
1541 4042 1658 4139 gratia
1692 4041 1783 4137 epis·

389 4169 464 4264 copi
489 4167 689 4262 Vacicnsis,
724 4166 826 4239 aulae
851 4173 988 4239 nostrae
1013 4164 1213 4239 cancellarii
1242 4163 1357 4236 fidelis
1384 4162 1504 4254 nostri,
1535 4185 1628 4235 anno
1654 4160 1784 4234 domini

388 4287 549 4363 MCCLX
575 4288 702 4385 quinto.

540 4453 651 4508 Dmclc:
675 4451 763 4520 Γαβᾶ
782 4449 873 4505 Codes
894 4448 946 4516 VI,
963 4452 989 4518 2,
1013 4452 1066 4505 391
1088 4448 1160 4504 nach
1176 4448 1252 4504 cim
1270 4446 1593 4518 Beseupunqoareoaee
1609 4445 1657 4503 aa
1674 4444 1784 4516 Konta

491 4538 646 4593 Ladisloua
663 4536 719 4593 IV.
735 4552 790 4592 ooo
807 4538 884 4591 1282.
901 4565 937 4579 -
953 4535 1138 4592 Danastium
1154 4535 1322 4592 Documento
1338 4537 1398 4591 391.
1818 4529 1854 4587 30

1042 4831 1130 4915 113.

464 5000 543 5070 126
549 5002 581 5070 6.
610 4993 762 5089 Stephon
778 4997 895 5069 iunior
920 5019 982 5067 rea
1007 4995 1149 5069 veniat
1175 4995 1241 5067 deu
1257 4992 1452 5067 Dcutscleen
1477 4992 1515 5065 in
1540 4990 1686 5065 Keruke
1712 4989 1786 5064 uad

393 5118 514 5211 Ypuca
538 5117 773 5192 wmliedeae
790 5116 918 5189 Rechts
943 5115 1017 5188 aad
1040 5115 1179 5188 schenkl
1204 5114 1382 5187 molseo
1403 5115 1459 5187 dic
1476 5120 1573 5186 terro
1594 5111 1782 5205 Gpomurd.

543 5281 746 5351 Einpesdsoltet
762 5297 816 5335 ooo
832 5280 892 5334 dem
909 5278 1133 5348 wesemeorper
1144 5277 1259 5347 Kopiul
1275 5278 1335 5332 aad
1351 5277 1405 5331 aaa
1416 5276 1577 5332 Korwcnten
1594 5276 1643 5331 der
1654 5273 1782 5330 Domini·

490 5368 577 5423 kam
593 5367 653 5423 mid
669 5366 841 5438 apuam
856 5382 894 5421 ru
910 5366 1104 5436 Weisaeaburp
1122 5368 1190 5422 1296
1202 5365 1245 5420 bis
1257 5368 1333 5432 1301,
1354 5362 1431 5433 θήρ.
1453 5362 1558 5433 Uopor.
1575 5361 1784 5419 Lemmata
1818 5362 1852 5417 35

491 5454 642 5524 emeat.
