4048 6284
953 566 1108 665 —so—

488 754 660 838 Gregorius
683 755 851 839 episcopus
874 806 973 821 .....
996 758 1110 822 dilecto
1131 756 1226 821 filio.
1248 755 1287 835 .¹)
1310 757 1410 821 electo
1432 756 1629 839 Penestrino,
1653 776 1728 841 apo·

330 859 460 923 stolioae
492 858 577 924 sedis
608 859 721 943 legato,
755 859 890 924 salutem
921 910 1049 924 .....
1078 860 1194 925 Dileoti
1223 859 1281 923 filii
1303 907 1312 923 .
1336 904 1345 923 .
1367 862 1516 943 magister
1551 867 1583 925 et
1615 860 1729 925 iratres

331 962 494 1045 hospitalis
517 969 644 1027 sanctae
666 962 785 1026 Mariae
799 963 1045 1028 Teutonioorum
1060 964 1172 1028 humili
1194 963 1286 1028 nobis
1301 971 1333 1028 et
1354 965 1486 1028 instanti
1500 965 1729 1046 conquestione

330 1071 557 1148 monstrarimt,
581 1067 667 1148 quod
690 1085 764 1130 cnm
785 1068 967 1131 carissimus
988 1068 1023 1131 in
1039 1067 1162 1132 Christo
1184 1067 1270 1131 filius
1292 1072 1401 1131 noster
1411 1068 1558 1132 Andreas
1572 1068 1728 1151 Ungariae

331 1187 391 1233 rex
411 1168 545 1234 illustris
568 1188 679 1234 eornm
701 1169 811 1232 domui
833 1176 950 1234 terram
972 1170 1106 1249 Burze²)
1127 1173 1181 1256 pia
1201 1170 1389 1235 liberalitate
1411 1171 1568 1252 donasset,
1590 1173 1673 1235 sicut
1694 1171 1729 1233 in
1763 1178 1780 1231 5

330 1272 432 1355 ipsius
453 1273 619 1356 privilegio
649 1292 746 1337 aurea
774 1272 862 1336 bulla
890 1274 1013 1337 munito
1035 1274 1129 1358 plene
1158 1276 1380 1358 perspeximus
1401 1274 1566 1357 contineri,
1588 1274 1649 1358 ipsi
1669 1293 1728 1358 pro

330 1375 463 1439 colenda
491 1381 524 1440 et
556 1376 729 1440 munienda
761 1380 847 1439 terra
875 1377 994 1460 eadem,
1023 1397 1081 1460 per
1111 1397 1208 1460 quam
1229 1378 1380 1442 Cumanis
1412 1397 1547 1461 regnum
1569 1377 1728 1461 Ungariae

330 1479 548 1563 multiplloiter
558 1478 819 1563 perturbantibus
833 1479 985 1562 frequens
1000 1481 1150 1546 introitus
1161 1488 1194 1546 et
1208 1482 1315 1546 exitus
1325 1482 1510 1563 habebatur,
1526 1500 1730 1545 numerosam

331 1583 499 1667 pecuniam
521 1583 745 1667 expenderunt
772 1583 818 1646 ibi
847 1603 919 1647 cum
950 1584 1051 1648 multo
1080 1585 1189 1649 labore
1219 1605 1256 1649 ao
1284 1585 1405 1670 proprii
1431 1584 1584 1649 effusione
1606 1585 1730 1648 cruoris

332 1687 477 1769 quinque
498 1692 602 1751 castra
623 1687 717 1751 fortia
738 1688 963 1752 construendo.
986 1687 1048 1753 Sed
1070 1688 1145 1753 licet
1165 1690 1250 1754 idem
1271 1709 1332 1754 rex
1353 1689 1400 1753 eis
1415 1693 1533 1753 terram
1547 1687 1730 1752 abstulisset
1765 1693 1799 1748 10

333 1790 475 1872 eandem,
497 1791 599 1874 ipsam
620 1791 749 1854 tandem
770 1791 911 1855 restituit
932 1796 970 1854 ut
988 1790 1130 1872 debebat,
1155 1791 1233 1873 quin
1255 1792 1350 1855 etiam
1364 1811 1422 1875 pro
1437 1791 1730 1874 recompensatione

334 1893 525 1956 damnorum
546 1894 624 1978 ipsis
654 1893 740 1957 ultra
768 1899 893 1958 montes
922 1895 1046 1958 nivium
1068 1900 1190 1979 partem
1217 1895 1353 1959 contulit
1375 1893 1643 1976 1111111111
1666 1912 1732 1975 qua

334 2015 407 2060 cum
430 1995 506 2059 dicti
527 1996 684 2083 magister
701 2002 733 2061 et
753 1996 867 2061 iratres
889 2000 1029 2061 castrum
1043 1998 1293 2062 munitissimum
1308 1999 1572 2080 construxissent
1595 1997 1731 2061 Cumani

336 2099 496 2183 perterriti
518 2103 551 2163 et
572 2100 715 2165 dolentes
746 2099 924 2183 ademptam
946 2099 1006 2164 sibi
1034 2102 1198 2185 ingressus
1228 2107 1261 2165 et
1290 2101 1397 2165 exitus
1426 2100 1618 2183 facultatem,
1652 2119 1729 2164 con-

334 2209 464 2286 gregata
484 2203 607 2286 ingenti
629 2202 835 2267 multitudine
857 2202 1055 2285 bellatorum,
1078 2205 1192 2269 fratres
1221 2205 1300 2268 inibi
1322 2210 1554 2269 commorantes
1576 2204 1731 2268 hostiliter
1766 2210 1799 2263 15

336 2306 476 2389 aggressi
487 2307 627 2388 luerunt,
643 2307 699 2370 sed
712 2307 839 2369 domino
854 2307 1045 2390 propitiante
1060 2308 1186 2389 devicti,
1201 2308 1327 2372 ooniusi
1341 2314 1373 2372 et
1387 2308 1516 2371 reveriti
1532 2308 1731 2390 destitenmt,

337 2410 417 2491 quin
439 2410 534 2474 etiam
558 2409 687 2491 quidam
716 2428 759 2473 ex
780 2408 843 2472 illis
866 2409 958 2473 dictis
986 2410 1138 2474 iratribus
1168 2429 1202 2475 se
1224 2411 1402 2493 reddentes,
1424 2429 1497 2473 oum
1519 2409 1677 2473 uxoribus
1699 2416 1732 2474 et

333 2512 476 2597 parvulis
498 2513 538 2575 ad
560 2512 710 2596 baptismi
731 2512 866 2595 gratiam
887 2511 1107 2577 convolarunt
1140 2514 1185 2577 At
1206 2532 1266 2577 rex
1288 2512 1469 2597 praedictus
1491 2517 1608 2576 terram
1629 2513 1732 2596 ipsam

333 2617 516 2700 ingrediens
538 2616 721 2698 cultamque
739 2614 945 2699 prospiciens,
967 2614 1080 2680 tratres
1103 2617 1142 2681 de
1164 2622 1250 2681 terra
1271 2618 1317 2681 eis
1332 2636 1390 2701 per
1403 2615 1511 2680 sedem
1526 2616 1731 2699 apostolicam

333 2718 519 2784 confirmata
547 2725 580 2784 et
608 2719 667 2782 sub
698 2718 767 2781 eius
798 2718 996 2800 protectione
1018 2727 1166 2805 suscepta
1188 2721 1313 2804 expulit
1333 2719 1498 2802 violenter,
1520 2738 1587 2782 non
1609 2720 1730 2801 absque
1766 2725 1801 2779 20

333 2822 495 2886 Romanae
518 2821 668 2886 ecclesiae
697 2820 816 2884 iniuria
836 2821 1012 2905 manifesta,
1035 2842 1110 2887 cnm
1135 2825 1246 2888 eadem
1268 2829 1353 2888 terra
1374 2822 1500 2887 nullum
1521 2828 1647 2906 praeter
1668 2822 1732 2887 Ro·

333 2945 465 2990 manum
486 2922 668 3009 pontificem
698 2922 818 2988 habens
847 2925 1031 3008 episcopum
1060 2927 1113 2991 vel
1145 2927 1331 3011 praelatum,
1361 2926 1464 2990 eidem
1486 2925 1636 2990 ecclesiae
1659 2945 1732 2990 oen-

335 3028 433 3093 sualis
455 3028 581 3092 existat.
603 3027 646 3092 Et
668 3028 815 3109 quamvis
837 3028 907 3111 piae
929 3029 1099 3093 memoriae
1110 3029 1275 3093 Honorius
1288 3049 1371 3113 papa
1384 3030 1610 3112 praedecessor
1623 3034 1733 3094 noster

335 3150 372 3195 ac
394 3151 454 3195 nos
475 3132 680 3214 postmodum
709 3130 829 3214 pluries
851 3131 1012 3214 praedicto
1034 3132 1102 3215 regi
1124 3131 1311 3195 affectuosas
1332 3151 1444 3216 preces
1466 3139 1498 3197 et
1519 3134 1640 3197 monita
1662 3131 1732 3196 dili-

336 3235 443 3320 gentia
473 3234 695 3316 direxerimus,
725 3239 763 3297 ut
793 3234 838 3297 eis
868 3233 1040 3299 liberaliter
1068 3235 1215 3299 redderet
1244 3242 1360 3299 terram
1388 3236 1499 3320 ipsam,
1528 3255 1732 3318 nequaquam
1767 3240 1802 3295 25

335 3343 442 3402 tamen
471 3337 591 3401 fuimus
620 3336 773 3418 exauditi,
804 3337 883 3419 quin
911 3339 1019 3420 potius
1050 3338 1135 3402 idem
1163 3338 1314 3421 magister
1340 3339 1380 3403 ad
1408 3340 1620 3423 praesentiam
1649 3339 1733 3423 regis

335 3442 369 3506 in
391 3461 448 3525 spe
469 3445 603 3505 vocatus
625 3440 787 3521 accedens,
809 3441 982 3504 frustratus
1004 3442 1106 3524 rediit,
1128 3441 1279 3525 fatigatus
1304 3442 1414 3506 multis
1436 3441 1599 3506 laboribus
1621 3447 1654 3506 et
1675 3461 1732 3505 ex-

335 3546 452 3631 pensis,
474 3544 552 3608 alias
574 3544 668 3607 domo
697 3563 757 3607 sua
777 3549 907 3627 propter
936 3544 995 3607 hoc
1018 3545 1126 3608 attrita
1146 3545 1244 3607 variis
1266 3551 1298 3609 et
1320 3546 1504 3610 enormibus
1526 3545 1732 3609 detrimentis.

336 3648 441 3726 Quare
462 3648 559 3711 iidem
580 3647 731 3730 magister
753 3652 785 3710 et
806 3646 920 3710 fratres
941 3646 1125 3730 suppliciter
1140 3645 1332 3730 flagitarunt,
1352 3653 1390 3713 ut
1411 3668 1486 3712 cum
1508 3668 1567 3712 rex
1582 3648 1733 3712 seductus

336 3751 594 3837 suggestionibus
623 3748 835 3833 malignorum
863 3749 1070 3813 inexorabilis
1098 3751 1254 3829 videatur,
1276 3750 1322 3813 nil
1352 3752 1439 3815 aliud
1461 3771 1648 3817 asseverans
1670 3752 1732 3815 nisi
1767 3758 1802 3812 30

338 3856 426 3938 quod
448 3855 607 3919 restitutio
629 3853 731 3936 ipsius
751 3858 854 3916 terrae
875 3871 933 3936 pro
949 3871 996 3933 eo,
1020 3853 1106 3934 quod
1125 3872 1241 3936 magna
1255 3859 1311 3935 est,
1335 3856 1402 3918 suis
1416 3854 1490 3918 filiis
1504 3859 1537 3918 11
1559 3853 1732 3917 baronibus

336 3958 524 4042 displiceret,
554 3958 730 4020 faceremus
760 3954 820 4019 sibi
848 3956 1002 4020 iustitiam
1024 3955 1175 4019 exhiberi.
1220 3956 1269 4021 Ne
1300 3958 1399 4040 igitur
1421 3958 1587 4021 videamur
1609 3957 1732 4022 deferre

334 4062 455 4125 homini
478 4064 590 4125 contra
611 4060 715 4142 deum,
738 4060 790 4123 cui
813 4064 862 4122 111
883 4064 995 4123 contra
1017 4077 1128 4122 omnes
1150 4058 1294 4124 hemines
1317 4060 1533 4142 deferendum,
1549 4060 1732 4124 discretioni

337 4172 410 4230 tuae
433 4165 473 4229 de
495 4164 588 4228 1111111
609 4162 893 4245 circumspectione
922 4163 1049 4246 plenam
1078 4163 1113 4225 in
1143 4161 1271 4225 domino
1293 4161 1442 4226 fiduciam
1465 4163 1653 4244 obtinemus,
1675 4182 1733 4245 per

336 4268 509 4352 apostolica
530 4267 648 4350 scripta
668 4266 865 4348 mandamus,
882 4273 1041 4348 quatenus
1063 4267 1201 4330 eundem
1223 4285 1330 4349 regem
1352 4272 1385 4330 et
1398 4265 1509 4330 Belam
1529 4264 1632 4328 filium
1654 4265 1732 4347 eius,
1767 4274 1802 4328 31

335 4378 374 4437 ut
402 4370 674 4453 conquerentibus
702 4369 873 4433 restituant
902 4373 1018 4433 terram
1048 4370 1150 4454 ipsam
1178 4370 1217 4433 de
1247 4370 1371 4433 damnis
1399 4369 1495 4433 illatis
1524 4376 1557 4433 et
1587 4369 1734 4451 irrogatis

336 4474 462 4538 iniuriis
485 4472 733 4538 satisfactionem
755 4490 929 4555 congruam
947 4472 1169 4555 impendendo,
1185 4472 1359 4555 prudenter
1374 4478 1407 4536 et
1420 4471 1590 4536 efficaciter
1604 4490 1735 4536 moneas

337 4583 370 4642 et
390 4576 531 4640 inducas.
570 4573 662 4651 Quod
685 4576 712 4638 si
733 4576 815 4639 forte
837 4575 967 4639 monitis
988 4594 1055 4638 non
1077 4576 1304 4658 acquieverint,
1328 4582 1364 4639 111
1385 4575 1530 4660 partibus
1552 4576 1735 4640 convocatis

338 4680 450 4747 audias
472 4699 609 4761 causam,
633 4685 665 4743 et
686 4679 713 4741 si
736 4679 775 4742 de
796 4679 937 4762 ipsarum
960 4679 1126 4743 voluntate
1156 4681 1354 4763 processerit,
1385 4680 1490 4743 debito
1513 4678 1577 4743 fine
1600 4673 1734 4760 decidas,

336 4784 457 4848 iaciens
479 4783 566 4865 quod
589 4782 768 4846 decreveris
789 4801 847 4866 per
869 4800 1038 4846 censuram
1057 4782 1301 4847 ecclesiasticam
1315 4783 1449 4847 firmiter
1463 4782 1632 4847 observari.
1656 4783 1734 4846 Pro·
1769 4789 1805 4843 40

336 4889 407 4951 viso
429 4905 471 4950 ne
493 4888 527 4949 in
549 4891 668 4950 terram
688 4886 789 4969 ipsius
810 4885 895 4966 regis
917 4885 1257 4950 excommunicationis
1286 4887 1339 4951 vel
1364 4886 1524 4950 interdicti
1546 4886 1735 4949 sententiam

336 4990 488 5076 proferas,
520 4991 583 5053 nisi
611 4989 796 5052 mandatum
826 5007 923 5072 super
952 4988 1012 5052 boc
1040 4990 1197 5074 receperis
1226 5009 1246 5051 a
1274 4989 1367 5052 nobis
1401 4987 1543 5072 speciale.
1580 4987 1735 5071 Alioquin

338 5112 467 5158 causam
498 5093 642 5157 remittes
675 5091 715 5155 ad
744 5110 804 5155 nos
833 5090 1027 5156 sufficienter
1058 5093 1256 5174 instructam,
1288 5089 1466 5176 praefigens
1494 5090 1639 5175 partibus
1671 5097 1735 5156 ter-

493 5247 514 5313 ¹)
531 5243 662 5300 Jaaotaa

492 5332 516 5401 ¹)
533 5334 616 5387 12⁷8:
633 5330 726 5386 Bone.
1768 5330 1804 5386 45

492 5418 515 5488 ⁸)
532 5420 616 5474 1278:
633 5416 765 5474 Comanie.
