<?xml version="1.0" encoding="UTF-8"?>
<!DOCTYPE html PUBLIC "-//W3C//DTD XHTML 1.0 Transitional//EN"
    "http://www.w3.org/TR/xhtml1/DTD/xhtml1-transitional.dtd">
<html xmlns="http://www.w3.org/1999/xhtml" xml:lang="en" lang="en">
 <head>
  <title>
</title>
<meta http-equiv="Content-Type" content="text/html;charset=utf-8" />
  <meta name='ocr-system' content='tesseract 3.04.00' />
  <meta name='ocr-capabilities' content='ocr_page ocr_carea ocr_par ocr_line ocrx_word'/>
</head>
<body>
  <div class='ocr_page' id='page_1' title='image "./urkundenbuchzur00mlgoog_0516.png"; bbox 0 0 4084 6302; ppageno 0'>
   <div class='ocr_carea' id='block_1_1' title="bbox 932 607 1087 705">
    <p class='ocr_par' dir='ltr' id='par_1_1' title="bbox 932 607 1087 705">
     <span class='ocr_line' id='line_1_1' title="bbox 932 607 1087 705; baseline 0 -36"><span class='ocrx_word' id='word_1_1' title='bbox 932 607 1087 705; x_wconf 46' lang='lat' dir='ltr'>-a-tn-</span> 
     </span>
    </p>
   </div>
   <div class='ocr_carea' id='block_1_2' title="bbox 255 793 1705 1497">
    <p class='ocr_par' dir='ltr' id='par_1_2' title="bbox 255 793 1705 1497">
     <span class='ocr_line' id='line_1_2' title="bbox 309 793 1704 879; baseline 0.001 -22"><span class='ocrx_word' id='word_1_2' title='bbox 309 798 423 858; x_wconf 89' lang='lat' dir='ltr'>nentes</span> <span class='ocrx_word' id='word_1_3' title='bbox 445 799 478 858; x_wconf 92' lang='lat' dir='ltr'>et</span> <span class='ocrx_word' id='word_1_4' title='bbox 499 793 677 878; x_wconf 76' lang='lat' dir='ltr'>specialiter</span> <span class='ocrx_word' id='word_1_5' title='bbox 698 794 808 878; x_wconf 90' lang='lat' dir='ltr'>populi</span> <span class='ocrx_word' id='word_1_6' title='bbox 831 795 931 863; x_wconf 81' lang='lat' dir='ltr'>nostri</span> <span class='ocrx_word' id='word_1_7' title='bbox 954 795 993 859; x_wconf 93' lang='lat' dir='ltr'>de</span> <span class='ocrx_word' id='word_1_8' title='bbox 1008 794 1090 859; x_wconf 87' lang='lat' dir='ltr'>Jaad</span> <span class='ocrx_word' id='word_1_9' title='bbox 1108 794 1261 859; x_wconf 77' lang='lat' dir='ltr'><strong>utilitates</strong></span> <span class='ocrx_word' id='word_1_10' title='bbox 1277 814 1353 859; x_wconf 89' lang='lat' dir='ltr'>suae</span> <span class='ocrx_word' id='word_1_11' title='bbox 1368 795 1578 879; x_wconf 80' lang='lat' dir='ltr'>possessionis</span> <span class='ocrx_word' id='word_1_12' title='bbox 1593 795 1704 878; x_wconf 82' lang='lat' dir='ltr'>Epyn-</span> 
     </span>
     <span class='ocr_line' id='line_1_3' title="bbox 310 897 1704 983; baseline 0.001 -23"><span class='ocrx_word' id='word_1_13' title='bbox 310 897 382 960; x_wconf 78' lang='lat' dir='ltr'>dori</span> <span class='ocrx_word' id='word_1_14' title='bbox 404 898 584 961; x_wconf 87' lang='lat' dir='ltr'>nominatae</span> <span class='ocrx_word' id='word_1_15' title='bbox 614 898 682 980; x_wconf 88' lang='lat' dir='ltr'>ipso</span> <span class='ocrx_word' id='word_1_16' title='bbox 705 898 807 961; x_wconf 84' lang='lat' dir='ltr'>invito</span> <span class='ocrx_word' id='word_1_17' title='bbox 830 898 1038 980; x_wconf 73' lang='lat' dir='ltr'>perciperent</span> <span class='ocrx_word' id='word_1_18' title='bbox 1060 897 1182 961; x_wconf 80' lang='lat' dir='ltr'>iteratis</span> <span class='ocrx_word' id='word_1_19' title='bbox 1204 898 1329 962; x_wconf 79' lang='lat' dir='ltr'>vicibus</span> <span class='ocrx_word' id='word_1_20' title='bbox 1354 898 1475 982; x_wconf 90' lang='lat' dir='ltr'>pluries</span> <span class='ocrx_word' id='word_1_21' title='bbox 1496 898 1704 983; x_wconf 79' lang='lat' dir='ltr'>propulsavit,</span> 
     </span>
     <span class='ocr_line' id='line_1_4' title="bbox 308 1000 1705 1085; baseline 0.001 -22"><span class='ocrx_word' id='word_1_22' title='bbox 308 1000 348 1064; x_wconf 91' lang='lat' dir='ltr'>de</span> <span class='ocrx_word' id='word_1_23' title='bbox 378 1001 465 1083; x_wconf 82' lang='lat' dir='ltr'>regia</span> <span class='ocrx_word' id='word_1_24' title='bbox 494 1000 689 1083; x_wconf 77' lang='lat' dir='ltr'>benignitate</span> <span class='ocrx_word' id='word_1_25' title='bbox 719 1020 886 1065; x_wconf 88' lang='lat' dir='ltr'>occurrere</span> <span class='ocrx_word' id='word_1_26' title='bbox 916 1001 1081 1085; x_wconf 88' lang='lat' dir='ltr'>cupientes</span> <span class='ocrx_word' id='word_1_27' title='bbox 1110 1000 1250 1065; x_wconf 89' lang='lat' dir='ltr'>remedio</span> <span class='ocrx_word' id='word_1_28' title='bbox 1278 1008 1468 1084; x_wconf 85' lang='lat' dir='ltr'>opportuno,</span> <span class='ocrx_word' id='word_1_29' title='bbox 1499 1002 1651 1065; x_wconf 80' lang='lat' dir='ltr'>volumus</span> <span class='ocrx_word' id='word_1_30' title='bbox 1672 1007 1705 1065; x_wconf 88' lang='lat' dir='ltr'>et</span> 
     </span>
     <span class='ocr_line' id='line_1_5' title="bbox 308 1102 1702 1187; baseline 0.001 -21"><span class='ocrx_word' id='word_1_31' title='bbox 308 1102 452 1168; x_wconf 88' lang='lat' dir='ltr'>fidelitati</span> <span class='ocrx_word' id='word_1_32' title='bbox 481 1104 699 1167; x_wconf 88' lang='lat' dir='ltr'>universitatis</span> <span class='ocrx_word' id='word_1_33' title='bbox 721 1110 845 1168; x_wconf 86' lang='lat' dir='ltr'>vestrae</span> <span class='ocrx_word' id='word_1_34' title='bbox 875 1109 907 1168; x_wconf 90' lang='lat' dir='ltr'>et</span> <span class='ocrx_word' id='word_1_35' title='bbox 928 1110 1108 1168; x_wconf 82' lang='lat' dir='ltr'>vestrorum</span> <span class='ocrx_word' id='word_1_36' title='bbox 1131 1102 1262 1167; x_wconf 82' lang='lat' dir='ltr'>cuilibet</span> <span class='ocrx_word' id='word_1_37' title='bbox 1283 1103 1317 1166; x_wconf 93' lang='lat' dir='ltr'>in</span> <span class='ocrx_word' id='word_1_38' title='bbox 1341 1103 1477 1167; x_wconf 91' lang='lat' dir='ltr'>solidum</span> <span class='ocrx_word' id='word_1_39' title='bbox 1500 1106 1588 1187; x_wconf 85' lang='lat' dir='ltr'>regio</span> <span class='ocrx_word' id='word_1_40' title='bbox 1610 1104 1702 1168; x_wconf 90' lang='lat' dir='ltr'>firmo</span> 
     </span>
     <span class='ocr_line' id='line_1_6' title="bbox 255 1205 1704 1291; baseline 0.002 -23"><span class='ocrx_word' id='word_1_41' title='bbox 255 1217 271 1268; x_wconf 79' lang='lat' dir='ltr'>o</span> <span class='ocrx_word' id='word_1_42' title='bbox 308 1207 368 1271; x_wconf 89' lang='lat' dir='ltr'>sub</span> <span class='ocrx_word' id='word_1_43' title='bbox 391 1208 494 1271; x_wconf 91' lang='lat' dir='ltr'>edicto</span> <span class='ocrx_word' id='word_1_44' title='bbox 516 1208 746 1291; x_wconf 75' lang='lat' dir='ltr'>praecipientes</span> <span class='ocrx_word' id='word_1_45' title='bbox 767 1205 900 1270; x_wconf 89' lang='lat' dir='ltr'>firmiter</span> <span class='ocrx_word' id='word_1_46' title='bbox 922 1207 1035 1271; x_wconf 87' lang='lat' dir='ltr'>damus</span> <span class='ocrx_word' id='word_1_47' title='bbox 1056 1206 1089 1269; x_wconf 94' lang='lat' dir='ltr'>in</span> <span class='ocrx_word' id='word_1_48' title='bbox 1113 1207 1278 1287; x_wconf 78' lang='lat' dir='ltr'>mandatis,</span> <span class='ocrx_word' id='word_1_49' title='bbox 1311 1213 1470 1288; x_wconf 89' lang='lat' dir='ltr'>quatenus</span> <span class='ocrx_word' id='word_1_50' title='bbox 1492 1208 1530 1271; x_wconf 91' lang='lat' dir='ltr'>ab</span> <span class='ocrx_word' id='word_1_51' title='bbox 1555 1207 1648 1284; x_wconf 81' lang='lat' dir='ltr'>nsu1)</span> <span class='ocrx_word' id='word_1_52' title='bbox 1672 1214 1704 1272; x_wconf 91' lang='lat' dir='ltr'>et</span> 
     </span>
     <span class='ocr_line' id='line_1_7' title="bbox 306 1308 1703 1394; baseline 0.001 -22"><span class='ocrx_word' id='word_1_53' title='bbox 306 1310 481 1374; x_wconf 82' lang='lat' dir='ltr'>utilitatum</span> <span class='ocrx_word' id='word_1_54' title='bbox 503 1310 704 1394; x_wconf 83' lang='lat' dir='ltr'>perceptione</span> <span class='ocrx_word' id='word_1_55' title='bbox 726 1311 937 1393; x_wconf 86' lang='lat' dir='ltr'>possessionis</span> <span class='ocrx_word' id='word_1_56' title='bbox 966 1310 1132 1374; x_wconf 89' lang='lat' dir='ltr'>memorati</span> <span class='ocrx_word' id='word_1_57' title='bbox 1153 1308 1310 1374; x_wconf 78' lang='lat' dir='ltr'>Iohannis</span> <span class='ocrx_word' id='word_1_58' title='bbox 1333 1309 1501 1393; x_wconf 86' lang='lat' dir='ltr'>Epyndorl</span> <span class='ocrx_word' id='word_1_59' title='bbox 1523 1311 1703 1375; x_wconf 82' lang='lat' dir='ltr'>nominatae</span> 
     </span>
     <span class='ocr_line' id='line_1_8' title="bbox 307 1412 1701 1497; baseline 0.001 -21"><span class='ocrx_word' id='word_1_60' title='bbox 307 1434 364 1478; x_wconf 87' lang='lat' dir='ltr'>vos</span> <span class='ocrx_word' id='word_1_61' title='bbox 379 1414 576 1478; x_wconf 86' lang='lat' dir='ltr'>retrahentes</span> <span class='ocrx_word' id='word_1_62' title='bbox 598 1414 804 1497; x_wconf 89' lang='lat' dir='ltr'>compescatis</span> <span class='ocrx_word' id='word_1_63' title='bbox 826 1414 879 1495; x_wconf 68' lang='lat' dir='ltr'>ita,</span> <span class='ocrx_word' id='word_1_64' title='bbox 895 1413 982 1495; x_wconf 89' lang='lat' dir='ltr'>quod</span> <span class='ocrx_word' id='word_1_65' title='bbox 1004 1414 1038 1476; x_wconf 95' lang='lat' dir='ltr'>in</span> <span class='ocrx_word' id='word_1_66' title='bbox 1057 1412 1286 1496; x_wconf 87' lang='lat' dir='ltr'>praeiudicium</span> <span class='ocrx_word' id='word_1_67' title='bbox 1309 1414 1389 1477; x_wconf 90' lang='lat' dir='ltr'>iuris</span> <span class='ocrx_word' id='word_1_68' title='bbox 1411 1414 1551 1477; x_wconf 89' lang='lat' dir='ltr'>eiusdem</span> <span class='ocrx_word' id='word_1_69' title='bbox 1573 1414 1620 1477; x_wconf 89' lang='lat' dir='ltr'>uti</span> <span class='ocrx_word' id='word_1_70' title='bbox 1637 1433 1701 1477; x_wconf 91' lang='lat' dir='ltr'>non</span> 
     </span>
    </p>
   </div>
   <div class='ocr_carea' id='block_1_3' title="bbox 305 1515 1701 1701">
    <p class='ocr_par' dir='ltr' id='par_1_3' title="bbox 305 1515 1701 1701">
     <span class='ocr_line' id='line_1_9' title="bbox 305 1515 1701 1601; baseline -0.002 -19"><span class='ocrx_word' id='word_1_71' title='bbox 305 1519 515 1601; x_wconf 84' lang='lat' dir='ltr'>praesumatis</span> <span class='ocrx_word' id='word_1_72' title='bbox 529 1517 671 1582; x_wconf 88' lang='lat' dir='ltr'>eandem.</span> <span class='ocrx_word' id='word_1_73' title='bbox 694 1515 812 1580; x_wconf 89' lang='lat' dir='ltr'>Datum</span> <span class='ocrx_word' id='word_1_74' title='bbox 828 1515 965 1580; x_wconf 86' lang='lat' dir='ltr'>Sabbato</span> <span class='ocrx_word' id='word_1_75' title='bbox 987 1517 1135 1600; x_wconf 79' lang='lat' dir='ltr'>proximo</span> <span class='ocrx_word' id='word_1_76' title='bbox 1159 1521 1231 1580; x_wconf 89' lang='lat' dir='ltr'>ante</span> <span class='ocrx_word' id='word_1_77' title='bbox 1247 1516 1364 1581; x_wconf 87' lang='lat' dir='ltr'>festum</span> <span class='ocrx_word' id='word_1_78' title='bbox 1384 1517 1467 1581; x_wconf 89' lang='lat' dir='ltr'>beati</span> <span class='ocrx_word' id='word_1_79' title='bbox 1481 1516 1594 1580; x_wconf 86' lang='lat' dir='ltr'>Jacobi</span> <span class='ocrx_word' id='word_1_80' title='bbox 1608 1536 1701 1600; x_wconf 90' lang='lat' dir='ltr'>apos-</span> 
     </span>
     <span class='ocr_line' id='line_1_10' title="bbox 306 1597 1062 1701; baseline 0.001 -19"><span class='ocrx_word' id='word_1_81' title='bbox 306 1619 371 1701; x_wconf 89' lang='lat' dir='ltr'>toli,</span> <span class='ocrx_word' id='word_1_82' title='bbox 394 1639 478 1683; x_wconf 90' lang='lat' dir='ltr'>anno</span> <span class='ocrx_word' id='word_1_83' title='bbox 501 1619 621 1683; x_wconf 91' lang='lat' dir='ltr'>domini</span> <span class='ocrx_word' id='word_1_84' title='bbox 643 1597 684 1683; x_wconf 66' lang='lat' dir='ltr'>fl.</span> <span class='ocrx_word' id='word_1_85' title='bbox 701 1598 786 1683; x_wconf 66' lang='grc'>005.</span> <span class='ocrx_word' id='word_1_86' title='bbox 806 1597 915 1683; x_wconf 74' lang='lat' dir='ltr'>XXX.</span> <span class='ocrx_word' id='word_1_87' title='bbox 938 1625 1062 1701; x_wconf 89' lang='lat' dir='ltr'>quarto.</span> 
     </span>
    </p>
   </div>
   <div class='ocr_carea' id='block_1_4' title="bbox 237 1755 1123 1842">
    <p class='ocr_par' dir='ltr' id='par_1_4' title="bbox 237 1755 1123 1842">
     <span class='ocr_line' id='line_1_11' title="bbox 237 1755 1123 1842; baseline 0.002 -23"><span class='ocrx_word' id='word_1_88' title='bbox 237 1767 271 1821; x_wconf 89' lang='lat'>10</span> <span class='ocrx_word' id='word_1_89' title='bbox 469 1755 564 1822; x_wconf 73' lang='lat' dir='ltr'>Uatcr</span> <span class='ocrx_word' id='word_1_90' title='bbox 585 1758 652 1822; x_wconf 55' lang='lat' dir='ltr'>mm</span> <span class='ocrx_word' id='word_1_91' title='bbox 675 1755 793 1842; x_wconf 67' lang='lat' dir='ltr'>Sioqel:</span> <span class='ocrx_word' id='word_1_92' title='bbox 814 1757 937 1822; x_wconf 88' lang='lat' dir='ltr'>Relatio</span> <span class='ocrx_word' id='word_1_93' title='bbox 960 1757 1123 1823; x_wconf 82' lang='lat' dir='ltr'>vaivodae.</span> 
     </span>
    </p>
   </div>
   <div class='ocr_carea' id='block_1_5' title="bbox 958 2151 1051 2234">
    <p class='ocr_par' dir='ltr' id='par_1_5' title="bbox 958 2151 1051 2234">
     <span class='ocr_line' id='line_1_12' title="bbox 958 2151 1051 2234; baseline 0 0"><span class='ocrx_word' id='word_1_94' title='bbox 958 2151 1051 2234; x_wconf 77' lang='lat'><strong>508.</strong></span> 
     </span>
    </p>
   </div>
   <div class='ocr_carea' id='block_1_6' title="bbox 298 2332 1706 2665">
    <p class='ocr_par' dir='ltr' id='par_1_6' title="bbox 298 2332 1706 2665">
     <span class='ocr_line' id='line_1_13' title="bbox 378 2332 1699 2423; baseline 0.003 -20"><span class='ocrx_word' id='word_1_95' title='bbox 378 2335 484 2403; x_wconf 81' lang='lat'><em>1334</em></span> <span class='ocrx_word' id='word_1_96' title='bbox 517 2332 596 2404; x_wconf 75' lang='lat' dir='ltr'>Jatt</span> <span class='ocrx_word' id='word_1_97' title='bbox 622 2336 688 2404; x_wconf 82' lang='lat'>23.</span> <span class='ocrx_word' id='word_1_98' title='bbox 741 2332 858 2422; x_wconf 73' lang='lat' dir='ltr'>Kdniy</span> <span class='ocrx_word' id='word_1_99' title='bbox 883 2332 979 2402; x_wconf 84' lang='lat' dir='ltr'>Korl</span> <span class='ocrx_word' id='word_1_100' title='bbox 1013 2332 1212 2423; x_wconf 71' lang='lat' dir='ltr'>hcoajlrapt</span> <span class='ocrx_word' id='word_1_101' title='bbox 1242 2333 1442 2419; x_wconf 81' lang='lat' dir='ltr'>Ladislaas,</span> <span class='ocrx_word' id='word_1_102' title='bbox 1485 2333 1601 2405; x_wconf 82' lang='lat' dir='ltr'>Comes</span> <span class='ocrx_word' id='word_1_103' title='bbox 1636 2336 1699 2407; x_wconf 78' lang='lat' dir='ltr'>der</span> 
     </span>
     <span class='ocr_line' id='line_1_14' title="bbox 302 2451 1706 2545; baseline 0.001 -22"><span class='ocrx_word' id='word_1_104' title='bbox 302 2451 439 2525; x_wconf 74' lang='lat' dir='ltr'>Ssettcr</span> <span class='ocrx_word' id='word_1_105' title='bbox 472 2454 547 2525; x_wconf 79' lang='lat' dir='ltr'>aad</span> <span class='ocrx_word' id='word_1_106' title='bbox 580 2476 644 2525; x_wconf 82' lang='lat' dir='ltr'>oon</span> <span class='ocrx_word' id='word_1_107' title='bbox 681 2453 839 2540; x_wconf 73' lang='lat' dir='ltr'>Biatttta,</span> <span class='ocrx_word' id='word_1_108' title='bbox 875 2452 1016 2524; x_wconf 77' lang='lat' dir='ltr'>Jotaaa</span> <span class='ocrx_word' id='word_1_109' title='bbox 1044 2452 1157 2525; x_wconf 80' lang='lat' dir='ltr'>Henel</span> <span class='ocrx_word' id='word_1_110' title='bbox 1190 2455 1239 2525; x_wconf 81' lang='lat' dir='ltr'>im</span> <span class='ocrx_word' id='word_1_111' title='bbox 1266 2454 1385 2526; x_wconf 78' lang='lat' dir='ltr'>Recita</span> <span class='ocrx_word' id='word_1_112' title='bbox 1418 2477 1483 2526; x_wconf 83' lang='lat' dir='ltr'>ooo</span> <span class='ocrx_word' id='word_1_113' title='bbox 1515 2455 1706 2545; x_wconf 70' lang='lat' dir='ltr'>Ihrcadorf</span> 
     </span>
     <span class='ocr_line' id='line_1_15' title="bbox 298 2573 966 2665; baseline 0 -20"><span class='ocrx_word' id='word_1_114' title='bbox 298 2595 406 2665; x_wconf 65' lang='lat' dir='ltr'>pecca</span> <span class='ocrx_word' id='word_1_115' title='bbox 433 2574 489 2645; x_wconf 81' lang='lat' dir='ltr'>dic</span> <span class='ocrx_word' id='word_1_116' title='bbox 515 2573 703 2645; x_wconf 75' lang='lat' dir='ltr'>Bisha&#39;taer</span> <span class='ocrx_word' id='word_1_117' title='bbox 728 2596 772 2645; x_wconf 77' lang='lat' dir='ltr'>aa</span> <span class='ocrx_word' id='word_1_118' title='bbox 797 2574 966 2645; x_wconf 74' lang='lat' dir='ltr'>schttaea.</span> 
     </span>
    </p>
   </div>
   <div class='ocr_carea' id='block_1_7' title="bbox 232 2718 1695 2978">
    <p class='ocr_par' dir='ltr' id='par_1_7' title="bbox 232 2718 1695 2978">
     <span class='ocr_line' id='line_1_16' title="bbox 232 2718 1695 2807; baseline 0.002 -17"><span class='ocrx_word' id='word_1_119' title='bbox 232 2739 264 2791; x_wconf 80' lang='lat'>15</span> <span class='ocrx_word' id='word_1_120' title='bbox 458 2736 535 2807; x_wconf 68' lang='lat' dir='ltr'>Orio.</span> <span class='ocrx_word' id='word_1_121' title='bbox 545 2737 625 2807; x_wconf 74' lang='lat' dir='ltr'>Perp.</span> <span class='ocrx_word' id='word_1_122' title='bbox 643 2736 1014 2806; x_wconf 66' lang='lat' dir='ltr'>Uarenrtatuaatmaaam</span> <span class='ocrx_word' id='word_1_123' title='bbox 1023 2736 1175 2805; x_wconf 79' lang='lat' dir='ltr'>Budcpcet.</span> <span class='ocrx_word' id='word_1_124' title='bbox 1188 2718 1288 2807; x_wconf 64' lang='lat' dir='ltr'>serpet</span> <span class='ocrx_word' id='word_1_125' title='bbox 1299 2737 1462 2807; x_wconf 73' lang='lat' dir='ltr'>beschddipt,</span> <span class='ocrx_word' id='word_1_126' title='bbox 1474 2737 1581 2792; x_wconf 73' lang='lat' dir='ltr'>weissen</span> <span class='ocrx_word' id='word_1_127' title='bbox 1587 2737 1695 2805; x_wconf 82' lang='lat' dir='ltr'>chhs,</span> 
     </span>
     <span class='ocr_line' id='line_1_17' title="bbox 404 2821 1695 2892; baseline 0.002 -17"><span class='ocrx_word' id='word_1_128' title='bbox 404 2822 461 2889; x_wconf 79' lang='lat' dir='ltr'>aas</span> <span class='ocrx_word' id='word_1_129' title='bbox 464 2822 513 2876; x_wconf 81' lang='lat' dir='ltr'>der</span> <span class='ocrx_word' id='word_1_130' title='bbox 523 2822 666 2877; x_wconf 75' lang='lat' dir='ltr'>Rttcltacite</span> <span class='ocrx_word' id='word_1_131' title='bbox 675 2822 863 2892; x_wconf 71' lang='lat' dir='ltr'>aufpadratcht,</span> <span class='ocrx_word' id='word_1_132' title='bbox 876 2822 995 2876; x_wconf 64' lang='lat' dir='ltr'>deradice</span> <span class='ocrx_word' id='word_1_133' title='bbox 1004 2821 1121 2890; x_wconf 80' lang='lat' dir='ltr'>Stcmpcl</span> <span class='ocrx_word' id='word_1_134' title='bbox 1129 2823 1179 2876; x_wconf 80' lang='lat' dir='ltr'>wic</span> <span class='ocrx_word' id='word_1_135' title='bbox 1191 2824 1240 2877; x_wconf 81' lang='lat' dir='ltr'>der</span> <span class='ocrx_word' id='word_1_136' title='bbox 1247 2825 1334 2878; x_wconf 79' lang='lat' dir='ltr'>Antra</span> <span class='ocrx_word' id='word_1_137' title='bbox 1346 2823 1393 2877; x_wconf 81' lang='lat' dir='ltr'>dca</span> <span class='ocrx_word' id='word_1_138' title='bbox 1403 2822 1505 2892; x_wconf 76' lang='lat' dir='ltr'>Siepela</span> <span class='ocrx_word' id='word_1_139' title='bbox 1515 2837 1566 2876; x_wconf 82' lang='lat' dir='ltr'>oon</span> <span class='ocrx_word' id='word_1_140' title='bbox 1575 2822 1628 2876; x_wconf 84' lang='lat' dir='ltr'>Nr.</span> <span class='ocrx_word' id='word_1_141' title='bbox 1635 2826 1695 2877; x_wconf 78' lang='lat'>515.</span> 
     </span>
     <span class='ocr_line' id='line_1_18' title="bbox 406 2907 1419 2978; baseline 0.001 -16"><span class='ocrx_word' id='word_1_142' title='bbox 406 2907 491 2962; x_wconf 80' lang='lat' dir='ltr'>Uatcr</span> <span class='ocrx_word' id='word_1_143' title='bbox 502 2908 562 2962; x_wconf 82' lang='lat' dir='ltr'>dem</span> <span class='ocrx_word' id='word_1_144' title='bbox 575 2907 663 2978; x_wconf 75' lang='lat' dir='ltr'>Sicyel</span> <span class='ocrx_word' id='word_1_145' title='bbox 674 2908 965 2977; x_wconf 69' lang='lat' dir='ltr'>Kaualea&#39;hcmerlaaay,</span> <span class='ocrx_word' id='word_1_146' title='bbox 977 2908 1045 2962; x_wconf 78' lang='lat' dir='ltr'>doch</span> <span class='ocrx_word' id='word_1_147' title='bbox 1057 2909 1143 2963; x_wconf 81' lang='lat' dir='ltr'>durch</span> <span class='ocrx_word' id='word_1_148' title='bbox 1155 2909 1278 2963; x_wconf 82' lang='lat' dir='ltr'>daaselhc</span> <span class='ocrx_word' id='word_1_149' title='bbox 1289 2909 1419 2963; x_wconf 79' lang='lat' dir='ltr'>aerdectt.</span> 
     </span>
    </p>
   </div>
   <div class='ocr_carea' id='block_1_8' title="bbox 228 3026 1487 3340">
    <p class='ocr_par' dir='ltr' id='par_1_8' title="bbox 228 3026 1487 3340">
     <span class='ocr_line' id='line_1_19' title="bbox 453 3026 1487 3097; baseline -0.001 -14"><span class='ocrx_word' id='word_1_150' title='bbox 453 3029 565 3084; x_wconf 75' lang='lat' dir='ltr'>Druck:</span> <span class='ocrx_word' id='word_1_151' title='bbox 584 3028 671 3096; x_wconf 70' lang='lat' dir='ltr'>Fejcr</span> <span class='ocrx_word' id='word_1_152' title='bbox 691 3028 781 3084; x_wconf 78' lang='lat' dir='ltr'>Oodea</span> <span class='ocrx_word' id='word_1_153' title='bbox 804 3028 891 3097; x_wconf 82' lang='lat' dir='ltr'><em>VIII,</em></span> <span class='ocrx_word' id='word_1_154' title='bbox 908 3031 934 3095; x_wconf 84' lang='lat'>3,</span> <span class='ocrx_word' id='word_1_155' title='bbox 955 3032 1012 3083; x_wconf 78' lang='lat'><em>732.</em></span> <span class='ocrx_word' id='word_1_156' title='bbox 1037 3026 1487 3096; x_wconf 59' lang='lat' dir='ltr'>cenomannensem.</span> 
     </span>
     <span class='ocr_line' id='line_1_20' title="bbox 453 3149 1084 3216; baseline 0 -13"><span class='ocrx_word' id='word_1_157' title='bbox 453 3149 639 3205; x_wconf 73' lang='lat' dir='ltr'>Bruahstaick:</span> <span class='ocrx_word' id='word_1_158' title='bbox 658 3149 773 3203; x_wconf 82' lang='lat' dir='ltr'>Katoac</span> <span class='ocrx_word' id='word_1_159' title='bbox 792 3149 947 3204; x_wconf 69' lang='lat' dir='ltr'>Historia</span> <span class='ocrx_word' id='word_1_160' title='bbox 966 3149 1023 3216; x_wconf 88' lang='lat' dir='ltr'>IX,</span> <span class='ocrx_word' id='word_1_161' title='bbox 1041 3153 1084 3203; x_wconf 78' lang='lat'>45.</span> 
     </span>
     <span class='ocr_line' id='line_1_21' title="bbox 228 3270 960 3340; baseline -0.004 -14"><span class='ocrx_word' id='word_1_162' title='bbox 228 3272 262 3326; x_wconf 79' lang='lat'>20</span> <span class='ocrx_word' id='word_1_163' title='bbox 453 3270 566 3340; x_wconf 71' lang='lat' dir='ltr'>Repeti:</span> <span class='ocrx_word' id='word_1_164' title='bbox 587 3270 882 3338; x_wconf 56' lang='lat' dir='ltr'>Protesilaeam-1871,</span> <span class='ocrx_word' id='word_1_165' title='bbox 901 3273 960 3325; x_wconf 86' lang='lat'><strong><em>193.</em></strong></span> 
     </span>
    </p>
   </div>
   <div class='ocr_carea' id='block_1_9' title="bbox 219 3444 1692 4974">
    <p class='ocr_par' dir='ltr' id='par_1_9' title="bbox 452 3444 1692 3531">
     <span class='ocr_line' id='line_1_22' title="bbox 452 3444 1692 3531; baseline 0.002 -23"><span class='ocrx_word' id='word_1_166' title='bbox 452 3444 591 3509; x_wconf 83' lang='lat' dir='ltr'>Karalus</span> <span class='ocrx_word' id='word_1_167' title='bbox 621 3445 672 3509; x_wconf 92' lang='lat' dir='ltr'>dei</span> <span class='ocrx_word' id='word_1_168' title='bbox 702 3446 802 3528; x_wconf 88' lang='lat' dir='ltr'>gratia</span> <span class='ocrx_word' id='word_1_169' title='bbox 831 3464 891 3509; x_wconf 83' lang='lat' dir='ltr'>rex</span> <span class='ocrx_word' id='word_1_170' title='bbox 919 3444 1105 3528; x_wconf 82' lang='lat' dir='ltr'>Hungariae</span> <span class='ocrx_word' id='word_1_171' title='bbox 1134 3445 1249 3509; x_wconf 88' lang='lat' dir='ltr'>dilecto</span> <span class='ocrx_word' id='word_1_172' title='bbox 1279 3445 1338 3510; x_wconf 90' lang='lat' dir='ltr'>sibi</span> <span class='ocrx_word' id='word_1_173' title='bbox 1369 3451 1402 3510; x_wconf 94' lang='lat' dir='ltr'>et</span> <span class='ocrx_word' id='word_1_174' title='bbox 1429 3445 1515 3511; x_wconf 91' lang='lat' dir='ltr'>fideli</span> <span class='ocrx_word' id='word_1_175' title='bbox 1542 3448 1692 3531; x_wconf 82' lang='lat' dir='ltr'>magistro</span> 
     </span>
    </p>

    <p class='ocr_par' dir='ltr' id='par_1_10' title="bbox 294 3546 1692 3840">
     <span class='ocr_line' id='line_1_23' title="bbox 295 3546 1692 3632; baseline 0.002 -21"><span class='ocrx_word' id='word_1_176' title='bbox 295 3546 442 3611; x_wconf 81' lang='lat' dir='ltr'>Ladinlao</span> <span class='ocrx_word' id='word_1_177' title='bbox 466 3549 573 3612; x_wconf 89' lang='lat' dir='ltr'>comiti</span> <span class='ocrx_word' id='word_1_178' title='bbox 588 3548 768 3612; x_wconf 86' lang='lat' dir='ltr'>Siculorum</span> <span class='ocrx_word' id='word_1_179' title='bbox 791 3553 824 3612; x_wconf 89' lang='lat' dir='ltr'>et</span> <span class='ocrx_word' id='word_1_180' title='bbox 845 3548 885 3619; x_wconf 86' lang='lat' dir='ltr'>de</span> <span class='ocrx_word' id='word_1_181' title='bbox 899 3549 1062 3630; x_wconf 87' lang='lat' dir='ltr'>Byztricia</span> <span class='ocrx_word' id='word_1_182' title='bbox 1083 3549 1219 3613; x_wconf 88' lang='lat' dir='ltr'>salutem</span> <span class='ocrx_word' id='word_1_183' title='bbox 1242 3555 1274 3613; x_wconf 92' lang='lat' dir='ltr'>et</span> <span class='ocrx_word' id='word_1_184' title='bbox 1296 3551 1438 3632; x_wconf 85' lang='lat' dir='ltr'>gratiam.</span> <span class='ocrx_word' id='word_1_185' title='bbox 1464 3549 1517 3613; x_wconf 81' lang='lat' dir='ltr'>Ex</span> <span class='ocrx_word' id='word_1_186' title='bbox 1538 3551 1692 3614; x_wconf 85' lang='lat' dir='ltr'>relatione</span> 
     </span>
     <span class='ocr_line' id='line_1_24' title="bbox 294 3649 1692 3736; baseline 0.001 -21"><span class='ocrx_word' id='word_1_187' title='bbox 294 3649 451 3715; x_wconf 78' lang='lat' dir='ltr'>Iohannis</span> <span class='ocrx_word' id='word_1_188' title='bbox 475 3652 550 3716; x_wconf 91' lang='lat' dir='ltr'>dicti</span> <span class='ocrx_word' id='word_1_189' title='bbox 565 3651 670 3716; x_wconf 91' lang='lat' dir='ltr'>Henel</span> <span class='ocrx_word' id='word_1_190' title='bbox 691 3650 794 3716; x_wconf 90' lang='lat' dir='ltr'>fidelis</span> <span class='ocrx_word' id='word_1_191' title='bbox 809 3654 909 3715; x_wconf 89' lang='lat' dir='ltr'>nostri</span> <span class='ocrx_word' id='word_1_192' title='bbox 932 3653 972 3716; x_wconf 88' lang='lat' dir='ltr'>ad</span> <span class='ocrx_word' id='word_1_193' title='bbox 988 3673 1082 3718; x_wconf 90' lang='lat' dir='ltr'>aures</span> <span class='ocrx_word' id='word_1_194' title='bbox 1097 3658 1225 3716; x_wconf 90' lang='lat' dir='ltr'>nostrae</span> <span class='ocrx_word' id='word_1_195' title='bbox 1240 3653 1413 3716; x_wconf 87' lang='lat' dir='ltr'>maiestatis</span> <span class='ocrx_word' id='word_1_196' title='bbox 1427 3654 1582 3736; x_wconf 73' lang='lat' dir='ltr'>pervenit</span> <span class='ocrx_word' id='word_1_197' title='bbox 1606 3654 1692 3735; x_wconf 92' lang='lat' dir='ltr'>quod</span> 
     </span>
     <span class='ocr_line' id='line_1_25' title="bbox 295 3755 1692 3840; baseline 0.001 -22"><span class='ocrx_word' id='word_1_198' title='bbox 295 3755 437 3839; x_wconf 89' lang='lat' dir='ltr'>hospites</span> <span class='ocrx_word' id='word_1_199' title='bbox 459 3756 560 3820; x_wconf 83' lang='lat' dir='ltr'>nostri</span> <span class='ocrx_word' id='word_1_200' title='bbox 583 3755 621 3820; x_wconf 92' lang='lat' dir='ltr'>de</span> <span class='ocrx_word' id='word_1_201' title='bbox 637 3756 713 3819; x_wconf 84' lang='lat' dir='ltr'>villa</span> <span class='ocrx_word' id='word_1_202' title='bbox 727 3756 809 3820; x_wconf 86' lang='lat' dir='ltr'>Jaad</span> <span class='ocrx_word' id='word_1_203' title='bbox 830 3757 983 3820; x_wconf 88' lang='lat' dir='ltr'>utilitates</span> <span class='ocrx_word' id='word_1_204' title='bbox 1005 3756 1214 3840; x_wconf 88' lang='lat' dir='ltr'>possessionis</span> <span class='ocrx_word' id='word_1_205' title='bbox 1230 3775 1307 3819; x_wconf 89' lang='lat' dir='ltr'>suae</span> <span class='ocrx_word' id='word_1_206' title='bbox 1322 3755 1490 3840; x_wconf 83' lang='lat' dir='ltr'>Epyndorl</span> <span class='ocrx_word' id='word_1_207' title='bbox 1512 3756 1692 3820; x_wconf 87' lang='lat' dir='ltr'>nominatae</span> 
     </span>
    </p>

    <p class='ocr_par' dir='ltr' id='par_1_11' title="bbox 223 3858 1692 4355">
     <span class='ocr_line' id='line_1_26' title="bbox 223 3858 1692 3943; baseline 0.001 -22"><span class='ocrx_word' id='word_1_208' title='bbox 223 3865 258 3921; x_wconf 78' lang='lat'>25</span> <span class='ocrx_word' id='word_1_209' title='bbox 294 3864 327 3923; x_wconf 88' lang='lat' dir='ltr'>et</span> <span class='ocrx_word' id='word_1_210' title='bbox 357 3858 620 3943; x_wconf 83' lang='lat' dir='ltr'>pertinentiarum</span> <span class='ocrx_word' id='word_1_211' title='bbox 649 3860 751 3942; x_wconf 91' lang='lat' dir='ltr'>ipsius</span> <span class='ocrx_word' id='word_1_212' title='bbox 781 3879 860 3923; x_wconf 90' lang='lat' dir='ltr'>usus</span> <span class='ocrx_word' id='word_1_213' title='bbox 888 3860 957 3943; x_wconf 94' lang='lat' dir='ltr'>ipso</span> <span class='ocrx_word' id='word_1_214' title='bbox 986 3861 1087 3923; x_wconf 88' lang='lat' dir='ltr'>invito</span> <span class='ocrx_word' id='word_1_215' title='bbox 1118 3860 1325 3943; x_wconf 79' lang='lat' dir='ltr'>perciperent,</span> <span class='ocrx_word' id='word_1_216' title='bbox 1353 3859 1492 3943; x_wconf 88' lang='lat' dir='ltr'>plurima</span> <span class='ocrx_word' id='word_1_217' title='bbox 1514 3878 1615 3942; x_wconf 42' lang='lat' dir='ltr'>snper.</span> <span class='ocrx_word' id='word_1_218' title='bbox 1632 3861 1692 3923; x_wconf 90' lang='lat' dir='ltr'>hoo</span> 
     </span>
     <span class='ocr_line' id='line_1_27' title="bbox 295 3961 1691 4045; baseline 0 -20"><span class='ocrx_word' id='word_1_219' title='bbox 295 3963 444 4025; x_wconf 87' lang='lat' dir='ltr'>mandata</span> <span class='ocrx_word' id='word_1_220' title='bbox 458 3961 599 4040; x_wconf 76' lang='lat' dir='ltr'>nostra²l</span> <span class='ocrx_word' id='word_1_221' title='bbox 622 3963 810 4045; x_wconf 87' lang='lat' dir='ltr'>recipientes</span> <span class='ocrx_word' id='word_1_222' title='bbox 833 3982 898 4026; x_wconf 92' lang='lat' dir='ltr'>non</span> <span class='ocrx_word' id='word_1_223' title='bbox 913 3963 1063 4027; x_wconf 84' lang='lat' dir='ltr'>curando.</span> <span class='ocrx_word' id='word_1_224' title='bbox 1091 3961 1184 4026; x_wconf 91' lang='lat' dir='ltr'>Unde</span> <span class='ocrx_word' id='word_1_225' title='bbox 1199 3982 1273 4026; x_wconf 88' lang='lat' dir='ltr'>oum</span> <span class='ocrx_word' id='word_1_226' title='bbox 1295 3980 1355 4025; x_wconf 92' lang='lat' dir='ltr'>nos</span> <span class='ocrx_word' id='word_1_227' title='bbox 1369 3962 1488 4025; x_wconf 91' lang='lat' dir='ltr'>dictum</span> <span class='ocrx_word' id='word_1_228' title='bbox 1510 3962 1691 4026; x_wconf 78' lang='lat' dir='ltr'>Iohannem</span> 
     </span>
     <span class='ocr_line' id='line_1_28' title="bbox 295 4064 1688 4149; baseline -0.001 -20"><span class='ocrx_word' id='word_1_229' title='bbox 295 4085 368 4130; x_wconf 91' lang='lat' dir='ltr'>cum</span> <span class='ocrx_word' id='word_1_230' title='bbox 392 4065 476 4129; x_wconf 85' lang='lat' dir='ltr'>dicta</span> <span class='ocrx_word' id='word_1_231' title='bbox 498 4084 557 4128; x_wconf 90' lang='lat' dir='ltr'>sua</span> <span class='ocrx_word' id='word_1_232' title='bbox 577 4066 778 4149; x_wconf 89' lang='lat' dir='ltr'>possessione</span> <span class='ocrx_word' id='word_1_233' title='bbox 800 4070 928 4129; x_wconf 90' lang='lat' dir='ltr'>nostrae</span> <span class='ocrx_word' id='word_1_234' title='bbox 943 4066 1123 4129; x_wconf 85' lang='lat' dir='ltr'>serenitatis</span> <span class='ocrx_word' id='word_1_235' title='bbox 1144 4066 1178 4128; x_wconf 91' lang='lat' dir='ltr'>in</span> <span class='ocrx_word' id='word_1_236' title='bbox 1200 4084 1337 4149; x_wconf 89' lang='lat' dir='ltr'>persona</span> <span class='ocrx_word' id='word_1_237' title='bbox 1359 4065 1416 4128; x_wconf 93' lang='lat' dir='ltr'>tibi</span> <span class='ocrx_word' id='word_1_238' title='bbox 1436 4064 1688 4128; x_wconf 87' lang='lat' dir='ltr'>commiserimus</span> 
     </span>
     <span class='ocr_line' id='line_1_29' title="bbox 294 4166 1691 4252; baseline -0.001 -21"><span class='ocrx_word' id='word_1_239' title='bbox 294 4167 535 4252; x_wconf 77' lang='lat' dir='ltr'>protegendum,</span> <span class='ocrx_word' id='word_1_240' title='bbox 565 4167 604 4231; x_wconf 89' lang='lat' dir='ltr'>ab</span> <span class='ocrx_word' id='word_1_241' title='bbox 635 4166 783 4231; x_wconf 92' lang='lat' dir='ltr'>omnibus</span> <span class='ocrx_word' id='word_1_242' title='bbox 813 4168 969 4232; x_wconf 89' lang='lat' dir='ltr'>tuendum</span> <span class='ocrx_word' id='word_1_243' title='bbox 997 4170 1116 4251; x_wconf 91' lang='lat' dir='ltr'>pariter</span> <span class='ocrx_word' id='word_1_244' title='bbox 1145 4175 1177 4233; x_wconf 91' lang='lat' dir='ltr'>et</span> <span class='ocrx_word' id='word_1_245' title='bbox 1206 4168 1451 4249; x_wconf 75' lang='lat' dir='ltr'>defendendum,</span> <span class='ocrx_word' id='word_1_246' title='bbox 1482 4168 1632 4232; x_wconf 89' lang='lat' dir='ltr'>volumus</span> <span class='ocrx_word' id='word_1_247' title='bbox 1658 4175 1691 4232; x_wconf 91' lang='lat' dir='ltr'>et</span> 
     </span>
     <span class='ocr_line' id='line_1_30' title="bbox 292 4269 1690 4355; baseline -0.001 -19"><span class='ocrx_word' id='word_1_248' title='bbox 292 4278 366 4336; x_wconf 87' lang='lat' dir='ltr'>tuae</span> <span class='ocrx_word' id='word_1_249' title='bbox 379 4270 523 4335; x_wconf 89' lang='lat' dir='ltr'>fidelitati</span> <span class='ocrx_word' id='word_1_250' title='bbox 534 4269 667 4335; x_wconf 86' lang='lat' dir='ltr'>firmiter</span> <span class='ocrx_word' id='word_1_251' title='bbox 677 4271 906 4354; x_wconf 76' lang='lat' dir='ltr'>praecipientes</span> <span class='ocrx_word' id='word_1_252' title='bbox 918 4271 1115 4353; x_wconf 85' lang='lat' dir='ltr'>mandamus,</span> <span class='ocrx_word' id='word_1_253' title='bbox 1131 4277 1290 4352; x_wconf 87' lang='lat' dir='ltr'>quatenus</span> <span class='ocrx_word' id='word_1_254' title='bbox 1301 4271 1497 4355; x_wconf 89' lang='lat' dir='ltr'>praedictum</span> <span class='ocrx_word' id='word_1_255' title='bbox 1509 4270 1690 4334; x_wconf 81' lang='lat' dir='ltr'>Iohannem</span> 
     </span>
    </p>

    <p class='ocr_par' dir='ltr' id='par_1_12' title="bbox 223 4373 1690 4871">
     <span class='ocr_line' id='line_1_31' title="bbox 223 4373 1690 4457; baseline 0.001 -20"><span class='ocrx_word' id='word_1_256' title='bbox 223 4383 259 4437; x_wconf 80' lang='lat'>30</span> <span class='ocrx_word' id='word_1_257' title='bbox 293 4374 420 4440; x_wconf 92' lang='lat' dir='ltr'>fidelem</span> <span class='ocrx_word' id='word_1_258' title='bbox 450 4378 595 4438; x_wconf 90' lang='lat' dir='ltr'>nostrum</span> <span class='ocrx_word' id='word_1_259' title='bbox 625 4394 698 4438; x_wconf 91' lang='lat' dir='ltr'>cum</span> <span class='ocrx_word' id='word_1_260' title='bbox 729 4378 890 4457; x_wconf 85' lang='lat' dir='ltr'>praetacta</span> <span class='ocrx_word' id='word_1_261' title='bbox 919 4393 978 4438; x_wconf 90' lang='lat' dir='ltr'>sua</span> <span class='ocrx_word' id='word_1_262' title='bbox 999 4374 1199 4457; x_wconf 89' lang='lat' dir='ltr'>possessione</span> <span class='ocrx_word' id='word_1_263' title='bbox 1222 4374 1260 4438; x_wconf 90' lang='lat' dir='ltr'>ab</span> <span class='ocrx_word' id='word_1_264' title='bbox 1284 4374 1441 4457; x_wconf 80' lang='lat' dir='ltr'>omnibus,</span> <span class='ocrx_word' id='word_1_265' title='bbox 1472 4373 1690 4456; x_wconf 88' lang='lat' dir='ltr'>specialitera</span> 
     </span>
     <span class='ocr_line' id='line_1_32' title="bbox 291 4477 1689 4563; baseline -0.002 -20"><span class='ocrx_word' id='word_1_266' title='bbox 291 4478 418 4563; x_wconf 91' lang='lat' dir='ltr'>populis</span> <span class='ocrx_word' id='word_1_267' title='bbox 441 4479 544 4543; x_wconf 90' lang='lat' dir='ltr'>dictae</span> <span class='ocrx_word' id='word_1_268' title='bbox 559 4478 653 4543; x_wconf 88' lang='lat' dir='ltr'>villae</span> <span class='ocrx_word' id='word_1_269' title='bbox 667 4479 749 4543; x_wconf 88' lang='lat' dir='ltr'>Jaad</span> <span class='ocrx_word' id='word_1_270' title='bbox 764 4483 982 4557; x_wconf 77' lang='lat' dir='ltr'>manuteneas,</span> <span class='ocrx_word' id='word_1_271' title='bbox 1005 4484 1152 4561; x_wconf 82' lang='lat' dir='ltr'>protegas</span> <span class='ocrx_word' id='word_1_272' title='bbox 1172 4483 1205 4542; x_wconf 88' lang='lat' dir='ltr'>et</span> <span class='ocrx_word' id='word_1_273' title='bbox 1219 4477 1380 4559; x_wconf 81' lang='lat' dir='ltr'>delendas,</span> <span class='ocrx_word' id='word_1_274' title='bbox 1402 4478 1544 4561; x_wconf 83' lang='lat' dir='ltr'>cogendo</span> <span class='ocrx_word' id='word_1_275' title='bbox 1561 4478 1689 4541; x_wconf 91' lang='lat' dir='ltr'>eosdem</span> 
     </span>
     <span class='ocr_line' id='line_1_33' title="bbox 291 4581 1689 4666; baseline 0 -21"><span class='ocrx_word' id='word_1_276' title='bbox 291 4582 428 4666; x_wconf 88' lang='lat' dir='ltr'>populos</span> <span class='ocrx_word' id='word_1_277' title='bbox 450 4590 576 4645; x_wconf 88' lang='lat' dir='ltr'>nostroe</span> <span class='ocrx_word' id='word_1_278' title='bbox 591 4583 625 4644; x_wconf 92' lang='lat' dir='ltr'>in</span> <span class='ocrx_word' id='word_1_279' title='bbox 640 4582 701 4645; x_wconf 88' lang='lat' dir='ltr'>hoo</span> <span class='ocrx_word' id='word_1_280' title='bbox 717 4582 874 4645; x_wconf 88' lang='lat' dir='ltr'>mandatis</span> <span class='ocrx_word' id='word_1_281' title='bbox 888 4582 1006 4645; x_wconf 89' lang='lat' dir='ltr'>nostris</span> <span class='ocrx_word' id='word_1_282' title='bbox 1025 4600 1082 4665; x_wconf 91' lang='lat' dir='ltr'>per</span> <span class='ocrx_word' id='word_1_283' title='bbox 1097 4581 1203 4644; x_wconf 90' lang='lat' dir='ltr'>omnia</span> <span class='ocrx_word' id='word_1_284' title='bbox 1219 4581 1356 4653; x_wconf 81' lang='lat' dir='ltr'>obedire,</span> <span class='ocrx_word' id='word_1_285' title='bbox 1378 4583 1422 4644; x_wconf 86' lang='lat' dir='ltr'>ita</span> <span class='ocrx_word' id='word_1_286' title='bbox 1437 4581 1524 4663; x_wconf 87' lang='lat' dir='ltr'>quod</span> <span class='ocrx_word' id='word_1_287' title='bbox 1540 4581 1689 4664; x_wconf 89' lang='lat' dir='ltr'>deinceps</span> 
     </span>
     <span class='ocr_line' id='line_1_34' title="bbox 290 4684 1689 4768; baseline -0.001 -19"><span class='ocrx_word' id='word_1_288' title='bbox 290 4690 561 4768; x_wconf 89' lang='lat' dir='ltr'>praememoratus</span> <span class='ocrx_word' id='word_1_289' title='bbox 583 4684 747 4748; x_wconf 85' lang='lat' dir='ltr'>Iohannes</span> <span class='ocrx_word' id='word_1_290' title='bbox 769 4685 809 4749; x_wconf 93' lang='lat' dir='ltr'>de</span> <span class='ocrx_word' id='word_1_291' title='bbox 831 4685 1012 4768; x_wconf 87' lang='lat' dir='ltr'>praemissis</span> <span class='ocrx_word' id='word_1_292' title='bbox 1035 4690 1163 4749; x_wconf 87' lang='lat' dir='ltr'>nostrae</span> <span class='ocrx_word' id='word_1_293' title='bbox 1190 4685 1345 4748; x_wconf 87' lang='lat' dir='ltr'>maiestati</span> <span class='ocrx_word' id='word_1_294' title='bbox 1368 4685 1599 4766; x_wconf 88' lang='lat' dir='ltr'>querimoniam</span> <span class='ocrx_word' id='word_1_295' title='bbox 1622 4704 1689 4748; x_wconf 92' lang='lat' dir='ltr'>non</span> 
     </span>
     <span class='ocr_line' id='line_1_35' title="bbox 289 4787 1688 4871; baseline -0.001 -20"><span class='ocrx_word' id='word_1_296' title='bbox 289 4793 457 4871; x_wconf 74' lang='lat' dir='ltr'>proponat</span> <span class='ocrx_word' id='word_1_297' title='bbox 487 4807 580 4852; x_wconf 88' lang='lat' dir='ltr'>secus</span> <span class='ocrx_word' id='word_1_298' title='bbox 610 4788 693 4851; x_wconf 89' lang='lat' dir='ltr'>sicut</span> <span class='ocrx_word' id='word_1_299' title='bbox 723 4794 864 4851; x_wconf 88' lang='lat' dir='ltr'>nostram</span> <span class='ocrx_word' id='word_1_300' title='bbox 886 4789 1018 4871; x_wconf 88' lang='lat' dir='ltr'>gratiam</span> <span class='ocrx_word' id='word_1_301' title='bbox 1042 4787 1139 4851; x_wconf 89' lang='lat' dir='ltr'>habes</span> <span class='ocrx_word' id='word_1_302' title='bbox 1161 4792 1193 4852; x_wconf 91' lang='lat' dir='ltr'>et</span> <span class='ocrx_word' id='word_1_303' title='bbox 1214 4787 1331 4851; x_wconf 90' lang='lat' dir='ltr'>habere</span> <span class='ocrx_word' id='word_1_304' title='bbox 1353 4787 1514 4851; x_wconf 89' lang='lat' dir='ltr'>desideras</span> <span class='ocrx_word' id='word_1_305' title='bbox 1536 4807 1601 4851; x_wconf 92' lang='lat' dir='ltr'>non</span> <span class='ocrx_word' id='word_1_306' title='bbox 1624 4788 1688 4851; x_wconf 86' lang='lat' dir='ltr'>iac·</span> 
     </span>
    </p>

    <p class='ocr_par' dir='ltr' id='par_1_13' title="bbox 219 4889 1687 4974">
     <span class='ocr_line' id='line_1_36' title="bbox 219 4889 1687 4974; baseline 0.001 -23"><span class='ocrx_word' id='word_1_307' title='bbox 219 4897 253 4951; x_wconf 78' lang='lat'>35</span> <span class='ocrx_word' id='word_1_308' title='bbox 289 4896 391 4955; x_wconf 89' lang='lat' dir='ltr'>turus.</span> <span class='ocrx_word' id='word_1_309' title='bbox 435 4890 554 4955; x_wconf 90' lang='lat' dir='ltr'>Datum</span> <span class='ocrx_word' id='word_1_310' title='bbox 585 4889 721 4955; x_wconf 86' lang='lat' dir='ltr'>Sabbato</span> <span class='ocrx_word' id='word_1_311' title='bbox 750 4891 898 4974; x_wconf 81' lang='lat' dir='ltr'>proximo</span> <span class='ocrx_word' id='word_1_312' title='bbox 932 4896 1006 4955; x_wconf 89' lang='lat' dir='ltr'>ante</span> <span class='ocrx_word' id='word_1_313' title='bbox 1036 4891 1153 4954; x_wconf 89' lang='lat' dir='ltr'>festum</span> <span class='ocrx_word' id='word_1_314' title='bbox 1182 4890 1265 4954; x_wconf 88' lang='lat' dir='ltr'>beati</span> <span class='ocrx_word' id='word_1_315' title='bbox 1295 4889 1407 4954; x_wconf 88' lang='lat' dir='ltr'>Jacobi</span> <span class='ocrx_word' id='word_1_316' title='bbox 1429 4889 1573 4972; x_wconf 78' lang='lat' dir='ltr'>apostoli,</span> <span class='ocrx_word' id='word_1_317' title='bbox 1602 4909 1687 4952; x_wconf 90' lang='lat' dir='ltr'>anno</span> 
     </span>
    </p>
   </div>
   <div class='ocr_carea' id='block_1_10' title="bbox 288 4972 845 5078">
    <p class='ocr_par' dir='ltr' id='par_1_14' title="bbox 288 4972 845 5078">
     <span class='ocr_line' id='line_1_37' title="bbox 288 4972 845 5078; baseline 0 -21"><span class='ocrx_word' id='word_1_318' title='bbox 288 4995 410 5058; x_wconf 73' lang='lat' dir='ltr'>namur</span> <span class='ocrx_word' id='word_1_319' title='bbox 423 4972 465 5059; x_wconf 76' lang='lat' dir='ltr'>fi.</span> <span class='ocrx_word' id='word_1_320' title='bbox 482 4972 568 5059; x_wconf 75' lang='lat' dir='ltr'>cod.</span> <span class='ocrx_word' id='word_1_321' title='bbox 587 4972 698 5058; x_wconf 69' lang='lat' dir='ltr'>nult.</span> <span class='ocrx_word' id='word_1_322' title='bbox 723 4999 845 5078; x_wconf 73' lang='lat' dir='ltr'>quarn.</span> 
     </span>
    </p>
   </div>
   <div class='ocr_carea' id='block_1_11' title="bbox 442 5163 958 5320">
    <p class='ocr_par' dir='ltr' id='par_1_15' title="bbox 442 5163 958 5320">
     <span class='ocr_line' id='line_1_38' title="bbox 442 5163 695 5239; baseline -0.008 -20"><span class='ocrx_word' id='word_1_323' title='bbox 442 5165 464 5232; x_wconf 86' lang='lat'>¹)</span> <span class='ocrx_word' id='word_1_324' title='bbox 485 5163 619 5235; x_wconf 66' lang='lat' dir='ltr'>Variana:</span> <span class='ocrx_word' id='word_1_325' title='bbox 635 5180 695 5239; x_wconf 71' lang='lat' dir='ltr'>nau.</span> 
     </span>
     <span class='ocr_line' id='line_1_39' title="bbox 442 5248 958 5320; baseline -0.006 -14"><span class='ocrx_word' id='word_1_326' title='bbox 442 5252 465 5316; x_wconf 77' lang='lat' dir='ltr'>&#39;l</span> <span class='ocrx_word' id='word_1_327' title='bbox 487 5250 573 5306; x_wconf 79' lang='lat' dir='ltr'>Ucber</span> <span class='ocrx_word' id='word_1_328' title='bbox 590 5251 639 5306; x_wconf 80' lang='lat' dir='ltr'>der</span> <span class='ocrx_word' id='word_1_329' title='bbox 656 5249 733 5305; x_wconf 67' lang='lat' dir='ltr'>Zeila</span> <span class='ocrx_word' id='word_1_330' title='bbox 750 5248 958 5320; x_wconf 70' lang='lat' dir='ltr'>aaehpmapcaa</span> 
     </span>
    </p>
   </div>
   <div class='ocr_carea' id='block_1_12' title="bbox 0 0 2046 6295">
    <p class='ocr_par' dir='ltr' id='par_1_16' title="bbox 0 0 2046 6295">
     <span class='ocr_line' id='line_1_40' title="bbox 0 0 2046 6295; baseline 0 0"><span class='ocrx_word' id='word_1_331' title='bbox 0 0 2046 6295; x_wconf 95' lang='lat' dir='ltr'> </span> 
     </span>
    </p>
   </div>
  </div>
 </body>
</html>
