4106 6294
342 794 514 882 'tamquam¹
533 799 681 863 dominus
703 806 736 865 et
765 820 824 865 rex
848 806 951 863 terrae
973 800 1152 884 praedictae
1182 804 1214 861 et
1236 798 1313 861 dicti
1335 798 1433 880 regni,
1465 817 1539 861 cum
1560 797 1622 880 ipsi
1645 804 1752 860 essent

347 905 447 988 parati
477 903 582 988 ipsum
606 901 755 967 Ottoncm
787 908 948 986 tamquam
978 905 1143 968 dominnm
1167 908 1199 964 et
1229 920 1334 983 regem
1360 902 1518 983 Vngariae
1548 902 1689 984 recipere
1719 908 1752 964 61

348 1007 564 1092 susciperem
587 1007 698 1072 eadem
721 1012 813 1072 terra.

598 1111 710 1194 Negat.

294 1219 322 1274 X
503 1214 584 1279 Item
615 1216 702 1296 quod
732 1216 807 1279 dicti
838 1215 968 1279 comites
992 1224 1024 1280 61
1051 1216 1195 1279 homines
1218 1216 1320 1279 dictae
1352 1223 1454 1279 terrae
1477 1214 1593 1278 Oibinii
1622 1232 1753 1296 exspec-
1789 1224 1806 1274 6

350 1318 462 1382 tabant
483 1318 605 1381 dictum
621 1318 781 1402 Ottonem,
805 1321 881 1383 dum
904 1321 1066 1383 recederet
1089 1320 1128 1382 de
1151 1320 1235 1383 dicta
1257 1328 1340 1382 terra
1358 1319 1507 1382 Bextrize
1530 1319 1599 1380 sive
1614 1317 1753 1390 Neusna

353 1422 440 1505 quod
462 1428 626 1505 tamquam
648 1443 707 1487 rex
730 1428 763 1487 et
785 1424 934 1487 dominus
957 1425 1016 1487 iret
1038 1424 1078 1486 ed
1101 1424 1217 1486 dictam
1240 1430 1355 1486 terram
1380 1423 1502 1487 Cibinii.

505 1563 519 1576 ·
535 1563 548 1575 -
564 1563 578 1575 ·
599 1527 674 1591 Non
696 1527 804 1592 credit.

279 1634 322 1689 XI
403 1644 405 1647 ·
504 1631 585 1695 Item
599 1632 685 1713 qu'od
701 1631 776 1694 dicti
792 1632 923 1695 comites
939 1639 971 1696 et
986 1632 1163 1715 singulares
1179 1651 1332 1715 personae
1348 1632 1565 1694 universitatis
1580 1632 1619 1694 de
1628 1629 1751 1693 Cibinio

349 1754 407 1819 pro
423 1754 471 1817 eo,
494 1735 581 1816 quod
596 1734 679 1798 dicto
696 1733 805 1798 0116111
822 1736 979 1799 dederunt
999 1736 1165 1818 auxilium,
1189 1736 1356 1798 consilium
1380 1741 1412 1798 et
1434 1736 1584 1811 favorem,
1608 1740 1644 1797 ut
1663 1751 1753 1815 prae-
1792 1742 1824 1794 10

350 1838 470 1902 dietum
495 1843 543 1902 est
565 1838 799 1922 supradictam
821 1841 1159 1903 excommunicationis
1183 1841 1372 1902 sententiam
1396 1838 1521 1921 publice
1540 1839 1752 1914 incurrerunt.

506 1979 520 1991 ·
536 1979 550 1991 -
564 1979 578 1991 -
601 1941 775 2027 Dependet.

268 2051 324 2107 XII
506 2046 587 2111 Item
604 2047 690 2129 quod
707 2047 746 2110 de
761 2046 930 2131 praedictis
953 2046 1101 2109 omnibus
1117 2055 1149 2109 et
1164 2046 1298 2129 singulis
1313 2055 1345 2110 et
1361 2046 1504 2127 quolibet
1518 2045 1752 2129 praedictorum

351 2152 413 2215 iuit
435 2158 467 2215 et
488 2157 538 2215 661
552 2150 679 2236 publica
694 2170 761 2214 vox
775 2156 808 2214 et
826 2151 911 2214 iama
925 2156 1038 2215 notum
1054 2156 1086 2213 et
1102 2152 1304 2214 manifestum
1325 2152 1358 2213 111
1374 2150 1458 2213 dicto
1475 2169 1573 2232 regno
1590 2148 1753 2229 Vngariae.

169 2263 321 2316 iuramenta
507 2254 567 2319 Die
582 2254 732 2319 Mercurii
755 2233 795 2319 II.
819 2256 894 2318 dieti
918 2256 1035 2319 mensis
1050 2255 1138 2333 tulii,
1162 2256 1303 2318 eiusdem
1327 2255 1510 2317 indictionis
1532 2259 1606 2317 ante
1629 2254 1754 2316 tertiam
1791 2263 1824 2313 15

178 2339 316 2408 Imm
352 2347 609 2442 comparentibus
639 2359 808 2442 praedictis
838 2359 1099 2443 procuratoribus
1120 2358 1301 2422 substitutis
1332 2361 1365 2421 in
1388 2358 1504 2422 iudicio
1534 2377 1640 2420 coranr
1671 2357 1754 2420 dicto

178 2433 324 2550 35⁹5sspr
352 2464 480 2527 domino
497 2464 642 2527 auditore
665 2483 701 2526 ac
725 2463 906 2527 iurantibus
921 2465 960 2527 ad
984 2469 1093 2527 saneta
1116 2464 1166 2525 dei
1186 2462 1351 2544 evangelia
1373 2463 1579 2545 corporaliter
1601 2466 1685 2525 tacta
1698 2479 1755 2543 per

301 2584 304 2587 ·
352 2582 407 2632 616
437 2573 501 2631 taur
532 2568 565 2630 in
587 2566 754 2630 animabus
776 2567 927 2650 ipsorum,
959 2586 1054 2648 quam
1085 2568 1288 2629 dominorum
1316 2586 1458 2641 suorum,
1491 2566 1637 2629 videlicet
1668 2565 1753 2646 quod

352 2672 456 2737 dictus
486 2672 635 2754 magister
661 2670 827 2754 Philippus
857 2670 958 2734 credit
987 2671 1070 2735 iuste
1100 2674 1220 2754 ponere
1250 2678 1282 2734 et
1313 2672 1456 2753 probare,
1488 2689 1570 2751 quae
1599 2671 1633 2732 in
1664 2669 1756 2732 dictis

352 2776 563 2859 positionibus
586 2781 618 2839 et
640 2775 782 2839 articulis
805 2774 1019 2857 continentur,
1050 2780 1082 2838 61
1104 2777 1209 2838 animo
1233 2775 1447 2838 calumniandi
1471 2795 1534 2837 11611
1559 2775 1754 2857 (1166161166
1790 2780 1826 2833 20

352 2899 471 2964 ponere
494 2879 704 2963 supradicta
742 2878 784 2942 Et
806 2878 909 2941 dictrrs
931 2877 1106 2960 Vagnolus
1138 2879 1224 2959 quod
1247 2898 1344 2962 super
1365 2879 1535 2962 praedictis
1561 2886 1593 2942 et
1616 2879 1757 2959 qualibet

351 2984 493 3068 ipsarum
509 2982 704 3066 positionum
720 2982 899 3066 respondet,
923 2983 1090 3045 veritatem
1107 3002 1202 3063 quam
1219 2984 1309 3046 novit
1325 2990 1357 3046 61
1372 2984 1480 3055 eredit,
1504 3003 1600 3066 super
1615 2984 1757 3066 ipsarum

352 3087 487 3171 singulis
516 3087 730 3169 interrogatus
761 3086 821 3149 sibi
843 3085 933 3148 lectis
959 3086 1097 3149 seriatim
1121 3092 1153 3149 et
1175 3088 1322 3150 distincte
1352 3088 1518 3170 respondit
1545 3088 1585 3150 ad
1615 3086 1757 3169 singulas

352 3192 493 3276 ipsarum
523 3195 621 3274 prout
642 3190 677 3252 in
698 3188 763 3253 fine
785 3189 956 3253 cuiuslibet
978 3191 1160 3253 continetur
1187 3198 1320 3273 excepto
1344 3191 1384 3253 ad
1407 3192 1571 3274 septimam
1596 3210 1678 3272 quae
1708 3191 1757 3252 in-

352 3295 429 3378 cipit
450 3294 532 3358 Item
562 3294 649 3377 quod
675 3294 779 3357 dictus
802 3293 876 3357 Otto
899 3298 1062 3374 tamquam
1088 3314 1147 3356 rex
1173 3294 1330 3377 Vngariae
1353 3314 1427 3357 61111
1451 3314 1565 3378 magno
1588 3301 1620 3358 et
1643 3301 1756 3375 cetera,
1792 3299 1826 3353 25

353 3418 451 3482 super
474 3418 538 3480 qua
560 3398 600 3460 ad
623 3397 862 3462 deliberandum
886 3398 1057 3461 terminum
1080 3402 1311 3481 competentem
1335 3398 1454 3481 petivit.

181 3507 319 3562 Terminus
511 3501 623 3566 Eidem
643 3501 787 3584 Vagnolo
811 3502 917 3566 statim
940 3502 1044 3565 dictus
1068 3501 1216 3565 dominus
1239 3502 1365 3566 auditor
1387 3504 1563 3585 assignavit
1584 3503 1757 3566 terminum

178 3584 321 3718 “dm‘llffl'
354 3607 394 3670 ad
426 3606 665 3670 deliberandum
695 3611 728 3669 et
758 3606 1014 3689 respondendum
1045 3605 1147 3668 diotae
1177 3606 1325 3688 positioni
1360 3606 1398 3668 ad
1429 3625 1500 3669 cras
1530 3612 1603 3669 ante
1633 3607 1757 3669 tertiam

173 3739 336 3809 prosteriora.
354 3710 574 3794 peremptorie.
861 3782 864 3787 1

185 3818 318 3877 mnium
450 3878 452 3882 ,
512 3813 593 3877 Item
623 3815 673 3877 die
695 3814 788 3878 Iovis
817 3815 911 3877 tertio
942 3813 1017 3876 dicti
1039 3814 1159 3876 mensis
1182 3813 1261 3876 Julii
1287 3815 1391 3877 dictus
1422 3816 1571 3897 magister
1592 3814 1758 3899 Philippus
1793 3820 1828 3875 30

197 3895 305 3985 11111118
356 3919 551 3983 constitutus
580 3937 697 3983 coram,
717 3918 845 3982 domino
869 3918 1013 3982 auditore
1044 3917 1205 4001 praedicto
1228 3917 1375 3981 6111111611
1396 3919 1494 3981 aliurn
1524 3919 1693 3982 articulum
1724 3920 1758 3981 in

174 3973 329 4122 mffifa'
357 4021 483 4106 scriptis
505 4021 650 4088 addendo
672 4021 764 4087 illum
786 4022 856 4085 aliis
878 4020 1020 4084 articulis
1043 4039 1140 4102 supra
1162 4021 1263 4102 diens,
1286 4022 1378 4085 cuius
1400 4029 1493 4085 tenor
1514 4022 1587 4086 talis
1610 4030 1665 4087 est

186 4129 322 4220 Artorius
512 4127 593 4190 item
624 4127 709 4210 quod
741 4127 816 4190 dicti
839 4126 971 4190 comites
994 4124 1096 4188 eidem
1119 4123 1230 4188 Ottoni
1252 4129 1415 4207 tamquam
1444 4127 1511 4210 regi
1533 4127 1695 4211 Vngariae
1724 4129 1757 4191 in

196 4206 311 4277 ⁰⁸P¹t¹¹¹l
357 4230 469 4294 eodem
491 4231 636 4295 exercitu
658 4232 742 4295 cirea
759 4231 884 4295 Budam
907 4230 940 4291 in
962 4230 1081 4312 campis
1104 4229 1143 4292 de
1160 4229 1253 4292 Peste
1275 4229 1402 4312 publice
1425 4232 1652 4314 praestiterunt
1673 4233 1758 4295 iura-

357 4340 502 4398 mentum
524 4335 662 4418 homagii
685 4340 717 4399 et
738 4334 907 4398 fidelitatis.
1026 4341 1027 4344 ’
1794 4341 1827 4393 35

175 4442 329 4497 (1116116111-
512 4436 593 4501 Item
608 4438 721 4502 eodem
737 4439 787 4502 die
810 4437 920 4502 retulit
936 4437 1019 4500 dicto
1043 4437 1171 4499 domino
1195 4437 1332 4500 auditori
1348 4443 1381 4502 et
1403 4439 1478 4501 mihi
1495 4441 1618 4503 notario
1634 4440 1760 4504 Zuccha

191 4520 318 4609 ΜΡΝ
357 4541 496 4604 nuncius
518 4541 642 4605 iuratus
666 4542 906 4623 1111166611166,
937 4560 971 4604 66
994 4541 1107 4604 citasse
1130 4541 1169 4604 de
1193 4542 1340 4603 mandato
1364 4542 1438 4604 dicti
1462 4542 1581 4606 domini
1604 4544 1759 4608 auditoris

192 4597 313 4668 mm
356 4645 397 4708 ad
419 4644 603 4727 petitionem
626 4645 702 4709 dicti
732 4646 874 4729 magistri
897 4644 1036 4728 Philippi
1056 4646 1140 4707 intra
1166 4645 1301 4728 scriptos
1323 4651 1428 4727 testes,
1461 4647 1549 4728 quod
1570 4648 1664 4712 hodie
1686 4655 1760 4712 ante

358 4748 484 4812 tertiam
505 4748 654 4813 venirent
676 4770 783 4814 coram
805 4768 843 4814 66
871 4750 911 4812 ed
940 4749 1170 4833 perhibendum
1202 4750 1419 4813 testimonium
1442 4751 1568 4814 veritati
1591 4772 1688 4835 super
1710 4771 1760 4814 ar·

357 4852 463 4916 ticulis
485 4853 667 4916 memoratis
690 4858 722 4916 et
744 4853 924 4937 Vagnolum
957 4859 1194 4937 procuratorem
1216 4853 1422 4936 praedictum,
1452 4854 1493 4917 ad
1515 4855 1688 4919 videndum
1713 4858 1760 4939 ip·
1794 4859 1830 4913 40

359 4975 469 5019 sorum
491 4956 622 5019 testium
643 4957 830 5039 iuramenta,
854 4977 993 5038 quorum
1015 4959 1145 5021 testium
1167 4959 1298 5020 nomina
1320 4964 1396 5020 sunt
1417 4958 1502 5020 haec.

230 5066 329 5122 161166
513 5058 714 5124 Venerabilis
744 5060 778 5123 in
809 5059 933 5124 Christo
964 5067 1054 5144 pater
1084 5062 1233 5125 dominus
1263 5061 1457 5125 Benedictus
1486 5063 1654 5147 episcopus
1680 5064 1760 5129 Che-

357 5146 529 5217 nadiensis.
585 5170 587 5175 ·

514 5250 679 5316 Iohannes
702 5256 813 5315 cantor
834 5250 1002 5335 Budensis‚

514 5353 666 5437 Magister
688 5354 867 5419 Germanus
889 5355 1033 5419 serviens
1056 5355 1176 5419 dorrrirri
1196 5357 1280 5440 regis
1303 5357 1471 5441 Vngariae‚

515 5456 674 5521 Dorulaus
695 5457 876 5543 Stephanus
898 5460 1097 5543 praepositus
1111 5459 1367 5542 .Vesprimiensis
1388 5467 1436 5524 61Ι

515 5560 648 5651 ligium
670 5563 843 5627 canonicus
865 5562 1119 5649 vesprimiensis.
