4084 6302
890 645 1045 740 *am-

268 831 335 895 tilio
359 832 473 917 Vgrini
494 832 623 897 homine
653 833 806 917 praedicti
827 834 948 898 donrini
970 834 1054 917 regis
1077 838 1222 898 nostrum
1249 833 1410 899 hominem
1432 833 1580 897 videlicet
1602 833 1670 899 dis·

270 941 394 1001 cretum
412 936 523 1027 yirum
553 936 739 1019 magistrum
761 935 944 1001 ladislaum
974 938 1097 1002 socium
1127 942 1160 1002 et
1188 937 1439 1001 concanonicum
1461 942 1607 1001 nostrum
1629 936 1670 1000 ad

271 1038 509 1122 exsequenda1)
530 1041 704 1124 praemissa
718 1040 872 1105 duximus
888 1041 1122 1123 destinandum
1146 1042 1201 1123 qui
1216 1041 1344 1105 demum
1360 1040 1401 1104 ad
1422 1058 1483 1103 nos
1498 1038 1670 1105 redeuutes

272 1144 365 1207 nobis
387 1163 530 1208 consona
548 1161 627 1206 voce
650 1142 838 1224 retulerunt,
862 1145 949 1225 quod
972 1146 1048 1209 dum
1064 1143 1200 1209 Sabbato
1223 1144 1370 1228 proximo
1393 1147 1468 1207 ante
1490 1142 1670 1224 quindenas

219 1255 235 1305 o
271 1245 391 1310 Pascae
406 1247 527 1310 domini
549 1266 636 1311 nunc
659 1247 845 1330 praeteritas
854 1248 876 1325 ³)
898 1248 939 1311 ad
961 1249 1073 1314 faciem
1096 1249 1198 1313 dictae
1220 1248 1430 1332 possessionis
1444 1246 1598 1310 Zalathna
1618 1267 1670 1310 ac·

270 1351 442 1414 cessissent
464 1351 688 1432 universisque
711 1351 824 1414 vicinia
846 1356 879 1415 et
901 1353 1126 1417 commetaneis
1155 1351 1295 1435 legitime
1317 1350 1501 1414 convocatis
1523 1349 1670 1414 reambu·

270 1454 382 1531 lantes,
397 1453 559 1537 praedicto
571 1453 710 1538 capitulo
722 1454 873 1519 ecclosias
884 1455 1127 1520 Transsiluanae
1139 1460 1278 1520 statuere
1290 1455 1477 1535 voluissent,
1489 1452 1670 1538 Stephanus

270 1557 357 1622 filius
372 1557 524 1641 Stephani
536 1558 576 1622 de
592 1557 715 1622 Olchna
728 1560 882 1623 accedens
897 1558 1111 1623 contradictor
1126 1559 1302 1624 exstitisset
1316 1558 1483 1623 statutioni
1497 1557 1669 1639 faciendae,

272 1679 369 1743 quem
392 1662 504 1726 eodem
527 1662 579 1726 die
594 1667 627 1727 et
642 1661 711 1725 loco
727 1663 767 1726 ad
783 1668 907 1727 vestrae
923 1662 1152 1745 magnitudinis
1166 1662 1319 1726 citassent
1333 1662 1544 1745 praesentiam
1559 1667 1671 1726 contra

204 1771 237 1824 10
272 1765 447 1848 capitulum
469 1784 567 1849 supra
581 1765 703 1829 dictum
719 1765 897 1847 quindenas
923 1766 995 1829 iesti
1017 1764 1244 1829 Penthecostes
1259 1785 1345 1829 nunc
1361 1764 1545 1843 venturaa⁸)
1567 1764 1669 1828 eidem

271 1888 329 1952 pro
359 1869 494 1932 termino
526 1868 726 1951 assignando.
763 1867 882 1932 Datum
904 1874 997 1933 sexta
1026 1868 1105 1931 feria
1126 1869 1272 1951 proxima
1301 1873 1374 1933 ante
1396 1869 1513 1932 festum
1536 1887 1670 1951 praeno·

272 1977 383 2055 amm,
406 1991 491 2035 anno
514 1991 612 2056 supra
633 1972 726 2035 dicto.

427 2109 502 2193 Ans
518 2109 573 2173 der
595 2108 752 2174 ammae
773 2109 921 2174 Adrasta:
949 2110 1118 2194 Magnifice
1141 2110 1211 2174 viro
1234 2115 1266 2175 et
1288 2110 1421 2175 honesto
1443 2110 1580 2175 Thomas
1603 2110 1670 2173 vai·

272 2214 375 2278 vodae
396 2213 621 2278 Transsiluano
652 2221 685 2279 et
714 2214 821 2278 comiti
851 2214 890 2278 de
913 2213 1038 2277 Zolnuk
1067 2234 1124 2298 pro
1155 2213 1332 2278 honorabili
1359 2215 1497 2298 capitulo
1521 2214 1671 2279 ecclesiae

204 2326 236 2376 15
271 2317 514 2382 Transsiluanae
544 2323 655 2382 contra
685 2317 882 2401 Stephanum
911 2318 1013 2381 filium
1035 2317 1186 2400 Stephani
1216 2318 1256 2381 de
1278 2316 1401 2381 Olchna
1430 2319 1470 2382 ad
1493 2318 1671 2400 quindenas

273 2421 344 2484 festi
367 2421 625 2499 Penthecostesll
647 2422 799 2485 citatoria

933 2749 1022 2833 527.

352 2933 461 3002 1336
469 2928 607 3023 Aupaat
621 2933 685 3003 24.
704 2930 782 3004 Dus
798 2930 1080 3023 Waeeaaoyer
1091 2930 1237 3023 Kopitel
1253 2930 1398 3023 tamt,
1418 2931 1499 3003 duaa
1511 2931 1670 3019 Martha,

274 3052 332 3123 dea
358 3050 554 3125 Woiwodea
572 3052 725 3145 Stephon
751 3051 898 3141 Wittwc,
925 3053 1025 3125 ibren
1047 3052 1167 3125 Bastia
1190 3074 1236 3124 aa
1256 3051 1436 3126 Monocoli
1453 3075 1500 3124 an
1517 3051 1673 3124 Mataei

204 3188 239 3245 20
274 3173 316 3244 de
341 3171 463 3245 Lauta
488 3173 686 3247 ittartaaaea
710 3175 780 3247 bat.

429 3337 589 3405 Abadarift:
606 3339 729 3409 Kamtay
739 3338 863 3407 Diploaa
881 3337 1022 3407 appendia
1040 3337 1085 3405 H,
1102 3341 1141 3393 37
1154 3337 1226 3393 aaa
1242 3337 1303 3392 dara
1316 3334 1393 3407 θήρ.
1405 3337 1486 3407 Parg.
1504 3336 1608 3392 Arabia
1624 3336 1673 3391 der

379 3423 488 3492 (irascar
505 3424 621 3480 Koraia.
644 3424 732 3496 Siepcl
749 3441 809 3480 war
826 3442 865 3480 aa
881 3424 1045 3495 path-rodae
1063 3423 1266 3480 Seidemdtw
1283 3422 1447 3494 atgebdapt.

430 3545 542 3600 Druck:
559 3546 662 3601 Archiv
678 3546 700 3613 s.
719 3546 822 3601 Ranae
838 3550 934 3601 datarr.
954 3546 1048 3601 Garat.
1071 3544 1104 3614 V,
1121 3549 1182 3601 379.

431 3720 500 3784 Nos
515 3722 690 3805 capitulum
704 3721 855 3785 Albensis
870 3721 1021 3785 ecclesiae
1036 3720 1120 3784 beati
1135 3719 1298 3785 Michaelis
1312 3720 1492 3804 archangeli
1505 3720 1672 3803 'lhanssyl-

206 3830 240 3883 25
276 3824 438 3888 veniensis
468 3824 683 3908 significamus
713 3822 832 3905 quibus
859 3824 989 3907 expedit
1020 3824 1180 3888 universis
1202 3825 1419 3906 praesentium
1440 3843 1498 3908 per
1520 3831 1673 3907 tenorem,

275 3928 362 4009 quod
385 3928 519 3991 honesta
540 3927 669 3990 domina
691 3925 815 3990 Martha
837 3927 929 4009 dicta
950 3925 1016 3990 filia
1037 3926 1213 4010 Henningii
1237 3927 1398 4009 quondam
1421 3929 1460 3993 de
1483 3929 1559 3993 villa
1577 3926 1673 4011 Petri,

274 4029 385 4092 relicta
401 4033 512 4113 utpote
527 4028 686 4114 magnifici
702 4030 862 4112 quondam
879 4030 999 4093 domini
1015 4029 1166 4114 Stephani
1182 4030 1335 4094 vaivodae
1349 4030 1672 4115 lbanssylvaniensis

275 4152 383 4197 coram
405 4133 498 4196 nobis
519 4134 729 4217 personaliter
743 4135 925 4216 constituta
948 4140 1071 4199 astante
1093 4134 1184 4199 lateri
1199 4134 1269 4199 eius
1284 4135 1399 4199 comite
1414 4134 1510 4201 Petro
1533 4136 1572 4199 de
1587 4134 1672 4200 Mer·

275 4236 411 4319 gendhal
434 4236 589 4301 matruele
612 4257 670 4303 suo
693 4238 778 4301 fassa
799 4238 896 4301 fuerit
917 4237 1126 4321 retuleritque
1149 4259 1187 4303 eo
1211 4239 1314 4321 modo,
1337 4239 1423 4320 quod
1447 4239 1594 4320 quamvis
1616 4237 1672 4301 do·

206 4348 241 4402 30
275 4341 383 4403 minus
403 4340 565 4422 quondam
587 4341 721 4405 maritus
743 4361 822 4405 suus
843 4348 985 4426 tempore
1008 4344 1192 4427 nuptiarum
1215 4340 1456 4426 perhibentibus
1477 4340 1578 4404 literis
1594 4344 1672 4403 tunc

276 4463 333 4527 per
354 4444 565 4527 provinciales
588 4444 671 4509 sedis
695 4444 885 4511 cibiniensis
907 4447 1095 4511 secundario
1125 4447 1234 4509 nativa
1255 4464 1367 4509 eorum
1389 4443 1499 4526 lingua
1520 4442 1674 4506 emanatis

277 4567 314 4611 ac
336 4567 443 4611 coram
474 4546 567 4611 nobis
597 4549 630 4612 in
662 4550 766 4633 specie
796 4550 890 4615 etiam
920 4550 1085 4633 productis
1114 4554 1147 4614 et
1170 4549 1252 4613 vivis
1281 4549 1419 4612 invicem
1447 4553 1480 4610 et
1501 4545 1672 4628 ahqualem

276 4650 387 4715 saltem
411 4670 650 4735 recompensam
671 4653 800 4718 illorum
817 4652 1002 4716 utensilium
1024 4659 1057 4718 et
1070 4653 1290 4718 clenodiorum
1311 4653 1344 4714 in
1361 4650 1480 4714 eisdem
1499 4648 1601 4714 literis
1615 4669 1672 4734 per

276 4753 422 4838 specifica
452 4761 720 4837 enumeratorum,
751 4775 833 4839 quae
860 4755 930 4840 ipsa
959 4755 1087 4820 domina
1108 4756 1233 4820 Martha
1262 4761 1340 4820 tunc
1370 4754 1473 4817 adhuc
1500 4773 1618 4838 sponsa
1638 4754 1672 4817 in

207 4867 241 4921 35
277 4877 372 4922 usum
395 4859 488 4923 etad
511 4858 754 4922 sustentandum
777 4859 878 4923 futuri
894 4859 970 4923 dicti
993 4860 1153 4941 quondam
1170 4860 1289 4923 domini
1312 4858 1363 4924 sui
1385 4857 1546 4940 subsequa
1568 4856 1673 4922 mariti

276 4963 466 5027 vaivodatus
495 4963 650 5026 honorem
680 4982 717 5025 ac
739 4963 966 5027 condecentem
989 4963 1174 5045 dignitatem
1204 4964 1295 5027 aulae
1323 4982 1361 5026 ac
1384 4962 1493 5026 domui
1515 4961 1585 5025 eius
1606 4962 1674 5025 vai·

275 5066 382 5131 vodali
397 5066 522 5130 adferre
537 5065 796 5149 necessitabatur,
819 5065 879 5131 sibi
894 5072 1023 5130 centum
1039 5071 1072 5129 et
1086 5067 1288 5150 septuaginta
1310 5071 1432 5150 septem
1454 5083 1577 5130 marcas
1598 5066 1672 5149 puri

275 5171 399 5254 argenti
427 5169 577 5254 ponderis
598 5170 758 5234 Budensis
788 5169 970 5253 stipulasset
998 5170 1098 5251 inque
1128 5169 1330 5234 securitatem
1362 5187 1506 5233 summae
1533 5168 1672 5233 iathuius

433 5342 454 5410 ¹)
476 5339 608 5409 Vorlopc:
626 5342 829 5411 exaequandam.

206 5430 242 5485 ro
432 5429 454 5498 ¹)
471 5428 556 5500 April
573 5432 615 5485 ra

432 5516 454 5586 ⁸)
471 5514 544 5571 aaa
559 5519 587 5570 a.
