<?xml version="1.0" encoding="UTF-8"?>
<!DOCTYPE html PUBLIC "-//W3C//DTD XHTML 1.0 Transitional//EN"
    "http://www.w3.org/TR/xhtml1/DTD/xhtml1-transitional.dtd">
<html xmlns="http://www.w3.org/1999/xhtml" xml:lang="en" lang="en">
 <head>
  <title>
</title>
<meta http-equiv="Content-Type" content="text/html;charset=utf-8" />
  <meta name='ocr-system' content='tesseract 3.04.00' />
  <meta name='ocr-capabilities' content='ocr_page ocr_carea ocr_par ocr_line ocrx_word'/>
</head>
<body>
  <div class='ocr_page' id='page_1' title='image "./urkundenbuchzur00mlgoog_0421.png"; bbox 0 0 4086 6300; ppageno 0'>
   <div class='ocr_carea' id='block_1_1' title="bbox 1013 623 1169 718">
    <p class='ocr_par' dir='ltr' id='par_1_1' title="bbox 1013 623 1169 718">
     <span class='ocr_line' id='line_1_1' title="bbox 1013 623 1169 718; baseline 0 -33"><span class='ocrx_word' id='word_1_1' title='bbox 1013 623 1169 718; x_wconf 50' lang='grc' dir='ltr'><strong>-ξθθ-</strong></span> 
     </span>
    </p>
   </div>
   <div class='ocr_carea' id='block_1_2' title="bbox 393 809 1870 5452">
    <p class='ocr_par' dir='ltr' id='par_1_2' title="bbox 393 809 1870 5452">
     <span class='ocr_line' id='line_1_2' title="bbox 394 809 1798 896; baseline 0.003 -23"><span class='ocrx_word' id='word_1_2' title='bbox 394 810 544 875; x_wconf 89' lang='lat' dir='ltr'><strong>fidelibus</strong></span> <span class='ocrx_word' id='word_1_3' title='bbox 574 811 691 875; x_wconf 86' lang='lat' dir='ltr'><strong>nostris</strong></span> <span class='ocrx_word' id='word_1_4' title='bbox 720 811 755 874; x_wconf 92' lang='lat' dir='ltr'><strong>in</strong></span> <span class='ocrx_word' id='word_1_5' title='bbox 784 811 847 875; x_wconf 89' lang='lat' dir='ltr'><strong>illis</strong></span> <span class='ocrx_word' id='word_1_6' title='bbox 877 809 1022 895; x_wconf 88' lang='lat' dir='ltr'><strong>partibus</strong></span> <span class='ocrx_word' id='word_1_7' title='bbox 1052 813 1233 876; x_wconf 84' lang='lat' dir='ltr'><strong>constitutis</strong></span> <span class='ocrx_word' id='word_1_8' title='bbox 1262 811 1301 875; x_wconf 91' lang='lat' dir='ltr'><strong>ab</strong></span> <span class='ocrx_word' id='word_1_9' title='bbox 1331 811 1513 896; x_wconf 74' lang='lat' dir='ltr'><strong>improvisis</strong></span> <span class='ocrx_word' id='word_1_10' title='bbox 1543 811 1798 877; x_wconf 86' lang='lat' dir='ltr'><strong>adversariorum</strong></span> 
     </span>
     <span class='ocr_line' id='line_1_3' title="bbox 393 915 1799 1000; baseline 0 -20"><span class='ocrx_word' id='word_1_11' title='bbox 393 921 576 980; x_wconf 91' lang='lat' dir='ltr'><strong>nostrorum</strong></span> <span class='ocrx_word' id='word_1_12' title='bbox 606 915 826 979; x_wconf 76' lang='lat' dir='ltr'><strong>invasionibus</strong></span> <span class='ocrx_word' id='word_1_13' title='bbox 857 916 925 980; x_wconf 87' lang='lat' dir='ltr'><strong>sive</strong></span> <span class='ocrx_word' id='word_1_14' title='bbox 956 916 1128 981; x_wconf 83' lang='lat' dir='ltr'><strong>insultibus</strong></span> <span class='ocrx_word' id='word_1_15' title='bbox 1160 921 1231 979; x_wconf 84' lang='lat' dir='ltr'><strong>tuta</strong></span> <span class='ocrx_word' id='word_1_16' title='bbox 1260 916 1352 996; x_wconf 80' lang='lat' dir='ltr'><strong>quies</strong></span> <span class='ocrx_word' id='word_1_17' title='bbox 1386 921 1419 980; x_wconf 86' lang='lat' dir='ltr'><strong>ct</strong></span> <span class='ocrx_word' id='word_1_18' title='bbox 1449 916 1663 998; x_wconf 86' lang='lat' dir='ltr'><strong>tranquillitas</strong></span> <span class='ocrx_word' id='word_1_19' title='bbox 1693 920 1799 1000; x_wconf 88' lang='lat' dir='ltr'><strong>optata</strong></span> 
     </span>
     <span class='ocr_line' id='line_1_4' title="bbox 394 1019 1798 1102; baseline 0 -19"><span class='ocrx_word' id='word_1_20' title='bbox 394 1021 554 1084; x_wconf 86' lang='lat' dir='ltr'><strong>successit</strong></span> <span class='ocrx_word' id='word_1_21' title='bbox 599 1020 667 1084; x_wconf 91' lang='lat' dir='ltr'><strong>Nos</strong></span> <span class='ocrx_word' id='word_1_22' title='bbox 695 1019 770 1082; x_wconf 91' lang='lat' dir='ltr'><strong>licet</strong></span> <span class='ocrx_word' id='word_1_23' title='bbox 798 1023 911 1081; x_wconf 90' lang='lat' dir='ltr'><strong>contra</strong></span> <span class='ocrx_word' id='word_1_24' title='bbox 938 1019 1044 1102; x_wconf 91' lang='lat' dir='ltr'><strong>ipsum</strong></span> <span class='ocrx_word' id='word_1_25' title='bbox 1067 1019 1235 1083; x_wconf 85' lang='lat' dir='ltr'><strong>Nicolaum</strong></span> <span class='ocrx_word' id='word_1_26' title='bbox 1268 1024 1399 1102; x_wconf 89' lang='lat' dir='ltr'><strong>propter</strong></span> <span class='ocrx_word' id='word_1_27' title='bbox 1433 1038 1585 1084; x_wconf 80' lang='lat' dir='ltr'><strong>excessus</strong></span> <span class='ocrx_word' id='word_1_28' title='bbox 1618 1025 1652 1084; x_wconf 91' lang='lat' dir='ltr'><strong>et</strong></span> <span class='ocrx_word' id='word_1_29' title='bbox 1683 1019 1798 1084; x_wconf 87' lang='lat' dir='ltr'><strong>delicta</strong></span> 
     </span>
     <span class='ocr_line' id='line_1_5' title="bbox 394 1121 1798 1207; baseline 0 -20"><span class='ocrx_word' id='word_1_30' title='bbox 394 1123 551 1187; x_wconf 89' lang='lat' dir='ltr'><strong>Johannis</strong></span> <span class='ocrx_word' id='word_1_31' title='bbox 583 1124 688 1186; x_wconf 82' lang='lat' dir='ltr'><strong>trahis</strong></span> <span class='ocrx_word' id='word_1_32' title='bbox 718 1122 768 1185; x_wconf 93' lang='lat' dir='ltr'><strong>sui</strong></span> <span class='ocrx_word' id='word_1_33' title='bbox 798 1121 874 1185; x_wconf 91' lang='lat' dir='ltr'><strong>olim</strong></span> <span class='ocrx_word' id='word_1_34' title='bbox 904 1121 1041 1186; x_wconf 87' lang='lat' dir='ltr'><strong>infidelis</strong></span> <span class='ocrx_word' id='word_1_35' title='bbox 1071 1123 1173 1186; x_wconf 82' lang='lat' dir='ltr'><strong>nostri</strong></span> <span class='ocrx_word' id='word_1_36' title='bbox 1202 1142 1331 1204; x_wconf 90' lang='lat' dir='ltr'><strong>gravem</strong></span> <span class='ocrx_word' id='word_1_37' title='bbox 1355 1122 1453 1185; x_wconf 90' lang='lat' dir='ltr'><strong>animi</strong></span> <span class='ocrx_word' id='word_1_38' title='bbox 1484 1123 1584 1186; x_wconf 85' lang='lat' dir='ltr'><strong>nostri</strong></span> <span class='ocrx_word' id='word_1_39' title='bbox 1607 1128 1798 1207; x_wconf 77' lang='lat' dir='ltr'><strong>conseptum</strong></span> 
     </span>
     <span class='ocr_line' id='line_1_6' title="bbox 393 1225 1850 1310; baseline -0.003 -22"><span class='ocrx_word' id='word_1_40' title='bbox 393 1227 543 1310; x_wconf 89' lang='lat' dir='ltr'><strong>inspectis</strong></span> <span class='ocrx_word' id='word_1_41' title='bbox 574 1233 680 1290; x_wconf 89' lang='lat' dir='ltr'><strong>tamen</strong></span> <span class='ocrx_word' id='word_1_42' title='bbox 711 1231 743 1290; x_wconf 92' lang='lat' dir='ltr'><strong>et</strong></span> <span class='ocrx_word' id='word_1_43' title='bbox 764 1226 891 1309; x_wconf 89' lang='lat' dir='ltr'><strong>plenius</strong></span> <span class='ocrx_word' id='word_1_44' title='bbox 920 1226 1127 1289; x_wconf 82' lang='lat' dir='ltr'><strong>consideratis</strong></span> <span class='ocrx_word' id='word_1_45' title='bbox 1161 1231 1210 1288; x_wconf 90' lang='lat' dir='ltr'><strong>tot</strong></span> <span class='ocrx_word' id='word_1_46' title='bbox 1238 1230 1270 1289; x_wconf 93' lang='lat' dir='ltr'><strong>et</strong></span> <span class='ocrx_word' id='word_1_47' title='bbox 1292 1226 1387 1289; x_wconf 88' lang='lat' dir='ltr'><strong>tantis</strong></span> <span class='ocrx_word' id='word_1_48' title='bbox 1413 1225 1620 1290; x_wconf 87' lang='lat' dir='ltr'><strong>fidelitatibus</strong></span> <span class='ocrx_word' id='word_1_49' title='bbox 1642 1232 1675 1291; x_wconf 88' lang='lat' dir='ltr'><strong>et</strong></span> <span class='ocrx_word' id='word_1_50' title='bbox 1696 1228 1797 1291; x_wconf 90' lang='lat' dir='ltr'><strong>servi-</strong></span> <span class='ocrx_word' id='word_1_51' title='bbox 1833 1234 1850 1284; x_wconf 77' lang='lat'>5</span> 
     </span>
     <span class='ocr_line' id='line_1_7' title="bbox 396 1329 1797 1416; baseline 0.001 -23"><span class='ocrx_word' id='word_1_52' title='bbox 396 1331 512 1394; x_wconf 88' lang='lat' dir='ltr'><strong>tiorum</strong></span> <span class='ocrx_word' id='word_1_53' title='bbox 535 1330 678 1394; x_wconf 90' lang='lat' dir='ltr'><strong>fidelium</strong></span> <span class='ocrx_word' id='word_1_54' title='bbox 702 1330 822 1393; x_wconf 88' lang='lat' dir='ltr'><strong>meritis</strong></span> <span class='ocrx_word' id='word_1_55' title='bbox 845 1329 987 1393; x_wconf 89' lang='lat' dir='ltr'><strong>eiusdem</strong></span> <span class='ocrx_word' id='word_1_56' title='bbox 1021 1329 1107 1391; x_wconf 90' lang='lat' dir='ltr'><strong>omni</strong></span> <span class='ocrx_word' id='word_1_57' title='bbox 1129 1330 1271 1392; x_wconf 86' lang='lat' dir='ltr'><strong>rancoris</strong></span> <span class='ocrx_word' id='word_1_58' title='bbox 1293 1330 1425 1393; x_wconf 89' lang='lat' dir='ltr'><strong>materia</strong></span> <span class='ocrx_word' id='word_1_59' title='bbox 1451 1334 1482 1393; x_wconf 92' lang='lat' dir='ltr'><strong>et</strong></span> <span class='ocrx_word' id='word_1_60' title='bbox 1504 1330 1613 1394; x_wconf 84' lang='lat' dir='ltr'><strong>fomite</strong></span> <span class='ocrx_word' id='word_1_61' title='bbox 1636 1331 1797 1416; x_wconf 88' lang='lat' dir='ltr'><strong>conceptis</strong></span> 
     </span>
     <span class='ocr_line' id='line_1_8' title="bbox 394 1432 1799 1519; baseline 0.001 -23"><span class='ocrx_word' id='word_1_62' title='bbox 394 1439 506 1496; x_wconf 80' lang='lat' dir='ltr'><strong>contm</strong></span> <span class='ocrx_word' id='word_1_63' title='bbox 527 1433 665 1496; x_wconf 88' lang='lat' dir='ltr'><strong>cundem</strong></span> <span class='ocrx_word' id='word_1_64' title='bbox 688 1452 730 1497; x_wconf 84' lang='lat' dir='ltr'><strong>ex</strong></span> <span class='ocrx_word' id='word_1_65' title='bbox 753 1434 934 1518; x_wconf 81' lang='lat' dir='ltr'><strong>praemissis</strong></span> <span class='ocrx_word' id='word_1_66' title='bbox 957 1439 989 1496; x_wconf 90' lang='lat' dir='ltr'><strong>et</strong></span> <span class='ocrx_word' id='word_1_67' title='bbox 1011 1433 1081 1497; x_wconf 88' lang='lat' dir='ltr'><strong>aliis</strong></span> <span class='ocrx_word' id='word_1_68' title='bbox 1103 1434 1208 1497; x_wconf 87' lang='lat' dir='ltr'><strong>causis</strong></span> <span class='ocrx_word' id='word_1_69' title='bbox 1232 1432 1427 1515; x_wconf 80' lang='lat' dir='ltr'><strong>quibuslibet</strong></span> <span class='ocrx_word' id='word_1_70' title='bbox 1458 1453 1537 1517; x_wconf 90' lang='lat' dir='ltr'><strong>pure</strong></span> <span class='ocrx_word' id='word_1_71' title='bbox 1561 1438 1593 1497; x_wconf 92' lang='lat' dir='ltr'><strong>et</strong></span> <span class='ocrx_word' id='word_1_72' title='bbox 1614 1435 1799 1519; x_wconf 85' lang='lat' dir='ltr'><strong>simpliciter</strong></span> 
     </span>
     <span class='ocr_line' id='line_1_9' title="bbox 393 1534 1797 1621; baseline 0.002 -22"><span class='ocrx_word' id='word_1_73' title='bbox 393 1537 534 1600; x_wconf 90' lang='lat' dir='ltr'><strong>remissis</strong></span> <span class='ocrx_word' id='word_1_74' title='bbox 563 1542 597 1600; x_wconf 90' lang='lat' dir='ltr'><strong>ct</strong></span> <span class='ocrx_word' id='word_1_75' title='bbox 625 1537 746 1601; x_wconf 80' lang='lat' dir='ltr'><strong>evulsis</strong></span> <span class='ocrx_word' id='word_1_76' title='bbox 773 1537 813 1601; x_wconf 93' lang='lat' dir='ltr'><strong>de</strong></span> <span class='ocrx_word' id='word_1_77' title='bbox 844 1534 1029 1621; x_wconf 79' lang='lat' dir='ltr'><strong>[catlalibus</strong></span> <span class='ocrx_word' id='word_1_78' title='bbox 1037 1536 1058 1614; x_wconf 87' lang='lat'><strong>¹)</strong></span> <span class='ocrx_word' id='word_1_79' title='bbox 1089 1537 1194 1601; x_wconf 89' lang='lat' dir='ltr'><strong>cordis</strong></span> <span class='ocrx_word' id='word_1_80' title='bbox 1224 1536 1332 1619; x_wconf 70' lang='lat' dir='ltr'><strong>nostri,</strong></span> <span class='ocrx_word' id='word_1_81' title='bbox 1363 1537 1468 1620; x_wconf 90' lang='lat' dir='ltr'><strong>ipsum</strong></span> <span class='ocrx_word' id='word_1_82' title='bbox 1499 1537 1667 1602; x_wconf 88' lang='lat' dir='ltr'><strong>Nicolaum</strong></span> <span class='ocrx_word' id='word_1_83' title='bbox 1695 1536 1797 1603; x_wconf 92' lang='lat' dir='ltr'><strong>filium</strong></span> 
     </span>
     <span class='ocr_line' id='line_1_10' title="bbox 394 1639 1797 1724; baseline 0.001 -21"><span class='ocrx_word' id='word_1_84' title='bbox 394 1639 541 1703; x_wconf 78' lang='lat' dir='ltr'><strong>(lomardi</strong></span> <span class='ocrx_word' id='word_1_85' title='bbox 571 1641 604 1702; x_wconf 93' lang='lat' dir='ltr'><strong>in</strong></span> <span class='ocrx_word' id='word_1_86' title='bbox 635 1646 762 1705; x_wconf 89' lang='lat' dir='ltr'><strong>nostrae</strong></span> <span class='ocrx_word' id='word_1_87' title='bbox 793 1642 898 1724; x_wconf 88' lang='lat' dir='ltr'><strong>regiae</strong></span> <span class='ocrx_word' id='word_1_88' title='bbox 927 1641 1131 1723; x_wconf 84' lang='lat' dir='ltr'><strong>benignitatis</strong></span> <span class='ocrx_word' id='word_1_89' title='bbox 1162 1641 1295 1724; x_wconf 88' lang='lat' dir='ltr'><strong>gratiam</strong></span> <span class='ocrx_word' id='word_1_90' title='bbox 1328 1641 1517 1724; x_wconf 86' lang='lat' dir='ltr'><strong>recipientes</strong></span> <span class='ocrx_word' id='word_1_91' title='bbox 1546 1641 1578 1703; x_wconf 90' lang='lat' dir='ltr'><strong>in</strong></span> <span class='ocrx_word' id='word_1_92' title='bbox 1614 1648 1797 1706; x_wconf 88' lang='lat' dir='ltr'><strong>nostrorum</strong></span> 
     </span>
     <span class='ocr_line' id='line_1_11' title="bbox 395 1743 1868 1829; baseline 0 -24"><span class='ocrx_word' id='word_1_93' title='bbox 395 1743 537 1807; x_wconf 92' lang='lat' dir='ltr'><strong>fidelium</strong></span> <span class='ocrx_word' id='word_1_94' title='bbox 568 1750 775 1827; x_wconf 81' lang='lat' dir='ltr'><strong>aggregantes</strong></span> <span class='ocrx_word' id='word_1_95' title='bbox 805 1762 975 1806; x_wconf 90' lang='lat' dir='ltr'><strong>numerum</strong></span> <span class='ocrx_word' id='word_1_96' title='bbox 997 1751 1030 1806; x_wconf 88' lang='lat' dir='ltr'><strong>et</strong></span> <span class='ocrx_word' id='word_1_97' title='bbox 1053 1744 1176 1807; x_wconf 87' lang='lat' dir='ltr'><strong>debitae</strong></span> <span class='ocrx_word' id='word_1_98' title='bbox 1199 1745 1376 1808; x_wconf 90' lang='lat' dir='ltr'><strong>dilectionis</strong></span> <span class='ocrx_word' id='word_1_99' title='bbox 1398 1745 1538 1829; x_wconf 91' lang='lat' dir='ltr'><strong>praemio</strong></span> <span class='ocrx_word' id='word_1_100' title='bbox 1568 1746 1719 1828; x_wconf 90' lang='lat' dir='ltr'><strong>prosequi</strong></span> <span class='ocrx_word' id='word_1_101' title='bbox 1741 1766 1797 1809; x_wconf 90' lang='lat' dir='ltr'><strong>cn·</strong></span> <span class='ocrx_word' id='word_1_102' title='bbox 1834 1751 1868 1805; x_wconf 90' lang='lat'><strong>10</strong></span> 
     </span>
     <span class='ocr_line' id='line_1_12' title="bbox 396 1847 1799 1931; baseline 0.003 -22"><span class='ocrx_word' id='word_1_103' title='bbox 396 1848 534 1929; x_wconf 81' lang='lat' dir='ltr'><strong>pientes,</strong></span> <span class='ocrx_word' id='word_1_104' title='bbox 567 1848 785 1930; x_wconf 59' lang='lat' dir='ltr'><strong>promisimus</strong></span> <span class='ocrx_word' id='word_1_105' title='bbox 820 1847 1058 1929; x_wconf 70' lang='lat' dir='ltr'><strong>assumpsimus</strong></span> <span class='ocrx_word' id='word_1_106' title='bbox 1094 1849 1308 1931; x_wconf 87' lang='lat' dir='ltr'><strong>promittimus</strong></span> <span class='ocrx_word' id='word_1_107' title='bbox 1339 1854 1371 1912; x_wconf 91' lang='lat' dir='ltr'><strong>et</strong></span> <span class='ocrx_word' id='word_1_108' title='bbox 1404 1848 1591 1931; x_wconf 88' lang='lat' dir='ltr'><strong>pollicemur</strong></span> <span class='ocrx_word' id='word_1_109' title='bbox 1625 1854 1734 1913; x_wconf 87' lang='lat' dir='ltr'><strong>nostra</strong></span> <span class='ocrx_word' id='word_1_110' title='bbox 1766 1855 1799 1913; x_wconf 93' lang='lat' dir='ltr'><strong>et</strong></span> 
     </span>
     <span class='ocr_line' id='line_1_13' title="bbox 397 1949 1797 2034; baseline 0.003 -23"><span class='ocrx_word' id='word_1_111' title='bbox 397 1950 587 2014; x_wconf 88' lang='lat' dir='ltr'><strong>venerabilis</strong></span> <span class='ocrx_word' id='word_1_112' title='bbox 609 1951 644 2013; x_wconf 89' lang='lat' dir='ltr'><strong>in</strong></span> <span class='ocrx_word' id='word_1_113' title='bbox 667 1949 791 2013; x_wconf 85' lang='lat' dir='ltr'><strong>Christo</strong></span> <span class='ocrx_word' id='word_1_114' title='bbox 814 1950 912 2033; x_wconf 89' lang='lat' dir='ltr'><strong>patris</strong></span> <span class='ocrx_word' id='word_1_115' title='bbox 935 1950 1053 2013; x_wconf 91' lang='lat' dir='ltr'><strong>domini</strong></span> <span class='ocrx_word' id='word_1_116' title='bbox 1076 1951 1242 2015; x_wconf 89' lang='lat' dir='ltr'><strong>Benedicti</strong></span> <span class='ocrx_word' id='word_1_117' title='bbox 1275 1952 1413 2034; x_wconf 91' lang='lat' dir='ltr'><strong>episcopi</strong></span> <span class='ocrx_word' id='word_1_118' title='bbox 1436 1950 1664 2017; x_wconf 81' lang='lat' dir='ltr'><strong>Chanadieusia</strong></span> <span class='ocrx_word' id='word_1_119' title='bbox 1686 1959 1719 2017; x_wconf 89' lang='lat' dir='ltr'><strong>et</strong></span> <span class='ocrx_word' id='word_1_120' title='bbox 1740 1973 1797 2016; x_wconf 89' lang='lat' dir='ltr'><strong>no-</strong></span> 
     </span>
     <span class='ocr_line' id='line_1_14' title="bbox 396 2051 1798 2138; baseline 0.001 -21"><span class='ocrx_word' id='word_1_121' title='bbox 396 2053 508 2117; x_wconf 91' lang='lat' dir='ltr'><strong>bilium</strong></span> <span class='ocrx_word' id='word_1_122' title='bbox 531 2074 567 2117; x_wconf 92' lang='lat' dir='ltr'><strong>ac</strong></span> <span class='ocrx_word' id='word_1_123' title='bbox 590 2051 829 2137; x_wconf 84' lang='lat' dir='ltr'><strong>magnificorum</strong></span> <span class='ocrx_word' id='word_1_124' title='bbox 852 2054 996 2117; x_wconf 88' lang='lat' dir='ltr'><strong>virorum</strong></span> <span class='ocrx_word' id='word_1_125' title='bbox 1011 2053 1166 2119; x_wconf 87' lang='lat' dir='ltr'><strong>Demetrii</strong></span> <span class='ocrx_word' id='word_1_126' title='bbox 1189 2055 1331 2138; x_wconf 89' lang='lat' dir='ltr'><strong>magistri</strong></span> <span class='ocrx_word' id='word_1_127' title='bbox 1353 2056 1591 2118; x_wconf 89' lang='lat' dir='ltr'><strong>tavemicorum</strong></span> <span class='ocrx_word' id='word_1_128' title='bbox 1614 2060 1798 2119; x_wconf 89' lang='lat' dir='ltr'><strong>nostrorum</strong></span> 
     </span>
     <span class='ocr_line' id='line_1_15' title="bbox 396 2157 1798 2243; baseline 0.001 -23"><span class='ocrx_word' id='word_1_129' title='bbox 396 2157 519 2220; x_wconf 89' lang='lat' dir='ltr'><strong>comitis</strong></span> <span class='ocrx_word' id='word_1_130' title='bbox 539 2157 800 2239; x_wconf 79' lang='lat' dir='ltr'><strong>Trynchynensis</strong></span> <span class='ocrx_word' id='word_1_131' title='bbox 822 2163 855 2222; x_wconf 91' lang='lat' dir='ltr'><strong>et</strong></span> <span class='ocrx_word' id='word_1_132' title='bbox 876 2157 1082 2243; x_wconf 77' lang='lat' dir='ltr'><strong>Baohyensis,</strong></span> <span class='ocrx_word' id='word_1_133' title='bbox 1113 2159 1252 2223; x_wconf 80' lang='lat' dir='ltr'><strong>Thomas</strong></span> <span class='ocrx_word' id='word_1_134' title='bbox 1275 2158 1429 2222; x_wconf 86' lang='lat' dir='ltr'><strong>vaivcdae</strong></span> <span class='ocrx_word' id='word_1_135' title='bbox 1450 2158 1667 2223; x_wconf 80' lang='lat' dir='ltr'><strong>Transsiluani</strong></span> <span class='ocrx_word' id='word_1_136' title='bbox 1692 2164 1725 2222; x_wconf 93' lang='lat' dir='ltr'><strong>et</strong></span> <span class='ocrx_word' id='word_1_137' title='bbox 1746 2178 1798 2222; x_wconf 93' lang='lat' dir='ltr'><strong>co-</strong></span> 
     </span>
     <span class='ocr_line' id='line_1_16' title="bbox 396 2260 1867 2345; baseline -0.001 -22"><span class='ocrx_word' id='word_1_138' title='bbox 396 2261 481 2323; x_wconf 90' lang='lat' dir='ltr'><strong>mitis</strong></span> <span class='ocrx_word' id='word_1_139' title='bbox 504 2261 543 2323; x_wconf 96' lang='lat' dir='ltr'><strong>de</strong></span> <span class='ocrx_word' id='word_1_140' title='bbox 567 2260 679 2324; x_wconf 80' lang='lat' dir='ltr'><strong>Zonulr</strong></span> <span class='ocrx_word' id='word_1_141' title='bbox 707 2281 744 2324; x_wconf 86' lang='lat' dir='ltr'><strong>ac</strong></span> <span class='ocrx_word' id='word_1_142' title='bbox 766 2261 884 2343; x_wconf 79' lang='lat' dir='ltr'><strong>Mylich</strong></span> <span class='ocrx_word' id='word_1_143' title='bbox 914 2262 1029 2325; x_wconf 90' lang='lat' dir='ltr'><strong>iudicis</strong></span> <span class='ocrx_word' id='word_1_144' title='bbox 1059 2263 1165 2327; x_wconf 88' lang='lat' dir='ltr'><strong>curiae</strong></span> <span class='ocrx_word' id='word_1_145' title='bbox 1197 2263 1343 2326; x_wconf 88' lang='lat' dir='ltr'><strong>dominae</strong></span> <span class='ocrx_word' id='word_1_146' title='bbox 1368 2263 1497 2345; x_wconf 88' lang='lat' dir='ltr'><strong>reginae</strong></span> <span class='ocrx_word' id='word_1_147' title='bbox 1519 2263 1700 2326; x_wconf 88' lang='lat' dir='ltr'><strong>carissimae</strong></span> <span class='ocrx_word' id='word_1_148' title='bbox 1722 2281 1797 2326; x_wconf 91' lang='lat' dir='ltr'><strong>con·</strong></span> <span class='ocrx_word' id='word_1_149' title='bbox 1834 2270 1867 2322; x_wconf 82' lang='lat'><strong>15</strong></span> 
     </span>
     <span class='ocr_line' id='line_1_17' title="bbox 396 2364 1798 2446; baseline 0.002 -20"><span class='ocrx_word' id='word_1_150' title='bbox 396 2365 491 2427; x_wconf 87' lang='lat' dir='ltr'><strong>sortis</strong></span> <span class='ocrx_word' id='word_1_151' title='bbox 524 2369 651 2429; x_wconf 89' lang='lat' dir='ltr'><strong>nostrae</strong></span> <span class='ocrx_word' id='word_1_152' title='bbox 685 2365 809 2428; x_wconf 91' lang='lat' dir='ltr'><strong>comitis</strong></span> <span class='ocrx_word' id='word_1_153' title='bbox 844 2364 883 2427; x_wconf 91' lang='lat' dir='ltr'><strong>de</strong></span> <span class='ocrx_word' id='word_1_154' title='bbox 918 2364 1016 2428; x_wconf 89' lang='lat' dir='ltr'><strong>Sarus</strong></span> <span class='ocrx_word' id='word_1_155' title='bbox 1049 2371 1082 2429; x_wconf 90' lang='lat' dir='ltr'><strong>et</strong></span> <span class='ocrx_word' id='word_1_156' title='bbox 1113 2365 1152 2429; x_wconf 95' lang='lat' dir='ltr'><strong>de</strong></span> <span class='ocrx_word' id='word_1_157' title='bbox 1183 2365 1335 2446; x_wconf 85' lang='lat' dir='ltr'><strong>Zemleyn</strong></span> <span class='ocrx_word' id='word_1_158' title='bbox 1371 2365 1558 2429; x_wconf 87' lang='lat' dir='ltr'><strong>dilectorum</strong></span> <span class='ocrx_word' id='word_1_159' title='bbox 1593 2371 1625 2430; x_wconf 91' lang='lat' dir='ltr'><strong>et</strong></span> <span class='ocrx_word' id='word_1_160' title='bbox 1657 2366 1798 2430; x_wconf 92' lang='lat' dir='ltr'><strong>fidelium</strong></span> 
     </span>
     <span class='ocr_line' id='line_1_18' title="bbox 397 2468 1799 2534; baseline 0.001 -3"><span class='ocrx_word' id='word_1_161' title='bbox 397 2474 580 2533; x_wconf 90' lang='lat' dir='ltr'><strong>nostrorum</strong></span> <span class='ocrx_word' id='word_1_162' title='bbox 603 2468 666 2532; x_wconf 91' lang='lat' dir='ltr'><strong>fide</strong></span> <span class='ocrx_word' id='word_1_163' title='bbox 688 2469 848 2533; x_wconf 88' lang='lat' dir='ltr'><strong>mediante</strong></span> <span class='ocrx_word' id='word_1_164' title='bbox 872 2470 1009 2533; x_wconf 89' lang='lat' dir='ltr'><strong>cundem</strong></span> <span class='ocrx_word' id='word_1_165' title='bbox 1029 2470 1196 2532; x_wconf 88' lang='lat' dir='ltr'><strong>Nicolaum</strong></span> <span class='ocrx_word' id='word_1_166' title='bbox 1218 2468 1320 2532; x_wconf 92' lang='lat' dir='ltr'><strong>filium</strong></span> <span class='ocrx_word' id='word_1_167' title='bbox 1343 2468 1491 2532; x_wconf 83' lang='lat' dir='ltr'><strong>Corrardi</strong></span> <span class='ocrx_word' id='word_1_168' title='bbox 1514 2475 1547 2533; x_wconf 91' lang='lat' dir='ltr'><strong>et</strong></span> <span class='ocrx_word' id='word_1_169' title='bbox 1568 2490 1645 2534; x_wconf 90' lang='lat' dir='ltr'><strong>suos</strong></span> <span class='ocrx_word' id='word_1_170' title='bbox 1667 2469 1799 2533; x_wconf 86' lang='lat' dir='ltr'><strong>heredes</strong></span> 
     </span>
     <span class='ocr_line' id='line_1_19' title="bbox 398 2572 1799 2657; baseline 0.001 -23"><span class='ocrx_word' id='word_1_171' title='bbox 398 2573 431 2634; x_wconf 91' lang='lat' dir='ltr'><strong>in</strong></span> <span class='ocrx_word' id='word_1_172' title='bbox 455 2572 603 2636; x_wconf 90' lang='lat' dir='ltr'><strong>omnibns</strong></span> <span class='ocrx_word' id='word_1_173' title='bbox 626 2574 693 2636; x_wconf 90' lang='lat' dir='ltr'><strong>suis</strong></span> <span class='ocrx_word' id='word_1_174' title='bbox 716 2578 748 2636; x_wconf 90' lang='lat' dir='ltr'><strong>et</strong></span> <span class='ocrx_word' id='word_1_175' title='bbox 770 2573 914 2637; x_wconf 90' lang='lat' dir='ltr'><strong>eiusdem</strong></span> <span class='ocrx_word' id='word_1_176' title='bbox 934 2573 1092 2636; x_wconf 81' lang='lat' dir='ltr'><strong>lobannis</strong></span> <span class='ocrx_word' id='word_1_177' title='bbox 1113 2573 1220 2636; x_wconf 76' lang='lat' dir='ltr'><strong>fratris</strong></span> <span class='ocrx_word' id='word_1_178' title='bbox 1243 2573 1294 2637; x_wconf 89' lang='lat' dir='ltr'><strong>sui</strong></span> <span class='ocrx_word' id='word_1_179' title='bbox 1316 2573 1452 2655; x_wconf 72' lang='lat' dir='ltr'><strong>iuribus,</strong></span> <span class='ocrx_word' id='word_1_180' title='bbox 1474 2573 1728 2657; x_wconf 89' lang='lat' dir='ltr'><strong>possessionibus</strong></span> <span class='ocrx_word' id='word_1_181' title='bbox 1750 2573 1799 2635; x_wconf 93' lang='lat' dir='ltr'><strong>vi·</strong></span> 
     </span>
     <span class='ocr_line' id='line_1_20' title="bbox 399 2676 1799 2760; baseline 0 -20"><span class='ocrx_word' id='word_1_182' title='bbox 399 2677 521 2758; x_wconf 72' lang='lat' dir='ltr'><strong>delicet</strong></span> <span class='ocrx_word' id='word_1_183' title='bbox 549 2677 678 2755; x_wconf 74' lang='lat' dir='ltr'><strong>tenutis,</strong></span> <span class='ocrx_word' id='word_1_184' title='bbox 708 2677 802 2760; x_wconf 81' lang='lat' dir='ltr'><strong>villis,</strong></span> <span class='ocrx_word' id='word_1_185' title='bbox 833 2677 935 2758; x_wconf 79' lang='lat' dir='ltr'><strong>terris,</strong></span> <span class='ocrx_word' id='word_1_186' title='bbox 965 2677 1058 2758; x_wconf 91' lang='lat' dir='ltr'><strong>aquis</strong></span> <span class='ocrx_word' id='word_1_187' title='bbox 1081 2695 1302 2758; x_wconf 85' lang='lat' dir='ltr'><strong>aquarumque</strong></span> <span class='ocrx_word' id='word_1_188' title='bbox 1325 2676 1513 2740; x_wconf 88' lang='lat' dir='ltr'><strong>decursibus</strong></span> <span class='ocrx_word' id='word_1_189' title='bbox 1535 2683 1568 2741; x_wconf 90' lang='lat' dir='ltr'><strong>et</strong></span> <span class='ocrx_word' id='word_1_190' title='bbox 1589 2677 1659 2740; x_wconf 87' lang='lat' dir='ltr'><strong>aliis</strong></span> <span class='ocrx_word' id='word_1_191' title='bbox 1680 2677 1799 2740; x_wconf 87' lang='lat' dir='ltr'><strong>utilita-</strong></span> 
     </span>
     <span class='ocr_line' id='line_1_21' title="bbox 398 2778 1869 2864; baseline -0.002 -20"><span class='ocrx_word' id='word_1_192' title='bbox 398 2780 483 2844; x_wconf 89' lang='lat' dir='ltr'><strong>tibus</strong></span> <span class='ocrx_word' id='word_1_193' title='bbox 506 2800 543 2844; x_wconf 85' lang='lat' dir='ltr'><strong>ac</strong></span> <span class='ocrx_word' id='word_1_194' title='bbox 564 2781 765 2864; x_wconf 84' lang='lat' dir='ltr'><strong>pertinentiis</strong></span> <span class='ocrx_word' id='word_1_195' title='bbox 788 2779 960 2843; x_wconf 89' lang='lat' dir='ltr'><strong>earundem</strong></span> <span class='ocrx_word' id='word_1_196' title='bbox 984 2785 1049 2843; x_wconf 88' lang='lat' dir='ltr'><strong>tam</strong></span> <span class='ocrx_word' id='word_1_197' title='bbox 1070 2779 1269 2844; x_wconf 87' lang='lat' dir='ltr'><strong>hereditariis</strong></span> <span class='ocrx_word' id='word_1_198' title='bbox 1291 2799 1387 2862; x_wconf 90' lang='lat' dir='ltr'><strong>quam</strong></span> <span class='ocrx_word' id='word_1_199' title='bbox 1411 2779 1615 2863; x_wconf 88' lang='lat' dir='ltr'><strong>acquisiticiis</strong></span> <span class='ocrx_word' id='word_1_200' title='bbox 1636 2778 1751 2842; x_wconf 89' lang='lat' dir='ltr'><strong>habitis</strong></span> <span class='ocrx_word' id='word_1_201' title='bbox 1766 2783 1799 2842; x_wconf 92' lang='lat' dir='ltr'><strong>et</strong></span> <span class='ocrx_word' id='word_1_202' title='bbox 1834 2786 1869 2840; x_wconf 80' lang='lat'><strong>20</strong></span> 
     </span>
     <span class='ocr_line' id='line_1_22' title="bbox 397 2882 1799 2968; baseline -0.001 -20"><span class='ocrx_word' id='word_1_203' title='bbox 397 2885 552 2967; x_wconf 89' lang='lat' dir='ltr'><strong>possessis</strong></span> <span class='ocrx_word' id='word_1_204' title='bbox 574 2885 643 2947; x_wconf 90' lang='lat' dir='ltr'><strong>siue</strong></span> <span class='ocrx_word' id='word_1_205' title='bbox 673 2884 866 2968; x_wconf 87' lang='lat' dir='ltr'><strong>praeiudicio</strong></span> <span class='ocrx_word' id='word_1_206' title='bbox 896 2884 976 2947; x_wconf 90' lang='lat' dir='ltr'><strong>iuris</strong></span> <span class='ocrx_word' id='word_1_207' title='bbox 1006 2883 1110 2965; x_wconf 75' lang='lat' dir='ltr'><strong>alieni,</strong></span> <span class='ocrx_word' id='word_1_208' title='bbox 1140 2884 1283 2966; x_wconf 80' lang='lat' dir='ltr'><strong>exceptis</strong></span> <span class='ocrx_word' id='word_1_209' title='bbox 1313 2888 1416 2947; x_wconf 91' lang='lat' dir='ltr'><strong>castro</strong></span> <span class='ocrx_word' id='word_1_210' title='bbox 1440 2883 1534 2967; x_wconf 88' lang='lat' dir='ltr'><strong>Salgo</strong></span> <span class='ocrx_word' id='word_1_211' title='bbox 1563 2888 1596 2946; x_wconf 92' lang='lat' dir='ltr'><strong>et</strong></span> <span class='ocrx_word' id='word_1_212' title='bbox 1626 2882 1710 2947; x_wconf 92' lang='lat' dir='ltr'><strong>villis</strong></span> <span class='ocrx_word' id='word_1_213' title='bbox 1732 2882 1799 2946; x_wconf 89' lang='lat' dir='ltr'><strong>auis</strong></span> 
     </span>
     <span class='ocr_line' id='line_1_23' title="bbox 398 2987 1799 3071; baseline -0.001 -21"><span class='ocrx_word' id='word_1_214' title='bbox 398 2988 646 3071; x_wconf 84' lang='lat' dir='ltr'><strong>praenominatis</strong></span> <span class='ocrx_word' id='word_1_215' title='bbox 668 2987 761 3051; x_wconf 92' lang='lat' dir='ltr'><strong>nobis</strong></span> <span class='ocrx_word' id='word_1_216' title='bbox 782 3007 840 3071; x_wconf 88' lang='lat' dir='ltr'><strong>per</strong></span> <span class='ocrx_word' id='word_1_217' title='bbox 861 2989 999 3052; x_wconf 86' lang='lat' dir='ltr'><strong>eundem</strong></span> <span class='ocrx_word' id='word_1_218' title='bbox 1022 2987 1187 3070; x_wconf 83' lang='lat' dir='ltr'><strong>restitutis,</strong></span> <span class='ocrx_word' id='word_1_219' title='bbox 1209 2992 1247 3050; x_wconf 91' lang='lat' dir='ltr'><strong>ut</strong></span> <span class='ocrx_word' id='word_1_220' title='bbox 1268 2988 1478 3070; x_wconf 89' lang='lat' dir='ltr'><strong>praemissum</strong></span> <span class='ocrx_word' id='word_1_221' title='bbox 1501 2993 1559 3069; x_wconf 73' lang='lat' dir='ltr'><strong>est</strong></span> <span class='ocrx_word' id='word_1_222' title='bbox 1581 2990 1799 3067; x_wconf 88' lang='lat' dir='ltr'><strong>manutenere,</strong></span> 
     </span>
     <span class='ocr_line' id='line_1_24' title="bbox 397 3088 1799 3175; baseline -0.001 -22"><span class='ocrx_word' id='word_1_223' title='bbox 397 3092 507 3155; x_wconf 79' lang='lat' dir='ltr'><strong>fovere</strong></span> <span class='ocrx_word' id='word_1_224' title='bbox 530 3096 563 3155; x_wconf 88' lang='lat' dir='ltr'><strong>et</strong></span> <span class='ocrx_word' id='word_1_225' title='bbox 591 3091 830 3155; x_wconf 79' lang='lat' dir='ltr'><strong>immutabiliter</strong></span> <span class='ocrx_word' id='word_1_226' title='bbox 859 3111 1048 3155; x_wconf 87' lang='lat' dir='ltr'><strong>conservare</strong></span> <span class='ocrx_word' id='word_1_227' title='bbox 1077 3096 1230 3175; x_wconf 89' lang='lat' dir='ltr'><strong>perpetuo</strong></span> <span class='ocrx_word' id='word_1_228' title='bbox 1261 3091 1390 3174; x_wconf 88' lang='lat' dir='ltr'><strong>pacifice</strong></span> <span class='ocrx_word' id='word_1_229' title='bbox 1420 3096 1452 3157; x_wconf 90' lang='lat' dir='ltr'><strong>et</strong></span> <span class='ocrx_word' id='word_1_230' title='bbox 1479 3090 1593 3172; x_wconf 90' lang='lat' dir='ltr'><strong>quiete.</strong></span> <span class='ocrx_word' id='word_1_231' title='bbox 1637 3088 1671 3154; x_wconf 83' lang='lat' dir='ltr'><strong>Si</strong></span> <span class='ocrx_word' id='word_1_232' title='bbox 1693 3095 1799 3153; x_wconf 69' lang='lat' dir='ltr'><strong>umen</strong></span> 
     </span>
     <span class='ocr_line' id='line_1_25' title="bbox 399 3192 1800 3279; baseline -0.003 -20"><span class='ocrx_word' id='word_1_233' title='bbox 399 3196 483 3259; x_wconf 88' lang='lat' dir='ltr'><strong>idem</strong></span> <span class='ocrx_word' id='word_1_234' title='bbox 506 3195 658 3259; x_wconf 89' lang='lat' dir='ltr'><strong>Nicolaus</strong></span> <span class='ocrx_word' id='word_1_235' title='bbox 680 3195 714 3257; x_wconf 96' lang='lat' dir='ltr'><strong>in</strong></span> <span class='ocrx_word' id='word_1_236' title='bbox 737 3194 844 3258; x_wconf 89' lang='lat' dir='ltr'><strong>debita</strong></span> <span class='ocrx_word' id='word_1_237' title='bbox 866 3203 898 3260; x_wconf 90' lang='lat' dir='ltr'><strong>et</strong></span> <span class='ocrx_word' id='word_1_238' title='bbox 912 3197 1067 3278; x_wconf 89' lang='lat' dir='ltr'><strong>promissa</strong></span> <span class='ocrx_word' id='word_1_239' title='bbox 1082 3216 1119 3259; x_wconf 90' lang='lat' dir='ltr'><strong>ac</strong></span> <span class='ocrx_word' id='word_1_240' title='bbox 1136 3196 1241 3259; x_wconf 89' lang='lat' dir='ltr'><strong>iurata</strong></span> <span class='ocrx_word' id='word_1_241' title='bbox 1262 3215 1320 3279; x_wconf 90' lang='lat' dir='ltr'><strong>per</strong></span> <span class='ocrx_word' id='word_1_242' title='bbox 1341 3196 1447 3278; x_wconf 91' lang='lat' dir='ltr'><strong>ipsum</strong></span> <span class='ocrx_word' id='word_1_243' title='bbox 1462 3193 1555 3257; x_wconf 89' lang='lat' dir='ltr'><strong>nobis</strong></span> <span class='ocrx_word' id='word_1_244' title='bbox 1578 3194 1701 3257; x_wconf 87' lang='lat' dir='ltr'><strong>sincera</strong></span> <span class='ocrx_word' id='word_1_245' title='bbox 1722 3192 1800 3256; x_wconf 91' lang='lat' dir='ltr'><strong>fide·</strong></span> 
     </span>
     <span class='ocr_line' id='line_1_26' title="bbox 397 3297 1868 3380; baseline -0.002 -18"><span class='ocrx_word' id='word_1_246' title='bbox 397 3299 486 3363; x_wconf 87' lang='lat' dir='ltr'><strong>litate</strong></span> <span class='ocrx_word' id='word_1_247' title='bbox 508 3299 652 3362; x_wconf 90' lang='lat' dir='ltr'><strong>similiter</strong></span> <span class='ocrx_word' id='word_1_248' title='bbox 680 3303 712 3362; x_wconf 88' lang='lat' dir='ltr'><strong>et</strong></span> <span class='ocrx_word' id='word_1_249' title='bbox 739 3300 789 3363; x_wconf 91' lang='lat' dir='ltr'><strong>sui</strong></span> <span class='ocrx_word' id='word_1_250' title='bbox 817 3299 949 3364; x_wconf 87' lang='lat' dir='ltr'><strong>heredes</strong></span> <span class='ocrx_word' id='word_1_251' title='bbox 980 3300 1122 3363; x_wconf 88' lang='lat' dir='ltr'><strong>sincerae</strong></span> <span class='ocrx_word' id='word_1_252' title='bbox 1153 3319 1190 3362; x_wconf 89' lang='lat' dir='ltr'><strong>ac</strong></span> <span class='ocrx_word' id='word_1_253' title='bbox 1219 3299 1344 3362; x_wconf 89' lang='lat' dir='ltr'><strong>debitae</strong></span> <span class='ocrx_word' id='word_1_254' title='bbox 1369 3297 1529 3362; x_wconf 88' lang='lat' dir='ltr'><strong>fidelitatis</strong></span> <span class='ocrx_word' id='word_1_255' title='bbox 1552 3297 1705 3379; x_wconf 90' lang='lat' dir='ltr'><strong>obsequio</strong></span> <span class='ocrx_word' id='word_1_256' title='bbox 1728 3316 1799 3380; x_wconf 91' lang='lat' dir='ltr'><strong>per·</strong></span> <span class='ocrx_word' id='word_1_257' title='bbox 1834 3304 1868 3359; x_wconf 81' lang='lat'><strong>25</strong></span> 
     </span>
     <span class='ocr_line' id='line_1_27' title="bbox 399 3401 1800 3486; baseline -0.002 -20"><span class='ocrx_word' id='word_1_258' title='bbox 399 3406 587 3466; x_wconf 88' lang='lat' dir='ltr'><strong>severantur</strong></span> <span class='ocrx_word' id='word_1_259' title='bbox 609 3406 642 3465; x_wconf 93' lang='lat' dir='ltr'><strong>et</strong></span> <span class='ocrx_word' id='word_1_260' title='bbox 662 3402 891 3466; x_wconf 89' lang='lat' dir='ltr'><strong>invariabiliter</strong></span> <span class='ocrx_word' id='word_1_261' title='bbox 913 3402 1084 3486; x_wconf 87' lang='lat' dir='ltr'><strong>persistant</strong></span> <span class='ocrx_word' id='word_1_262' title='bbox 1106 3406 1139 3466; x_wconf 91' lang='lat' dir='ltr'><strong>et</strong></span> <span class='ocrx_word' id='word_1_263' title='bbox 1161 3402 1304 3485; x_wconf 91' lang='lat' dir='ltr'><strong>ipsorum</strong></span> <span class='ocrx_word' id='word_1_264' title='bbox 1327 3401 1447 3483; x_wconf 91' lang='lat' dir='ltr'><strong>ubique</strong></span> <span class='ocrx_word' id='word_1_265' title='bbox 1469 3402 1613 3485; x_wconf 89' lang='lat' dir='ltr'><strong>impensa</strong></span> <span class='ocrx_word' id='word_1_266' title='bbox 1634 3401 1687 3465; x_wconf 88' lang='lat' dir='ltr'><strong>vel</strong></span> <span class='ocrx_word' id='word_1_267' title='bbox 1709 3401 1800 3464; x_wconf 84' lang='lat' dir='ltr'><strong>exhi·</strong></span> 
     </span>
     <span class='ocr_line' id='line_1_28' title="bbox 398 3504 1800 3589; baseline -0.001 -21"><span class='ocrx_word' id='word_1_268' title='bbox 398 3506 504 3569; x_wconf 90' lang='lat' dir='ltr'><strong>benda</strong></span> <span class='ocrx_word' id='word_1_269' title='bbox 532 3505 636 3587; x_wconf 88' lang='lat' dir='ltr'><strong>regiae</strong></span> <span class='ocrx_word' id='word_1_270' title='bbox 667 3506 822 3569; x_wconf 89' lang='lat' dir='ltr'><strong>maiestati</strong></span> <span class='ocrx_word' id='word_1_271' title='bbox 853 3505 984 3568; x_wconf 89' lang='lat' dir='ltr'><strong>servitia</strong></span> <span class='ocrx_word' id='word_1_272' title='bbox 1005 3505 1111 3568; x_wconf 89' lang='lat' dir='ltr'><strong>fidelia</strong></span> <span class='ocrx_word' id='word_1_273' title='bbox 1132 3504 1357 3589; x_wconf 81' lang='lat' dir='ltr'><strong>approbentur,</strong></span> <span class='ocrx_word' id='word_1_274' title='bbox 1391 3505 1498 3568; x_wconf 79' lang='lat' dir='ltr'><strong>literas</strong></span> <span class='ocrx_word' id='word_1_275' title='bbox 1528 3523 1657 3588; x_wconf 89' lang='lat' dir='ltr'><strong>quoque</strong></span> <span class='ocrx_word' id='word_1_276' title='bbox 1680 3523 1800 3585; x_wconf 89' lang='lat' dir='ltr'><strong>omnes,</strong></span> 
     </span>
     <span class='ocr_line' id='line_1_29' title="bbox 401 3607 1799 3691; baseline -0.001 -20"><span class='ocrx_word' id='word_1_277' title='bbox 401 3609 427 3671; x_wconf 92' lang='lat' dir='ltr'><strong>si</strong></span> <span class='ocrx_word' id='word_1_278' title='bbox 453 3627 535 3690; x_wconf 85' lang='lat' dir='ltr'><strong>quae</strong></span> <span class='ocrx_word' id='word_1_279' title='bbox 558 3629 577 3672; x_wconf 90' lang='lat' dir='ltr'><strong>a</strong></span> <span class='ocrx_word' id='word_1_280' title='bbox 599 3607 692 3671; x_wconf 90' lang='lat' dir='ltr'><strong>nobis</strong></span> <span class='ocrx_word' id='word_1_281' title='bbox 714 3628 811 3691; x_wconf 90' lang='lat' dir='ltr'><strong>super</strong></span> <span class='ocrx_word' id='word_1_282' title='bbox 825 3609 997 3672; x_wconf 87' lang='lat' dir='ltr'><strong>donatione</strong></span> <span class='ocrx_word' id='word_1_283' title='bbox 1012 3608 1063 3672; x_wconf 89' lang='lat' dir='ltr'><strong>vel</strong></span> <span class='ocrx_word' id='word_1_284' title='bbox 1079 3608 1247 3672; x_wconf 90' lang='lat' dir='ltr'><strong>collatione</strong></span> <span class='ocrx_word' id='word_1_285' title='bbox 1262 3608 1472 3691; x_wconf 88' lang='lat' dir='ltr'><strong>possessionis</strong></span> <span class='ocrx_word' id='word_1_286' title='bbox 1495 3607 1547 3670; x_wconf 90' lang='lat' dir='ltr'><strong>vel</strong></span> <span class='ocrx_word' id='word_1_287' title='bbox 1561 3608 1799 3690; x_wconf 89' lang='lat' dir='ltr'><strong>possessionum</strong></span> 
     </span>
     <span class='ocr_line' id='line_1_30' title="bbox 402 3711 1800 3795; baseline -0.001 -22"><span class='ocrx_word' id='word_1_288' title='bbox 402 3711 635 3795; x_wconf 86' lang='lat' dir='ltr'><strong>praedictorum</strong></span> <span class='ocrx_word' id='word_1_289' title='bbox 650 3712 773 3775; x_wconf 90' lang='lat' dir='ltr'><strong>Nicolai</strong></span> <span class='ocrx_word' id='word_1_290' title='bbox 796 3718 828 3776; x_wconf 90' lang='lat' dir='ltr'><strong>et</strong></span> <span class='ocrx_word' id='word_1_291' title='bbox 842 3712 863 3776; x_wconf 90' lang='lat' dir='ltr'><strong>J</strong></span> <span class='ocrx_word' id='word_1_292' title='bbox 865 3712 999 3775; x_wconf 88' lang='lat' dir='ltr'><strong>ohannis</strong></span> <span class='ocrx_word' id='word_1_293' title='bbox 1022 3712 1073 3776; x_wconf 88' lang='lat' dir='ltr'><strong>vel</strong></span> <span class='ocrx_word' id='word_1_294' title='bbox 1096 3712 1227 3776; x_wconf 85' lang='lat' dir='ltr'><strong>alterius</strong></span> <span class='ocrx_word' id='word_1_295' title='bbox 1250 3712 1425 3776; x_wconf 88' lang='lat' dir='ltr'><strong>eorundem</strong></span> <span class='ocrx_word' id='word_1_296' title='bbox 1447 3712 1531 3774; x_wconf 87' lang='lat' dir='ltr'><strong>iacta</strong></span> <span class='ocrx_word' id='word_1_297' title='bbox 1544 3731 1602 3795; x_wconf 91' lang='lat' dir='ltr'><strong>per</strong></span> <span class='ocrx_word' id='word_1_298' title='bbox 1623 3731 1683 3775; x_wconf 90' lang='lat' dir='ltr'><strong>nos</strong></span> <span class='ocrx_word' id='word_1_299' title='bbox 1699 3729 1800 3793; x_wconf 90' lang='lat' dir='ltr'><strong>quan-</strong></span> 
     </span>
     <span class='ocr_line' id='line_1_31' title="bbox 403 3815 1870 3900; baseline -0.001 -23"><span class='ocrx_word' id='word_1_300' title='bbox 403 3816 584 3897; x_wconf 88' lang='lat' dir='ltr'><strong>documque</strong></span> <span class='ocrx_word' id='word_1_301' title='bbox 614 3816 806 3896; x_wconf 89' lang='lat' dir='ltr'><strong>cuicumque</strong></span> <span class='ocrx_word' id='word_1_302' title='bbox 838 3816 888 3879; x_wconf 90' lang='lat' dir='ltr'><strong>vel</strong></span> <span class='ocrx_word' id='word_1_303' title='bbox 920 3815 1177 3898; x_wconf 91' lang='lat' dir='ltr'><strong>quibuscumque</strong></span> <span class='ocrx_word' id='word_1_304' title='bbox 1199 3820 1424 3900; x_wconf 87' lang='lat' dir='ltr'><strong>processerunt</strong></span> <span class='ocrx_word' id='word_1_305' title='bbox 1453 3815 1506 3878; x_wconf 93' lang='lat' dir='ltr'><strong>vel</strong></span> <span class='ocrx_word' id='word_1_306' title='bbox 1527 3820 1603 3878; x_wconf 90' lang='lat' dir='ltr'><strong>sunt</strong></span> <span class='ocrx_word' id='word_1_307' title='bbox 1626 3818 1798 3896; x_wconf 87' lang='lat' dir='ltr'><strong>emanatae,</strong></span> <span class='ocrx_word' id='word_1_308' title='bbox 1833 3820 1870 3875; x_wconf 81' lang='lat'><strong>30</strong></span> 
     </span>
     <span class='ocr_line' id='line_1_32' title="bbox 402 3917 1800 4001; baseline -0.001 -20"><span class='ocrx_word' id='word_1_309' title='bbox 402 3919 589 3982; x_wconf 88' lang='lat' dir='ltr'><strong>auctoritate</strong></span> <span class='ocrx_word' id='word_1_310' title='bbox 620 3920 834 4001; x_wconf 88' lang='lat' dir='ltr'><strong>praesentium</strong></span> <span class='ocrx_word' id='word_1_311' title='bbox 865 3938 1053 3982; x_wconf 88' lang='lat' dir='ltr'><strong>revocamus</strong></span> <span class='ocrx_word' id='word_1_312' title='bbox 1083 3920 1274 3983; x_wconf 87' lang='lat' dir='ltr'><strong>nunciantes</strong></span> <span class='ocrx_word' id='word_1_313' title='bbox 1304 3938 1357 3983; x_wconf 86' lang='lat' dir='ltr'><strong>eas</strong></span> <span class='ocrx_word' id='word_1_314' title='bbox 1380 3918 1510 3982; x_wconf 79' lang='lat' dir='ltr'><strong>frivolas</strong></span> <span class='ocrx_word' id='word_1_315' title='bbox 1536 3923 1569 3982; x_wconf 90' lang='lat' dir='ltr'><strong>et</strong></span> <span class='ocrx_word' id='word_1_316' title='bbox 1589 3919 1702 3981; x_wconf 88' lang='lat' dir='ltr'><strong>inanes</strong></span> <span class='ocrx_word' id='word_1_317' title='bbox 1723 3917 1800 3979; x_wconf 92' lang='lat' dir='ltr'><strong>viri-</strong></span> 
     </span>
     <span class='ocr_line' id='line_1_33' title="bbox 400 4020 1800 4106; baseline -0.003 -21"><span class='ocrx_word' id='word_1_318' title='bbox 400 4022 527 4103; x_wconf 91' lang='lat' dir='ltr'><strong>busque</strong></span> <span class='ocrx_word' id='word_1_319' title='bbox 561 4022 730 4105; x_wconf 74' lang='lat' dir='ltr'><strong>carituras,</strong></span> <span class='ocrx_word' id='word_1_320' title='bbox 764 4023 1032 4103; x_wconf 88' lang='lat' dir='ltr'><strong>quandocumque</strong></span> <span class='ocrx_word' id='word_1_321' title='bbox 1064 4022 1115 4086; x_wconf 92' lang='lat' dir='ltr'><strong>vel</strong></span> <span class='ocrx_word' id='word_1_322' title='bbox 1149 4021 1344 4105; x_wconf 90' lang='lat' dir='ltr'><strong>ubicumque</strong></span> <span class='ocrx_word' id='word_1_323' title='bbox 1377 4023 1497 4086; x_wconf 80' lang='lat' dir='ltr'><strong>hierint</strong></span> <span class='ocrx_word' id='word_1_324' title='bbox 1528 4041 1585 4106; x_wconf 91' lang='lat' dir='ltr'><strong>per</strong></span> <span class='ocrx_word' id='word_1_325' title='bbox 1619 4020 1800 4102; x_wconf 90' lang='lat' dir='ltr'><strong>quempiam</strong></span> 
     </span>
     <span class='ocr_line' id='line_1_34' title="bbox 400 4124 1801 4209; baseline -0.001 -21"><span class='ocrx_word' id='word_1_326' title='bbox 400 4132 626 4209; x_wconf 87' lang='lat' dir='ltr'><strong>praesentatae.</strong></span> <span class='ocrx_word' id='word_1_327' title='bbox 648 4126 798 4209; x_wconf 89' lang='lat' dir='ltr'><strong>Amplius</strong></span> <span class='ocrx_word' id='word_1_328' title='bbox 820 4126 859 4190; x_wconf 92' lang='lat' dir='ltr'><strong>de</strong></span> <span class='ocrx_word' id='word_1_329' title='bbox 874 4125 1068 4209; x_wconf 84' lang='lat' dir='ltr'><strong>benignitate</strong></span> <span class='ocrx_word' id='word_1_330' title='bbox 1083 4126 1171 4209; x_wconf 90' lang='lat' dir='ltr'><strong>regia</strong></span> <span class='ocrx_word' id='word_1_331' title='bbox 1186 4126 1339 4206; x_wconf 88' lang='lat' dir='ltr'><strong>quasdam</strong></span> <span class='ocrx_word' id='word_1_332' title='bbox 1354 4125 1447 4189; x_wconf 86' lang='lat' dir='ltr'><strong>villas</strong></span> <span class='ocrx_word' id='word_1_333' title='bbox 1461 4132 1587 4190; x_wconf 89' lang='lat' dir='ltr'><strong>nostras</strong></span> <span class='ocrx_word' id='word_1_334' title='bbox 1598 4124 1801 4206; x_wconf 84' lang='lat' dir='ltr'><strong>Huzyuazou</strong></span> 
     </span>
     <span class='ocr_line' id='line_1_35' title="bbox 400 4227 1801 4311; baseline -0.001 -19"><span class='ocrx_word' id='word_1_335' title='bbox 400 4234 433 4293; x_wconf 90' lang='lat' dir='ltr'><strong>et</strong></span> <span class='ocrx_word' id='word_1_336' title='bbox 447 4229 620 4310; x_wconf 83' lang='lat' dir='ltr'><strong>Mykezaza</strong></span> <span class='ocrx_word' id='word_1_337' title='bbox 642 4235 771 4294; x_wconf 86' lang='lat' dir='ltr'><strong>vocatas</strong></span> <span class='ocrx_word' id='word_1_338' title='bbox 792 4231 885 4293; x_wconf 83' lang='lat' dir='ltr'><strong>iuxta</strong></span> <span class='ocrx_word' id='word_1_339' title='bbox 906 4228 1040 4292; x_wconf 89' lang='lat' dir='ltr'><strong>fluvium</strong></span> <span class='ocrx_word' id='word_1_340' title='bbox 1064 4230 1192 4293; x_wconf 89' lang='lat' dir='ltr'><strong>maioris</strong></span> <span class='ocrx_word' id='word_1_341' title='bbox 1206 4229 1378 4311; x_wconf 82' lang='lat' dir='ltr'><strong>Kylrullew</strong></span> <span class='ocrx_word' id='word_1_342' title='bbox 1402 4248 1526 4292; x_wconf 89' lang='lat' dir='ltr'><strong>necnon</strong></span> <span class='ocrx_word' id='word_1_343' title='bbox 1542 4228 1651 4291; x_wconf 89' lang='lat' dir='ltr'><strong>Panad</strong></span> <span class='ocrx_word' id='word_1_344' title='bbox 1674 4232 1707 4292; x_wconf 90' lang='lat' dir='ltr'><strong>et</strong></span> <span class='ocrx_word' id='word_1_345' title='bbox 1721 4227 1801 4310; x_wconf 84' lang='lat' dir='ltr'><strong>Zep—</strong></span> 
     </span>
     <span class='ocr_line' id='line_1_36' title="bbox 401 4331 1869 4416; baseline -0.001 -21"><span class='ocrx_word' id='word_1_346' title='bbox 401 4351 520 4396; x_wconf 84' lang='lat' dir='ltr'><strong>mezew</strong></span> <span class='ocrx_word' id='word_1_347' title='bbox 543 4333 633 4396; x_wconf 80' lang='lat' dir='ltr'><strong>iuxta</strong></span> <span class='ocrx_word' id='word_1_348' title='bbox 653 4332 788 4397; x_wconf 89' lang='lat' dir='ltr'><strong>fluvium</strong></span> <span class='ocrx_word' id='word_1_349' title='bbox 810 4333 943 4396; x_wconf 90' lang='lat' dir='ltr'><strong>minoris</strong></span> <span class='ocrx_word' id='word_1_350' title='bbox 957 4332 1129 4414; x_wconf 82' lang='lat' dir='ltr'><strong>Kykullew</strong></span> <span class='ocrx_word' id='word_1_351' title='bbox 1153 4335 1336 4415; x_wconf 82' lang='lat' dir='ltr'><strong>existentes,</strong></span> <span class='ocrx_word' id='word_1_352' title='bbox 1360 4351 1442 4414; x_wconf 88' lang='lat' dir='ltr'><strong>quae</strong></span> <span class='ocrx_word' id='word_1_353' title='bbox 1466 4331 1540 4395; x_wconf 90' lang='lat' dir='ltr'><strong>olim</strong></span> <span class='ocrx_word' id='word_1_354' title='bbox 1562 4332 1798 4416; x_wconf 90' lang='lat' dir='ltr'><strong>praedictorum</strong></span> <span class='ocrx_word' id='word_1_355' title='bbox 1835 4340 1869 4393; x_wconf 78' lang='lat'><strong>³5</strong></span> 
     </span>
     <span class='ocr_line' id='line_1_37' title="bbox 400 4432 1801 4517; baseline -0.004 -18"><span class='ocrx_word' id='word_1_356' title='bbox 400 4435 539 4500; x_wconf 88' lang='lat' dir='ltr'><strong>filiorum</strong></span> <span class='ocrx_word' id='word_1_357' title='bbox 561 4435 698 4499; x_wconf 87' lang='lat' dir='ltr'><strong>Ladislai</strong></span> <span class='ocrx_word' id='word_1_358' title='bbox 727 4436 881 4499; x_wconf 89' lang='lat' dir='ltr'><strong>vaivodae</strong></span> <span class='ocrx_word' id='word_1_359' title='bbox 910 4435 1087 4500; x_wconf 89' lang='lat' dir='ltr'><strong>infidelium</strong></span> <span class='ocrx_word' id='word_1_360' title='bbox 1117 4441 1301 4501; x_wconf 89' lang='lat' dir='ltr'><strong>nostrorum</strong></span> <span class='ocrx_word' id='word_1_361' title='bbox 1330 4442 1363 4500; x_wconf 86' lang='lat' dir='ltr'><strong>et</strong></span> <span class='ocrx_word' id='word_1_362' title='bbox 1392 4435 1431 4499; x_wconf 91' lang='lat' dir='ltr'><strong>ab</strong></span> <span class='ocrx_word' id='word_1_363' title='bbox 1459 4436 1577 4499; x_wconf 92' lang='lat' dir='ltr'><strong>eisdem</strong></span> <span class='ocrx_word' id='word_1_364' title='bbox 1599 4432 1801 4517; x_wconf 84' lang='lat' dir='ltr'><strong>exigentibus</strong></span> 
     </span>
     <span class='ocr_line' id='line_1_38' title="bbox 401 4538 1802 4622; baseline -0.003 -19"><span class='ocrx_word' id='word_1_365' title='bbox 401 4560 533 4603; x_wconf 86' lang='lat' dir='ltr'><strong>auarum</strong></span> <span class='ocrx_word' id='word_1_366' title='bbox 554 4539 777 4605; x_wconf 86' lang='lat' dir='ltr'><strong>infidelitatum</strong></span> <span class='ocrx_word' id='word_1_367' title='bbox 801 4539 986 4605; x_wconf 80' lang='lat' dir='ltr'><strong>excessibus</strong></span> <span class='ocrx_word' id='word_1_368' title='bbox 1002 4545 1035 4605; x_wconf 88' lang='lat' dir='ltr'><strong>et</strong></span> <span class='ocrx_word' id='word_1_369' title='bbox 1050 4540 1211 4605; x_wconf 89' lang='lat' dir='ltr'><strong>demeritis</strong></span> <span class='ocrx_word' id='word_1_370' title='bbox 1233 4540 1267 4603; x_wconf 91' lang='lat' dir='ltr'><strong>in</strong></span> <span class='ocrx_word' id='word_1_371' title='bbox 1282 4545 1407 4603; x_wconf 88' lang='lat' dir='ltr'><strong>nostras</strong></span> <span class='ocrx_word' id='word_1_372' title='bbox 1422 4540 1525 4622; x_wconf 89' lang='lat' dir='ltr'><strong>regias</strong></span> <span class='ocrx_word' id='word_1_373' title='bbox 1540 4557 1654 4602; x_wconf 89' lang='lat' dir='ltr'><strong>manus</strong></span> <span class='ocrx_word' id='word_1_374' title='bbox 1668 4538 1802 4601; x_wconf 81' lang='lat' dir='ltr'><strong>fuerunt</strong></span> 
     </span>
     <span class='ocr_line' id='line_1_39' title="bbox 401 4639 1801 4728; baseline -0.001 -24"><span class='ocrx_word' id='word_1_375' title='bbox 401 4643 472 4707; x_wconf 92' lang='lat' dir='ltr'><strong>iure</strong></span> <span class='ocrx_word' id='word_1_376' title='bbox 494 4648 527 4708; x_wconf 87' lang='lat' dir='ltr'><strong>et</strong></span> <span class='ocrx_word' id='word_1_377' title='bbox 548 4642 687 4727; x_wconf 86' lang='lat' dir='ltr'><strong>legitime</strong></span> <span class='ocrx_word' id='word_1_378' title='bbox 703 4643 880 4728; x_wconf 83' lang='lat' dir='ltr'><strong>devolutae,</strong></span> <span class='ocrx_word' id='word_1_379' title='bbox 903 4663 977 4707; x_wconf 88' lang='lat' dir='ltr'><strong>cum</strong></span> <span class='ocrx_word' id='word_1_380' title='bbox 992 4643 1141 4707; x_wconf 92' lang='lat' dir='ltr'><strong>omnibus</strong></span> <span class='ocrx_word' id='word_1_381' title='bbox 1156 4645 1330 4708; x_wconf 89' lang='lat' dir='ltr'><strong>earundem</strong></span> <span class='ocrx_word' id='word_1_382' title='bbox 1346 4642 1536 4707; x_wconf 89' lang='lat' dir='ltr'><strong>utilitatibus</strong></span> <span class='ocrx_word' id='word_1_383' title='bbox 1555 4646 1587 4705; x_wconf 87' lang='lat' dir='ltr'><strong>ct</strong></span> <span class='ocrx_word' id='word_1_384' title='bbox 1601 4639 1801 4725; x_wconf 89' lang='lat' dir='ltr'><strong>pertinentiis</strong></span> 
     </span>
     <span class='ocr_line' id='line_1_40' title="bbox 401 4743 1799 4830; baseline -0.002 -22"><span class='ocrx_word' id='word_1_385' title='bbox 401 4746 561 4809; x_wconf 86' lang='lat' dir='ltr'><strong>universis</strong></span> <span class='ocrx_word' id='word_1_386' title='bbox 590 4746 659 4809; x_wconf 89' lang='lat' dir='ltr'><strong>sine</strong></span> <span class='ocrx_word' id='word_1_387' title='bbox 687 4747 881 4829; x_wconf 89' lang='lat' dir='ltr'><strong>praeiudicio</strong></span> <span class='ocrx_word' id='word_1_388' title='bbox 911 4747 1119 4811; x_wconf 88' lang='lat' dir='ltr'><strong>nihilominus</strong></span> <span class='ocrx_word' id='word_1_389' title='bbox 1151 4748 1231 4812; x_wconf 91' lang='lat' dir='ltr'><strong>iuris</strong></span> <span class='ocrx_word' id='word_1_390' title='bbox 1264 4748 1360 4812; x_wconf 83' lang='lat' dir='ltr'><strong>aliem</strong></span> <span class='ocrx_word' id='word_1_391' title='bbox 1389 4747 1550 4830; x_wconf 91' lang='lat' dir='ltr'><strong>praedicto</strong></span> <span class='ocrx_word' id='word_1_392' title='bbox 1572 4744 1704 4809; x_wconf 90' lang='lat' dir='ltr'><strong>Nicolao</strong></span> <span class='ocrx_word' id='word_1_393' title='bbox 1734 4743 1799 4805; x_wconf 91' lang='lat' dir='ltr'><strong>filio</strong></span> 
     </span>
     <span class='ocr_line' id='line_1_41' title="bbox 402 4848 1869 4933; baseline 0 -21"><span class='ocrx_word' id='word_1_394' title='bbox 402 4848 550 4912; x_wconf 82' lang='lat' dir='ltr'><strong>Oorrardi</strong></span> <span class='ocrx_word' id='word_1_395' title='bbox 571 4850 606 4911; x_wconf 92' lang='lat' dir='ltr'><strong>in</strong></span> <span class='ocrx_word' id='word_1_396' title='bbox 635 4852 960 4933; x_wconf 88' lang='lat' dir='ltr'><strong>recompensationem</strong></span> <span class='ocrx_word' id='word_1_397' title='bbox 982 4850 1124 4915; x_wconf 89' lang='lat' dir='ltr'><strong>fidelium</strong></span> <span class='ocrx_word' id='word_1_398' title='bbox 1147 4850 1352 4915; x_wconf 88' lang='lat' dir='ltr'><strong>servitiorum</strong></span> <span class='ocrx_word' id='word_1_399' title='bbox 1377 4850 1520 4914; x_wconf 89' lang='lat' dir='ltr'><strong>ciusdem</strong></span> <span class='ocrx_word' id='word_1_400' title='bbox 1543 4854 1576 4913; x_wconf 89' lang='lat' dir='ltr'><strong>et</strong></span> <span class='ocrx_word' id='word_1_401' title='bbox 1596 4849 1631 4910; x_wconf 91' lang='lat' dir='ltr'><strong>in</strong></span> <span class='ocrx_word' id='word_1_402' title='bbox 1653 4865 1799 4910; x_wconf 89' lang='lat' dir='ltr'><strong>concam·</strong></span> <span class='ocrx_word' id='word_1_403' title='bbox 1833 4857 1869 4912; x_wconf 82' lang='lat'><strong>40</strong></span> 
     </span>
     <span class='ocr_line' id='line_1_42' title="bbox 402 4950 1801 5037; baseline -0.001 -24"><span class='ocrx_word' id='word_1_404' title='bbox 402 4951 491 5015; x_wconf 93' lang='lat' dir='ltr'><strong>bium</strong></span> <span class='ocrx_word' id='word_1_405' title='bbox 513 4952 666 5036; x_wconf 88' lang='lat' dir='ltr'><strong>praedicti</strong></span> <span class='ocrx_word' id='word_1_406' title='bbox 688 4953 782 5016; x_wconf 86' lang='lat' dir='ltr'><strong>castri</strong></span> <span class='ocrx_word' id='word_1_407' title='bbox 805 4952 898 5037; x_wconf 83' lang='lat' dir='ltr'><strong>Salgo</strong></span> <span class='ocrx_word' id='word_1_408' title='bbox 921 4959 954 5018; x_wconf 86' lang='lat' dir='ltr'><strong>et</strong></span> <span class='ocrx_word' id='word_1_409' title='bbox 973 4953 1122 5018; x_wconf 86' lang='lat' dir='ltr'><strong>villarum</strong></span> <span class='ocrx_word' id='word_1_410' title='bbox 1136 4954 1365 5037; x_wconf 87' lang='lat' dir='ltr'><strong>pertinentium</strong></span> <span class='ocrx_word' id='word_1_411' title='bbox 1386 4953 1426 5016; x_wconf 89' lang='lat' dir='ltr'><strong>ad</strong></span> <span class='ocrx_word' id='word_1_412' title='bbox 1449 4953 1533 5017; x_wconf 90' lang='lat' dir='ltr'><strong>idem</strong></span> <span class='ocrx_word' id='word_1_413' title='bbox 1548 4951 1641 5015; x_wconf 90' lang='lat' dir='ltr'><strong>nobis</strong></span> <span class='ocrx_word' id='word_1_414' title='bbox 1656 4950 1801 5013; x_wconf 89' lang='lat' dir='ltr'><strong>datarum</strong></span> 
     </span>
     <span class='ocr_line' id='line_1_43' title="bbox 402 5055 1800 5142; baseline -0.003 -23"><span class='ocrx_word' id='word_1_415' title='bbox 402 5060 435 5120; x_wconf 90' lang='lat' dir='ltr'><strong>et</strong></span> <span class='ocrx_word' id='word_1_416' title='bbox 455 5056 676 5120; x_wconf 86' lang='lat' dir='ltr'><strong>restitutarum</strong></span> <span class='ocrx_word' id='word_1_417' title='bbox 705 5057 827 5139; x_wconf 87' lang='lat' dir='ltr'><strong>damus,</strong></span> <span class='ocrx_word' id='word_1_418' title='bbox 857 5057 1023 5142; x_wconf 83' lang='lat' dir='ltr'><strong>donamus,</strong></span> <span class='ocrx_word' id='word_1_419' title='bbox 1057 5058 1211 5121; x_wconf 90' lang='lat' dir='ltr'><strong>tradimus</strong></span> <span class='ocrx_word' id='word_1_420' title='bbox 1241 5064 1273 5122; x_wconf 92' lang='lat' dir='ltr'><strong>et</strong></span> <span class='ocrx_word' id='word_1_421' title='bbox 1295 5057 1490 5121; x_wconf 90' lang='lat' dir='ltr'><strong>contulimus</strong></span> <span class='ocrx_word' id='word_1_422' title='bbox 1512 5055 1572 5120; x_wconf 89' lang='lat' dir='ltr'><strong>sibi</strong></span> <span class='ocrx_word' id='word_1_423' title='bbox 1594 5060 1627 5119; x_wconf 89' lang='lat' dir='ltr'><strong>et</strong></span> <span class='ocrx_word' id='word_1_424' title='bbox 1647 5073 1705 5139; x_wconf 90' lang='lat' dir='ltr'><strong>per</strong></span> <span class='ocrx_word' id='word_1_425' title='bbox 1726 5071 1800 5116; x_wconf 92' lang='lat' dir='ltr'><strong>eum</strong></span> 
     </span>
     <span class='ocr_line' id='line_1_44' title="bbox 403 5156 1800 5246; baseline -0.005 -22"><span class='ocrx_word' id='word_1_426' title='bbox 403 5159 470 5224; x_wconf 91' lang='lat' dir='ltr'><strong>suis</strong></span> <span class='ocrx_word' id='word_1_427' title='bbox 500 5160 669 5224; x_wconf 89' lang='lat' dir='ltr'><strong>heredibus</strong></span> <span class='ocrx_word' id='word_1_428' title='bbox 696 5160 914 5242; x_wconf 90' lang='lat' dir='ltr'><strong>heredumque</strong></span> <span class='ocrx_word' id='word_1_429' title='bbox 944 5161 1181 5225; x_wconf 88' lang='lat' dir='ltr'><strong>successoribus</strong></span> <span class='ocrx_word' id='word_1_430' title='bbox 1211 5162 1281 5225; x_wconf 90' lang='lat' dir='ltr'><strong>iure</strong></span> <span class='ocrx_word' id='word_1_431' title='bbox 1311 5166 1465 5246; x_wconf 90' lang='lat' dir='ltr'><strong>perpetuo</strong></span> <span class='ocrx_word' id='word_1_432' title='bbox 1496 5166 1528 5225; x_wconf 90' lang='lat' dir='ltr'><strong>ct</strong></span> <span class='ocrx_word' id='word_1_433' title='bbox 1551 5156 1800 5223; x_wconf 82' lang='lat' dir='ltr'><strong>irrevocabiliter</strong></span> 
     </span>
     <span class='ocr_line' id='line_1_45' title="bbox 402 5259 1800 5349; baseline -0.004 -21"><span class='ocrx_word' id='word_1_434' title='bbox 402 5264 617 5349; x_wconf 83' lang='lat' dir='ltr'><strong>possidendas,</strong></span> <span class='ocrx_word' id='word_1_435' title='bbox 640 5264 794 5329; x_wconf 87' lang='lat' dir='ltr'><strong>tenendas</strong></span> <span class='ocrx_word' id='word_1_436' title='bbox 814 5265 933 5348; x_wconf 87' lang='lat' dir='ltr'><strong>pariter</strong></span> <span class='ocrx_word' id='word_1_437' title='bbox 954 5270 987 5329; x_wconf 90' lang='lat' dir='ltr'><strong>et</strong></span> <span class='ocrx_word' id='word_1_438' title='bbox 1008 5265 1176 5329; x_wconf 88' lang='lat' dir='ltr'><strong>habendas.</strong></span> <span class='ocrx_word' id='word_1_439' title='bbox 1213 5264 1257 5328; x_wconf 90' lang='lat' dir='ltr'><strong>Ut</strong></span> <span class='ocrx_word' id='word_1_440' title='bbox 1278 5264 1377 5349; x_wconf 91' lang='lat' dir='ltr'><strong>igitur</strong></span> <span class='ocrx_word' id='word_1_441' title='bbox 1398 5264 1493 5328; x_wconf 81' lang='lat' dir='ltr'><strong>hirius</strong></span> <span class='ocrx_word' id='word_1_442' title='bbox 1516 5269 1643 5327; x_wconf 88' lang='lat' dir='ltr'><strong>nostrae</strong></span> <span class='ocrx_word' id='word_1_443' title='bbox 1665 5259 1800 5344; x_wconf 88' lang='lat' dir='ltr'><strong>promis·</strong></span> 
     </span>
     <span class='ocr_line' id='line_1_46' title="bbox 402 5363 1868 5452; baseline -0.001 -22"><span class='ocrx_word' id='word_1_444' title='bbox 402 5368 501 5431; x_wconf 90' lang='lat' dir='ltr'><strong>sionis</strong></span> <span class='ocrx_word' id='word_1_445' title='bbox 523 5373 556 5431; x_wconf 93' lang='lat' dir='ltr'><strong>et</strong></span> <span class='ocrx_word' id='word_1_446' title='bbox 577 5368 757 5431; x_wconf 90' lang='lat' dir='ltr'><strong>donationis</strong></span> <span class='ocrx_word' id='word_1_447' title='bbox 778 5367 876 5431; x_wconf 88' lang='lat' dir='ltr'><strong>series</strong></span> <span class='ocrx_word' id='word_1_448' title='bbox 898 5367 1039 5432; x_wconf 89' lang='lat' dir='ltr'><strong>obtineat</strong></span> <span class='ocrx_word' id='word_1_449' title='bbox 1059 5373 1246 5452; x_wconf 88' lang='lat' dir='ltr'><strong>perpetuam</strong></span> <span class='ocrx_word' id='word_1_450' title='bbox 1259 5367 1442 5432; x_wconf 83' lang='lat' dir='ltr'><strong>firmitatem</strong></span> <span class='ocrx_word' id='word_1_451' title='bbox 1457 5387 1517 5433; x_wconf 89' lang='lat' dir='ltr'><strong>nec</strong></span> <span class='ocrx_word' id='word_1_452' title='bbox 1538 5386 1596 5451; x_wconf 91' lang='lat' dir='ltr'><strong>per</strong></span> <span class='ocrx_word' id='word_1_453' title='bbox 1618 5363 1799 5448; x_wconf 88' lang='lat' dir='ltr'><strong>quempiam</strong></span> <span class='ocrx_word' id='word_1_454' title='bbox 1833 5373 1868 5429; x_wconf 79' lang='lat'><strong>45</strong></span> 
     </span>
    </p>
   </div>
   <div class='ocr_carea' id='block_1_3' title="bbox 559 5501 1207 5575">
    <p class='ocr_par' dir='ltr' id='par_1_3' title="bbox 559 5501 1207 5575">
     <span class='ocr_line' id='line_1_47' title="bbox 559 5501 1207 5575; baseline -0.002 -17"><span class='ocrx_word' id='word_1_455' title='bbox 559 5501 1207 5575; x_wconf 67' lang='lat' dir='ltr'><strong>omauaauufarauaaaauaaaa.</strong></span> 
     </span>
    </p>
   </div>
   <div class='ocr_carea' id='block_1_4' title="bbox 0 0 2056 6292">
    <p class='ocr_par' dir='ltr' id='par_1_4' title="bbox 0 0 2056 6292">
     <span class='ocr_line' id='line_1_48' title="bbox 0 0 2056 6292; baseline 0 0"><span class='ocrx_word' id='word_1_456' title='bbox 0 0 2056 6292; x_wconf 95' lang='lat' dir='ltr'><strong> </strong></span> 
     </span>
    </p>
   </div>
  </div>
 </body>
</html>
