4086 6300
915 637 1071 732 —43-5-

295 826 347 891 vel
371 845 482 891 eorum
506 825 632 908 aliquos
646 826 699 890 rel
714 826 854 908 aliquem
869 826 1094 891 universaliter
1107 825 1159 890 vel
1182 824 1385 909 singulariter
1399 824 1451 889 vel
1468 826 1696 908 quoquomodo

294 930 334 993 ab
354 930 432 1014 ipsis
447 949 545 1013 supra
559 930 651 994 dictis
667 929 913 1013 obligationibus
927 930 1099 995 resilierint
1113 929 1164 993 vel
1180 929 1440 993 contravenerint
1453 929 1506 993 vel
1520 929 1554 992 in
1570 929 1697 994 easdem

293 1034 488 1098 temeritates
503 1033 619 1117 relapsi
635 1034 756 1098 fuerint
770 1034 822 1098 rel
837 1033 953 1117 aliquis
968 1034 1073 1116 luerit
1087 1053 1146 1118 pro
1161 1029 1271 1117 fausto]
1287 1034 1461 1097 sententias
1477 1033 1697 1097 excommuni-

294 1138 427 1201 cationis
450 1142 483 1201 et
505 1137 637 1221 periurii
651 1138 818 1201 incurrant
838 1137 891 1202 vel
913 1139 1064 1220 incurrat,
1086 1139 1253 1201 incurrent
1274 1136 1326 1200 vel
1347 1135 1498 1219 incurret,
1523 1155 1603 1219 quas
1625 1156 1697 1201 sen-

242 1249 259 1301 5
294 1242 410 1306 tentias
425 1241 464 1305 ab
479 1242 549 1325 ipso
564 1242 712 1326 episcopo
724 1242 950 1306 ibaussiluano
965 1260 1077 1306 eorum
1093 1241 1261 1305 diocesano
1276 1240 1311 1304 in
1327 1259 1361 1305 se
1373 1241 1527 1306 dixerunt
1540 1242 1698 1326 recepisse

294 1350 327 1409 et
348 1347 416 1409 suis
438 1345 579 1410 ecclesiis
601 1345 654 1409 vel
676 1365 736 1409 sua
757 1346 890 1411 ecclesia
908 1347 978 1430 ipso
1001 1346 1085 1409 iacto
1108 1345 1225 1429 privati
1246 1345 1388 1409 existant
1401 1344 1454 1409 vel
1473 1346 1625 1429 privatus.
1655 1344 1698 1409 Et

295 1449 322 1512 si
337 1449 439 1532 ipsam
455 1468 582 1513 causam
598 1449 774 1533 reincipere
790 1449 843 1514 vel
866 1449 1093 1532 quoquomodo
1117 1450 1218 1533 ipsam
1242 1448 1485 1533 appellationem
1503 1450 1556 1514 vel
1570 1454 1698 1513 contro·

295 1552 434 1616 versiam
455 1571 610 1617 renovare
633 1553 869 1637 attentaverint,
900 1554 1055 1617 ducentas
1083 1572 1206 1617 marcae
1232 1551 1289 1616 fini
1313 1552 1437 1635 argenti
1458 1554 1609 1637 ponderis
1630 1552 1698 1617 Bu·

295 1656 403 1720 densis
426 1656 554 1720 domino
578 1656 725 1740 episcopo
740 1656 966 1721 Transsiluano
989 1662 1022 1721 et
1044 1657 1187 1721 eiusdem
1209 1657 1362 1722 eeclesiae
1384 1656 1523 1740 capitulo
1544 1661 1617 1721 ante
1632 1656 1697 1720 litis

226 1766 259 1819 10
293 1760 474 1842 ingressum
488 1758 717 1843 persolvendas
738 1780 796 1843 pro
818 1780 922 1845 poena
938 1761 1123 1825 adiecerunt
1143 1767 1176 1824 et
1190 1761 1230 1824 ad
1244 1761 1277 1824 id
1293 1780 1399 1825 coram
1415 1760 1507 1825 nobis
1523 1766 1698 1845 spontanea

293 1882 327 1927 se
357 1862 581 1946 obligaverunt
602 1863 776 1929 voluntate.
817 1864 936 1929 Datum
968 1870 1082 1947 quarto
1110 1865 1161 1929 die
1183 1865 1410 1929 Penthecostes
1431 1864 1580 1929 videficet
1602 1865 1696 1929 tertio

293 1965 454 2030 Kalendas
474 1967 574 2049 Junii,
597 1986 681 2031 auno
705 1968 825 2031 domini
847 1969 1015 2033 millesimo
1038 1946 1114 2033 cet
1138 1968 1305 2033 tricesimo.
1328 1967 1488 2052 Stephano
1508 1969 1697 2053 praeposito,

292 2069 313 2134 J
315 2071 440 2134 ohanne
451 2071 578 2152 lectore,
593 2071 623 2135 N
624 2071 724 2135 icolac
741 2078 880 2155 cantore,
891 2072 1012 2136 Jacobo
1029 2074 1161 2137 custode
1177 2073 1314 2137 dominis
1330 2078 1362 2136 et
1377 2072 1536 2155 magistris
1547 2072 1697 2137 ecclesiae

293 2181 421 2239 nostrae
443 2176 605 2240 canonicis
627 2176 798 2240 salubriter
821 2176 1043 2241 existentibus.

949 2468 1042 2552 475.

370 2636 477 2706 1330
502 2634 585 2706 Mai
615 2638 677 2708 30.
722 2636 800 2706 Dus
831 2634 1134 2707 Grosswordciner
1158 2634 1305 2725 chitel
1340 2633 1486 2724 bmcapt,
1523 2634 1605 2704 dues
1635 2633 1698 2705 dar

295 2754 587 2846 siebeubrirptscbc
608 2756 762 2844 Biscbof
780 2755 854 2826 aad
879 2755 944 2827 dos
970 2751 1251 2845 Weissennoqer
1267 2754 1413 2846 Kopttcl
1439 2753 1505 2824 deo
1522 2753 1698 2843 Pforrcru

293 2876 352 2948 des
382 2874 613 2950 Mdbtbocbcr
645 2876 841 2948 Detcuotes
877 2877 933 2949 die
968 2875 1095 2965 Hecu
1130 2875 1189 2949 des
1222 2875 1389 2947 wdtrend
1427 2874 1485 2946 des
1519 2873 1698 2948 notasses

291 2997 457 3069 1ωὲ6611611
483 2997 602 3069 beiden
632 2996 772 3069 llicilen
798 2998 892 3069 nicht
915 2997 1094 3089 ycaoblm
1126 2994 1254 3069 Cereus
1280 2995 1509 3088 66611966εή66
1535 2997 1606 3069 bat.

224 3158 259 3214 20
452 3160 529 3230 Θήρ.
545 3161 626 3231 Perp.
644 3160 854 3230 Kapitelarebic
871 3159 1039 3231 Karlsburp.
1067 3159 1164 3230 ffleqel,
1182 3159 1324 3229 moral,
1342 3176 1403 3214 war
1419 3160 1453 3214 in
1468 3159 1576 3214 weisaes
1594 3159 1695 3215 Worbs

397 3247 455 3316 auf
467 3247 516 3301 der
535 3246 678 3301 Rdckseitc
696 3246 886 3316 aufqedroclr.

448 3421 516 3485 Nos
538 3421 714 3505 capitulum
736 3422 888 3487 ecclesiae
907 3421 1124 3487 Waradiensis
1146 3422 1363 3506 praesentium
1384 3441 1443 3507 per
1465 3428 1610 3486 tenorem
1634 3421 1697 3504 sig·

294 3524 461 3590 nificamus
477 3524 594 3608 quibus
606 3525 737 3609 expedit
750 3527 920 3609 universis,
937 3526 1023 3609 quod
1038 3526 1262 3591 accedentibus
1276 3526 1316 3589 ad
1332 3531 1472 3589 nostram
1486 3524 1698 3609 praesentiam

293 3628 438 3693 discretis
452 3628 530 3693 viris
549 3630 708 3712 magistris
721 3629 897 3695 Benedicto
920 3630 1140 3694 archidiacono
1156 3629 1196 3692 de
1210 3628 1331 3713 Tylegd
1347 3628 1562 3693 concanonico
1578 3632 1697 3702 nostro,

224 3737 258 3792 25
292 3731 412 3797 lboma
440 3734 620 3817 praeposito
643 3732 830 3814 Gybiniensi
859 3734 1010 3799 ecclesiae
1039 3733 1283 3797 Transsiluanue
1312 3731 1474 3795 canonicis
1508 3735 1541 3795 et
1570 3729 1698 3794 Bulohu

294 3835 515 3900 archidiacono
546 3837 586 3901 de
608 3836 757 3900 Zothmar
786 3855 859 3903 cum
890 3836 1124 3901 sufficientibus
1152 3836 1379 3919 procuratoriis
1404 3834 1445 3898 ab
1467 3854 1534 3899 una
1554 3839 1644 3917 parte
1666 3838 1698 3897 et

291 3938 435 4022 providis
456 3958 493 4002 ac
516 3939 658 4004 honestis
679 3940 758 4004 viris
780 3938 946 4021 Mychaele
968 3940 1104 4025 plebano
1128 3939 1168 4003 de
1189 3937 1319 4002 Kelnuk
1341 3938 1461 4002 decano
1485 3938 1525 4002 de
1547 3936 1649 4001 Sebus
1665 3941 1698 4000 et

291 4040 440 4106 iohanne
469 4042 605 4125 plebano
637 4044 677 4108 de
706 4043 856 4127 Apoldya
885 4044 1042 4129 superiori
1075 4044 1248 4107 decanatus
1281 4042 1425 4106 eiusdem
1453 4041 1697 4105 Transsiluanae

293 4143 427 4209 diocesis
455 4145 601 4211 similiter
630 4167 704 4212 cum
736 4146 969 4212 sufficientibus
999 4146 1226 4230 procuratoriis
1257 4165 1299 4210 ex
1320 4145 1420 4210 altera
1441 4163 1499 4229 per
1519 4144 1608 4227 ipsos
1629 4161 1696 4205 ma-

224 4254 258 4309 30
293 4249 428 4332 gistrum
461 4249 672 4314 Benedictum
707 4250 963 4315 archidiaconum
998 4251 1038 4314 de
1070 4250 1199 4333 Tylegd,
1232 4249 1383 4313 Thomam
1416 4247 1632 4332 praepositum
1665 4250 1698 4309 et

293 4351 420 4416 Bulohu
448 4352 706 4417 archidiaconum
736 4354 776 4417 de
806 4354 956 4418 Zothmar
985 4353 1122 4418 relatum
1151 4353 1275 4418 exstitit
1302 4358 1335 4416 et
1364 4371 1471 4416 coram
1500 4350 1593 4415 nobis
1622 4350 1698 4413 riva

293 4475 372 4520 voce
395 4461 473 4520 sunt
494 4457 640 4539 confessi,
662 4458 695 4519 in
720 4458 879 4522 revisione
900 4457 1112 4542 plebanorum
1132 4457 1358 4520 universorum
1381 4461 1413 4519 et
1435 4453 1634 4538 singulorum
1657 4453 1697 4517 de

294 4561 451 4625 decanatu
485 4560 525 4624 de
555 4560 657 4625 Sebus
691 4561 731 4625 ad
763 4561 896 4645 gratiam
930 4560 1052 4623 domini
1086 4559 1225 4643 episcopi
1254 4558 1472 4622 Transsiluani
1501 4563 1534 4622 et
1566 4556 1697 4641 capituli

294 4664 437 4728 eiusdem
467 4663 618 4728 eeclesiae
647 4684 684 4727 ac
715 4665 750 4728 in
779 4665 950 4729 concordia
979 4664 1062 4728 faeta
1092 4664 1176 4727 inter
1203 4663 1291 4746 ipsos
1312 4666 1405 4746 pacto
1432 4679 1490 4725 seu
1513 4660 1696 4724 conditione

224 4773 258 4828 35
294 4767 513 4833 intervenisse.
558 4768 603 4832 Ut
633 4768 709 4851 quia
737 4769 799 4852 ipsi
828 4768 955 4853 plebani
985 4786 1102 4832 census
1131 4767 1192 4850 ipsi
1223 4765 1361 4850 capitulo
1392 4764 1529 4829 deruis
1555 4764 1697 4828 ecclesiis

295 4871 418 4936 debitos
440 4872 503 4934 iam
525 4890 584 4956 per
606 4880 745 4954 quatuor
767 4892 869 4937 annos
883 4876 1054 4957 praetextu
1070 4869 1237 4934 cuiusdam
1251 4867 1471 4953 appellationis
1494 4868 1697 4932 detinuerant

294 4980 327 5041 et
355 4975 559 5059 detinuerint,
594 4975 649 5058 qui
679 4976 764 5040 iacta
792 4978 914 5041 ratione
944 4975 1098 5040 ducentas
1128 4981 1161 5039 et
1190 4974 1303 5058 viginti
1333 4990 1455 5036 marcas
1485 4970 1542 5035 fini
1573 4972 1697 5055 argenti

294 5080 444 5164 ponderis
465 5079 625 5144 Budensis
647 5078 814 5161 iaciebant
836 5080 897 5164 ipsi
920 5080 1040 5143 domini
1062 5079 1101 5143 de
1123 5078 1262 5163 capitulo
1286 5076 1436 5142 ecclesiae
1454 5075 1696 5140 Transsiluanae

294 5184 496 5248 medietatem
517 5181 697 5267 praedictae
720 5200 864 5246 summae
886 5182 1035 5247 videlicet
1056 5187 1185 5247 centum
1211 5189 1244 5246 et
1266 5181 1375 5245 decem
1399 5199 1520 5243 marcas
1541 5178 1619 5263 ipsis
1642 5178 1696 5243 de·

224 5293 261 5349 40
296 5289 385 5353 canis
406 5289 543 5371 gratiose
566 5286 764 5351 relaxassent
786 5292 819 5350 et
839 5286 926 5370 ipsos
947 5285 1103 5368 imprimis
1125 5290 1254 5348 centum
1276 5289 1309 5348 et
1331 5283 1440 5348 decem
1462 5302 1585 5347 marcas
1607 5282 1696 5365 quie-

296 5396 418 5456 tassent
439 5396 472 5456 et
500 5390 561 5475 ipsi
587 5394 810 5474 procuratores
841 5389 970 5453 nomine
999 5387 1131 5471 capituli
1163 5406 1269 5451 coram
1303 5386 1396 5450 nobis
1428 5386 1515 5470 ipsos
1543 5384 1696 5469 plebanos

296 5493 500 5576 quietamnt3
532 5491 687 5575 reliquam
709 5511 787 5557 roro
809 5496 932 5577 partem
955 5490 1104 5555 videlicet
1124 5495 1253 5556 centum
1277 5494 1309 5555 et
1330 5483 1439 5555 decem
1462 5507 1584 5553 marcas
1605 5507 1696 5572 prae-

1543 5605 1593 5663 28*
