4048 6284
1020 618 1059 681 15

497 804 706 872 Draclr:Pray
724 803 926 872 5555555511,
944 806 1004 857 253.
1023 801 1139 856 Kolone
1158 801 1233 856 Η555.
1251 802 1312 856 erit.
1293 801 1362 869 V,
1381 806 1440 856 171.
1459 799 1589 855 55555555·
1606 799 1739 855 5555556.

445 891 577 959 3555555
589 889 725 959 Supplem.
744 893 804 944 405
822 889 902 945 Kosa
919 890 964 943 Dc
977 889 1093 957 publico
1111 888 1323 942 administrati.
1344 888 1430 953 Fejlr
1445 887 1535 942 Codex
1552 887 1616 953 ΙΙΙ,
1636 893 1660 954 1,
1680 890 1738 942 145.

446 976 561 1030 Bethlem
574 976 668 1031 (55555.
687 976 870 1045 1155555555
884 980 923 1031 77.
942 973 1065 1029 5555551155
1077 974 1180 1028 Arabio
1191 974 1218 1039 1,
1234 977 1295 1027 220.
1314 962 1496 1028 1555555555ἀὲ5
1511 990 1529 1026 5
1541 972 1620 1027 55555
1638 980 1739 1029 5555555

446 1063 591 1117 5555555555
610 1066 669 1115 140.
692 1062 804 1116 15555555
816 1059 1102 1117 51555555555555.
1120 1060 1203 1115 11555.
1216 1061 1242 1127 Ι,
1261 1064 1303 1112 11.
1325 1059 1440 1114 11555555
1457 1060 1536 1113 Mon.
1550 1059 1644 1129 Hunp.
1658 1059 1738 1127 1,12.

447 1148 630 1202 Demasiunu
649 1148 815 1202 Documenta
832 1151 874 1202 54.
894 1147 1056 1215 1555555559
1074 1146 1219 1214 Epistulae
1232 1145 1336 1213 pontif.
1356 1145 1434 1200 Rom.
1453 1146 1479 1213 Ι,
1497 1149 1540 1199 44.
1597 1142 1601 1151 ’
1774 1149 1792 1200 5

498 1268 685 1323 aracaeus:
703 1268 793 1323 5555
811 1267 886 1323 saar.
905 1267 1048 1322 ouante
1066 1268 1092 1335 1,
1110 1271 1135 1321 3.

500 1424 691 1489 Wilhelmus
703 1425 754 1489 dei
765 1425 1117 1508 grafiaTranssiluanus
1130 1425 1298 1508 episeopus
1309 1425 1468 1488 universis
1480 1425 1519 1486 ad
1533 1444 1614 1505 quos
1629 1424 1739 1489 literae

345 1534 529 1613 praesentes
558 1529 763 1611 pervenerint
792 1529 926 1592 salutem
950 1529 984 1591 in
1006 1546 1083 1590 vero
1106 1526 1244 1589 salutari.
1282 1525 1438 1602 Quoniam
1462 1527 1548 1589 viros
1577 1528 1740 1611 religiosos

345 1638 377 1696 et
398 1632 458 1696 soli
480 1632 539 1695 deo
571 1631 740 1695 militantes
770 1633 803 1694 in
827 1633 978 1715 amplexu
1008 1631 1156 1711 caritatis
1186 1630 1270 1693 sicut
1292 1630 1412 1693 iustum
1438 1636 1487 1694 est
1509 1637 1540 1695 et
1562 1632 1740 1714 honestum,

345 1754 456 1818 regere
472 1735 622 1798 volumus
637 1741 670 1798 et
681 1735 799 1815 fovere,
814 1736 885 1799 ideo
901 1735 994 1798 iustis
1005 1733 1273 1817 postulationibus
1284 1732 1417 1795 fratrum
1434 1734 1596 1817 hospitalis
1611 1741 1739 1800 sanctae
1775 1743 1810 1795 10

345 1837 465 1902 Mariae
488 1839 520 1901 in
543 1837 722 1901 Jerusalem
746 1839 785 1902 de
807 1840 900 1901 domo
915 1837 1160 1901 'l'eutonieorum
1177 1843 1356 1900 annuentes
1378 1838 1411 1898 in
1435 1842 1519 1899 terra
1542 1856 1624 1918 quae
1638 1838 1742 1901 Borza

345 1947 561 2025 nuncupatur,
586 1961 681 2022 quam
705 1962 838 2005 vacuam
862 1948 894 2005 et
915 1940 1119 2003 inhabitatam
1143 1959 1184 2002 ex
1207 1940 1293 2022 regia
1313 1940 1493 2022 donatione,
1517 1941 1612 2003 immo
1635 1942 1742 2024 potius

346 2046 474 2129 proprio
507 2045 661 2127 sanguine
692 2045 796 2128 adepti
827 2051 903 2108 sunt
933 2050 1006 2108 eta
1037 2043 1230 2125 quotidianis
1260 2062 1455 2125 paganorum
1488 2043 1665 2108 defendunt
1693 2045 1742 2107 in-

347 2147 494 2212 cursibus
510 2167 544 2211 se
560 2147 709 2211 omnibus
724 2147 872 2229 periculis
888 2147 1101 2227 subiicientes,
1124 2146 1163 2209 ab
1179 2146 1338 2209 universis
1353 2147 1496 2210 eiusdem
1511 2153 1614 2210 terrae
1629 2148 1742 2211 ineolis

347 2252 569 2335 praesentibus
580 2257 612 2314 ct
623 2249 879 2313 futurisliberam
887 2250 1080 2334 percipiendi
1093 2250 1231 2313 decimas
1242 2250 1361 2313 eisdem
1371 2250 1521 2314 iratribus
1533 2252 1572 2315 de
1584 2271 1742 2316 consensu
1779 2260 1812 2313 15

349 2355 479 2438 capituli
503 2354 604 2417 nostri
626 2354 843 2417 concessimus
866 2353 1057 2433 facultatem,
1081 2372 1118 2416 eo
1142 2360 1246 2417 tamen
1271 2360 1413 2437 excepto,
1437 2355 1574 2435 quodsi
1597 2354 1744 2437 Vngaros

347 2458 399 2521 vel
422 2457 547 2521 Siculos
569 2457 608 2519 ad
631 2456 747 2519 dictam
772 2463 886 2520 terram
910 2458 1044 2520 transire
1067 2455 1244 2538 contigerit,
1275 2456 1367 2519 nobis
1390 2462 1423 2521 et
1444 2459 1595 2522 ecelesiae
1617 2464 1744 2522 nostrae

347 2561 381 2623 in
405 2561 535 2624 decimis
557 2566 728 2624 teneantur
747 2559 947 2642 respondere.
970 2560 1192 2622 institutiones
1214 2560 1309 2621 etiam
1332 2560 1532 2625 sacerdotum
1555 2562 1588 2623 in
1604 2561 1744 2625 eeclesiis

347 2664 382 2727 in
405 2664 516 2728 eodem
532 2670 617 2727 terra
630 2662 833 2726 aedificandis
847 2663 1101 2745 praesentatione
1117 2669 1221 2726 tamen
1238 2682 1349 2726 eorum
1365 2663 1580 2727 Vitrasiluano
1597 2665 1744 2749 episeopo

350 2768 494 2831 iacienda
515 2767 615 2832 bbere
637 2765 856 2844 concedentes,
886 2766 931 2829 ita
952 2771 1068 2847 tamen,
1099 2768 1185 2848 quod
1209 2768 1439 2850 praenominati
1461 2768 1574 2831 iratres
1596 2767 1689 2831 nobis
1711 2775 1743 2832 et
1778 2776 1813 2831 20

351 2869 589 2933 successoribus
605 2870 730 2951 nostris
753 2870 781 2932 si
803 2870 842 2933 ad
863 2876 969 2953 partes
990 2869 1061 2933 illas
1083 2889 1142 2933 nos
1163 2871 1361 2953 contingeret
1382 2871 1549 2951 declinare,
1572 2892 1644 2935 cum
1660 2872 1744 2935 iusto

350 2978 382 3037 et
394 2974 548 3037 canonico
561 2973 814 3054 equitaturarum
827 2991 960 3036 numero
973 2972 1109 3036 debitam
1122 2974 1566 3057 exhibeantproonrationem,
1578 2994 1747 3038 causarum

353 3077 447 3140 etiam
463 3077 674 3140 criminalium
689 3076 828 3139 maxime
840 3095 960 3157 earum,
976 3095 1058 3157 quae
1073 3077 1112 3139 ad
1125 3078 1324 3142 sacerdotum
1337 3079 1498 3160 pertinent
1509 3078 1746 3161 depositionem,

353 3179 445 3243 nobis
460 3179 709 3243 iurisdictionem
722 3180 850 3262 penitus
867 3179 1092 3261 relinquentes.
1115 3181 1232 3244 Actum
1248 3180 1374 3264 publice
1386 3201 1470 3244 anno
1486 3181 1576 3244 verbi
1590 3182 1746 3245 incarnati

349 3282 526 3346 MCCXIII.
562 3283 788 3346 Praesentibus
810 3284 938 3346 domino
961 3283 1111 3347 Bertoldo
1135 3283 1300 3348 Colocensi
1322 3284 1566 3368 archiepiscopo,
1588 3284 1744 3348 Bollando
1780 3292 1814 3346 25

350 3386 530 3470 praeposito
545 3386 697 3468 Eudemi,
720 3386 851 3451 Nicolao
872 3386 986 3450 comite
1007 3385 1072 3449 filio
1088 3387 1204 3470 Borcy,
1227 3387 1357 3452 Orbatio
1373 3389 1488 3453 comite
1511 3394 1543 3451 et
1565 3388 1634 3453 aliis
1649 3407 1744 3471 quam

348 3489 505 3575 pluribus,
535 3490 756 3573 praesentibus
786 3491 880 3554 etiam
903 3490 1064 3554 canonicis
1086 3491 1281 3555 Albensibus
1303 3492 1442 3556 Roberto
1465 3497 1603 3573 cantore,
1632 3492 1745 3575 Egidio

349 3592 584 3673 archidiacono,
620 3594 769 3676 magistro
798 3592 923 3676 Rogero
957 3594 1191 3675 archidiacono,
1224 3593 1363 3676 Hugone
1393 3595 1626 3677 archidiacono,
1659 3595 1745 3660 Esau

350 3696 471 3759 domini
492 3695 710 3759 Transsiluani
733 3697 872 3781 episcopi
894 3697 1040 3760 iconomo
1063 3701 1096 3761 et
1116 3698 1238 3761 ceteris.

1014 3970 1080 4052 28.
1782 3996 1817 4051 ao

428 4129 559 4202 Rom
544 4154 593 4201 555
618 4129 775 4203 Laterum
800 4134 902 4202 1218
927 4129 1034 4223 April
1058 4136 1117 4221 12,
1144 4132 1254 4224 Pupst
1279 4132 1456 4205 Honorius
1483 4134 1561 4205 ΙΙΙ.
1590 4133 1748 4225 5555555555

351 4251 407 4323 dic
432 4249 596 4322 1151555555
622 4252 681 4323 des
701 4250 1016 4343 5555555555555
1029 4253 1192 4342 Bisobofs
1218 4250 1377 4325 Wilbclm
1401 4253 1468 4326 Nr.
1488 4257 1547 4325 27
1567 4277 1633 4328 oon
1649 4257 1748 4326 1213

344 4371 415 4459 sur
440 4370 506 4441 555
532 4369 714 4443 5555551555
746 4372 871 4477 05555.

509 4515 584 4585 0555.
603 4515 683 4585 Pers.
702 4516 892 4574 55555555ώί5
910 4519 1091 4589 1155555555.
1110 4519 1245 4573 3155555515
1263 4534 1302 4571 an
1319 4519 1482 4589 roa-pabor
1500 4519 1710 4576 5555555555.

506 4635 617 4690 Druck:
635 4635 758 4691 5555555
769 4638 872 4693 Archiv
884 4640 910 4707 1,
927 4643 987 4694 222.
1010 4639 1123 4693 rmum
1134 4656 1161 4694 5.
1176 4639 1337 4694 1555155555
1349 4638 1421 4693 5555.
1438 4640 1559 4708 115551,
1572 4644 1614 4695 12.
1638 4641 1747 4695 1555551
1781 4642 1816 4696 35

457 4720 521 4777 ooo.
534 4723 642 4791 Arpod.
655 4724 681 4791 Ι,
694 4728 753 4779 155.
776 4724 891 4779 11555555
902 4724 981 4779 Mon.
994 4724 1089 4794 11555.
1103 4725 1129 4792 Ι,
1143 4729 1184 4779 12.
1203 4725 1387 4780 1155555555
1398 4725 1565 4781 Documenta
1576 4729 1619 4781 63.
1637 4725 1746 4781 1555555

455 4808 799 4879 55551555555155555555Ι
820 4810 899 4866 Rom.
918 4812 944 4879 1,
962 4815 1005 4865 13.

506 4928 617 4998 muca:
637 4929 723 4997 555
737 4930 827 4986 caua
839 4932 902 5000 111,
921 4936 946 4999 1,
963 4934 1024 4986 555.
1042 4931 1202 5001 raptam
1214 4930 1305 4986 55555
1322 4931 1348 4998 5,
1365 4934 1392 4986 5.
1411 4930 1670 4988 eruderatum
1688 4937 1747 4988 rar.

454 5015 583 5070 555555
601 5014 719 5085 suaa
736 5017 790 5071 ur.
807 5021 886 5074 5555.

507 5171 673 5236 Honorius
695 5172 863 5257 episcopus
885 5194 998 5239 servus
1020 5193 1189 5239 servorum
1211 5174 1262 5238 dei
1288 5173 1423 5238 dilectus
1444 5174 1519 5240 filiis
1540 5176 1691 5260 magistro
1714 5184 1746 5242 et
1780 5183 1817 5238 40

353 5275 504 5339 trabibus
528 5274 691 5359 hospitalis
720 5283 848 5340 sanotae
870 5276 988 5341 Mariae
1009 5277 1257 5341 'santonicorum
1278 5277 1529 5341 Jerosolimitani
1558 5279 1692 5344 salutem
1715 5287 1748 5344 et

353 5378 557 5461 apostolicam
572 5378 834 5443 benedictionem.
858 5378 939 5442 Cum
954 5380 1080 5444 anobis
1095 5381 1214 5464 petitur
1230 5380 1315 5462 quod
1331 5381 1451 5445 iustum
1468 5386 1518 5446 est
1532 5387 1564 5446 et
1579 5382 1747 5447 honestum

353 5486 418 5543 tam
448 5481 542 5564 vigor
572 5482 742 5563 aequitatis
773 5501 868 5563 quam
899 5481 977 5544 ordo
1000 5483 1100 5565 exigit
1124 5483 1265 5565 rationis,
1294 5488 1332 5547 ut
1361 5484 1393 5547 id
1424 5503 1482 5567 por
1503 5484 1749 5549 sollicitudinem
