4086 6300
966 617 1030 678 413

294 822 371 867 suae
400 803 686 867 administrationis
716 805 848 869 idoneos
872 806 912 868 ad
935 807 1119 871 huiusmodi
1143 806 1282 871 officium
1306 807 1560 889 exsequendum,
1584 808 1695 889 quiin

293 907 438 991 partibus
468 906 606 989 Servius,
636 908 758 990 Rasiaa
789 908 973 991 Dalmatiae,
1005 911 1181 994 Orovatiae,
1204 911 1330 975 Bosnae
1352 916 1450 993 atque
1471 911 1584 974 Istriae
1607 916 1639 975 et
1661 912 1694 973 in

294 1012 615 1096 archiepiscopatibus
638 1012 824 1095 Duracensi,
851 1014 1066 1095 Antibarensi
1089 1015 1262 1098 Ragrrsinq
1293 1013 1470 1098 Spalatensi
1494 1018 1526 1077 et
1547 1014 1696 1078 Jadrensi

295 1120 328 1180 et
358 1114 537 1179 diocesibus
563 1117 631 1180 suis
654 1117 756 1180 dictae
778 1117 962 1200 provinciae
984 1117 1171 1182 Sclaveniae
1194 1118 1411 1200 inquisitionis
1434 1117 1574 1181 officium
1598 1137 1695 1202 super

243 1227 259 1279 5
295 1219 366 1284 labe
395 1219 556 1303 praedicta
586 1220 723 1285 debeant
744 1239 903 1303 exercere,
934 1227 966 1285 et
992 1241 1011 1284 a
1032 1221 1136 1305 longis
1160 1222 1356 1306 temporibus
1379 1224 1459 1286 citra
1480 1223 1594 1286 fratres
1617 1223 1693 1286 dicti

295 1323 417 1387 ordinis
439 1323 600 1387 Minorum
624 1324 766 1388 eiusdem
789 1325 972 1407 provinciae
992 1325 1179 1389 Sclaveniae
1202 1330 1418 1390 exercuerunt
1439 1326 1624 1388 huiusmodi
1646 1326 1695 1388 in-

296 1427 477 1509 quisitionis
507 1427 648 1491 officium
678 1429 712 1491 in
741 1428 885 1511 partibus
914 1431 1097 1494 memoratis
1119 1431 1212 1494 iuxta
1234 1430 1368 1494 formam
1391 1431 1437 1493 eis
1459 1428 1498 1492 ab
1521 1429 1695 1512 apostolica

295 1531 370 1596 sede
400 1551 583 1596 concessam
615 1532 789 1614 nullusque
819 1533 955 1597 alicuius
985 1533 1117 1598 alterius
1147 1534 1310 1617 religionis
1340 1534 1373 1596 in
1407 1533 1525 1597 eisdem
1551 1533 1696 1616 partibus

295 1636 478 1700 huiusmodi
490 1636 707 1718 inquisitionis
720 1636 861 1700 officium
874 1638 1029 1701 hactenus
1040 1639 1245 1703 consueverit
1256 1658 1415 1702 exercere.
1429 1637 1547 1701 Tamen
1560 1637 1695 1702 dilectus

231 1744 264 1798 10
299 1739 385 1804 filius
408 1739 543 1804 Mathias
566 1740 605 1803 de
621 1740 773 1823 Zagabn'a
789 1741 909 1804 ordinis
926 1742 1061 1804 iratrum
1076 1742 1344 1822 Praedicatorum‚
1368 1741 1457 1804 nulla
1472 1741 1511 1805 de
1526 1742 1695 1824 praedictis

294 1844 396 1908 literis
426 1864 484 1908 seu
513 1844 688 1928 privilegiis
718 1845 901 1908 huiusmodi
931 1864 1028 1928 super
1058 1846 1274 1931 inquisitionis
1300 1845 1405 1909 officio
1429 1847 1520 1910 dictis
1542 1846 1694 1910 iratribus

295 1948 416 2012 ordinis
438 1947 599 2012 Minorum
630 1968 649 2010 a
678 1944 759 2012 sede'
783 1948 925 2031 praelata
954 1950 1114 2013 concessis
1144 1950 1252 2014 habita
1274 1952 1444 2031 mentione,
1467 1969 1523 2032 per
1545 1967 1694 2032 suppres-

295 2052 417 2115 sionem
440 2052 584 2115 veritatis
608 2052 791 2116 huiusmodi
814 2053 969 2134 quasdam
991 2052 1099 2117 literas
1122 2054 1162 2117 ad
1185 2060 1225 2135 te,
1254 2054 1300 2117 fili
1321 2055 1418 2137 prior,
1441 2074 1460 2115 a
1482 2052 1573 2116 nobis
1595 2053 1695 2135 impe·

295 2156 400 2236 travit
422 2175 479 2239 per
502 2176 582 2237 quas
605 2156 662 2220 tibi
685 2156 838 2220 duximus
860 2156 1132 2240 committendum,
1155 2156 1240 2239 quod
1256 2158 1381 2239 aliquos
1397 2157 1436 2221 de
1451 2156 1603 2220 iratribus
1618 2156 1693 2220 dicti

226 2264 259 2317 15
294 2259 415 2323 ordinis
437 2259 696 2325 Praedicatorum
727 2261 833 2343 eligas,
866 2261 921 2342 qui
952 2261 986 2323 in
1009 2280 1107 2344 regno
1130 2260 1290 2344 Ungariae
1313 2260 1528 2342 inquisitionis
1551 2258 1692 2322 officium

294 2364 473 2447 praedictae
494 2365 660 2447 pravitatis
683 2371 854 2428 exerceant
876 2371 908 2428 et
930 2365 1058 2429 valeant
1080 2384 1229 2429 exercere
1248 2382 1440 2445 crucemque
1456 2368 1567 2426 contra
1582 2382 1693 2427 omnes

294 2467 528 2550 hansilranos,
550 2468 733 2533 Bosnenses
763 2473 795 2531 et
817 2467 1029 2549 Solanonicos,
1059 2469 1114 2550 qui
1144 2468 1293 2532 haeretici
1313 2467 1441 2550 fuerint,
1470 2468 1504 2530 in
1533 2468 1694 2550 praedicto

294 2590 393 2655 regno
410 2571 571 2655 Ungariae
594 2572 777 2655 praedicent
791 2579 823 2636 et
838 2572 966 2637 valeant
981 2572 1171 2656 praedicare.
1195 2574 1242 2635 Ac
1256 2573 1387 2654 insuper
1402 2592 1459 2654 per
1474 2572 1551 2636 alias
1566 2577 1693 2635 nostras

294 2674 403 2739 literas
433 2676 595 2739 carissimo
626 2677 659 2739 in
690 2676 814 2739 Christo
844 2675 909 2739 filio
940 2682 1049 2739 nostro
1080 2675 1193 2740 Carolo
1224 2675 1383 2758 Ungariae
1413 2677 1480 2759 regi
1509 2676 1626 2739 illustri
1658 2696 1695 2739 ac

226 2782 261 2837 20
295 2779 531 2843 venerabilibus
553 2778 705 2842 fratribus
729 2781 846 2843 nostris
869 2825 877 2842 .
902 2780 945 2857 .¹)
969 2780 1179 2863 Strigoniensi
1194 2788 1227 2843 et
1249 2823 1258 2841 .
1282 2779 1325 2857 J)
1342 2779 1508 2843 colocensi
1523 2780 1693 2863 archiepis·

295 2882 383 2966 copis
405 2901 582 2964 eorumque
605 2883 812 2966 suffraganeis
834 2888 866 2946 et
888 2884 958 2947 aliis
979 2884 1129 2967 praelatis
1151 2885 1183 2946 in
1207 2902 1305 2965 regno
1328 2883 1489 2966 Ungariae
1511 2883 1693 2947 constitutis

294 3006 420 3050 necnon
443 2988 551 3050 comiti
574 2986 734 3050 Salomoni
759 2986 798 3050 de
820 2987 936 3051 Brasso
960 2993 993 3051 et
1014 2988 1179 3051 nonnullis
1202 2987 1271 3050 aliis
1293 2985 1455 3049 nobilibus
1481 2986 1638 3069 Ungan'ae
1660 2993 1693 3050 et

294 3090 481 3155 Sclaveniae
505 3092 650 3156 dedimus
673 3092 707 3155 in
730 3092 895 3173 mandatis,
920 3092 1006 3174 quod
1026 3092 1145 3156 eisdem
1161 3089 1406 3172 inquisitoribus
1422 3090 1543 3154 ordinis
1558 3091 1693 3153 fratrum

294 3194 552 3259 Praedicatorum
568 3196 602 3258 in
617 3196 678 3258 hiis
693 3195 859 3276 auxilium,
882 3195 1051 3259 consilium
1067 3200 1099 3259 et
1114 3196 1256 3258 favorem
1271 3194 1465 3278 impendant
1488 3194 1569 3258 Cum
1585 3195 1693 3276 itaque

226 3302 259 3356 25
295 3311 423 3364 noemae
445 3301 633 3365 intentionis
655 3321 720 3365 non
743 3302 841 3365 fuerit
863 3321 922 3365 nec
945 3303 1071 3382 existat,
1099 3302 1316 3383 inquisitionis
1339 3299 1478 3363 officium
1501 3297 1582 3361 labis
1605 3317 1695 3381 prae·

294 3404 405 3485 dietae,
420 3424 478 3488 per
492 3405 599 3469 sedem
612 3405 745 3469 eandem
756 3405 878 3470 dudum
890 3425 1079 3469 concessum
1090 3405 1210 3469 eisdem
1225 3405 1376 3467 fratribus
1389 3404 1509 3468 ordinis
1521 3402 1692 3485 Minorum,

293 3510 326 3571 in
342 3508 485 3592 partibus
501 3529 598 3592 supra
612 3508 705 3572 dictis
720 3510 813 3573 dictis
828 3509 979 3572 iratribus
996 3508 1115 3571 ordinis
1130 3508 1388 3572 Praedicatorum
1409 3508 1615 3584 committere,
1639 3507 1688 3571 vel

294 3631 351 3695 per
365 3612 473 3676 literas
489 3617 613 3677 nostras
628 3614 797 3697 praedictis
813 3613 1056 3695 inquisitoribus
1077 3612 1151 3676 dicti
1168 3613 1289 3675 ordinis
1304 3612 1463 3675 Minorum
1488 3631 1585 3695 super
1607 3612 1691 3674 dicto

295 3715 400 3781 officio
423 3718 456 3779 in
478 3717 630 3800 praefatis
651 3718 824 3800 provinciis
847 3737 905 3781 seu
927 3717 1071 3800 partibus
1094 3717 1125 3778 in
1150 3718 1258 3798 aliquo
1282 3716 1443 3798 derogare,
1472 3734 1512 3778 ne
1535 3715 1690 3778 dictarum

224 3824 260 3877 30
293 3819 457 3884 literarum
480 3825 661 3884 nostrarum
684 3827 853 3904 praetextu
876 3822 996 3885 dictum
1020 3820 1170 3901 officium,
1193 3820 1279 3902 quod
1302 3820 1393 3901 absit,
1417 3819 1521 3882 valeat
1535 3817 1690 3901 impediri,

294 3924 352 3987 tibi
378 3944 415 3987 ac
437 3925 598 3988 universis
620 3929 652 3988 et
674 3924 810 4006 singulis
832 3925 985 3988 fratribus
1008 3925 1128 3988 ordinis
1151 3925 1247 3987 vestri
1271 3924 1451 4007 praedictae
1472 3922 1691 4004 inquisitionis

294 4027 433 4092 officium
457 4028 490 4090 in
514 4028 606 4091 dictis
628 4028 801 4111 provinciis
823 4048 881 4092 seu
900 4028 1053 4111 partibus,
1077 4048 1158 4110 quae
1174 4028 1207 4090 in
1223 4028 1315 4091 dictis
1330 4027 1504 4111 privilegiis
1520 4045 1576 4089 seu
1592 4026 1693 4089 literis

293 4133 473 4215 apostolicis
504 4132 596 4196 dictis
626 4132 778 4195 iratribus
800 4131 979 4195 Minoribus
1002 4133 1161 4195 concessis
1184 4131 1363 4213 specialiter
1385 4131 1620 4213 exprimuntur,
1642 4129 1692 4192 in·

295 4235 480 4299 terdicimus
503 4235 729 4316 exercendum,
752 4235 843 4299 vobis
866 4236 1053 4299 auctoritate
1076 4235 1291 4317 praesentium
1315 4235 1490 4298 districtius
1506 4233 1694 4315 inhibentes

224 4345 259 4397 35
294 4358 336 4402 ne
359 4339 398 4402 de
420 4339 581 4422 praedicto
605 4338 709 4402 officio
733 4340 766 4402 iu
788 4338 961 4423 provinciis
984 4345 1017 4402 et
1038 4339 1182 4421 partibus
1204 4359 1302 4421 supra
1325 4339 1417 4402 dictis
1440 4338 1472 4400 in
1489 4338 1581 4402 dictis
1595 4338 1694 4421 privi-

293 4442 384 4525 legiis
406 4462 465 4506 seu
487 4443 587 4507 literis
610 4444 768 4507 dictorum
789 4444 924 4506 fratrum
942 4442 1104 4506 Minorum
1127 4443 1289 4526 expressis
1304 4462 1363 4506 vos
1378 4443 1588 4506 intromittere
1604 4462 1694 4525 prae-

293 4548 436 4628 sumatis,
460 4547 538 4629 quin
561 4548 658 4610 immo
682 4565 746 4628 quo
769 4548 809 4610 ad
832 4547 1012 4630 provincias
1035 4553 1067 4611 et
1089 4553 1195 4630 partes
1218 4547 1395 4630 praedictas
1411 4548 1568 4629 praefatas
1584 4546 1691 4609 literas

295 4656 422 4715 nostras
443 4651 639 4734 superdicto
656 4651 760 4715 officio
776 4651 841 4732 tibi,
864 4652 1004 4734 praefate
1019 4640 1114 4734 prior,
1133 4651 1185 4715 vel
1200 4651 1270 4714 aliis
1286 4649 1543 4732 quibuscumque
1559 4650 1694 4713 directas

295 4773 492 4837 revocamus,
518 4775 681 4820 cassamus
703 4762 735 4819 ct
756 4756 917 4819 irritamus
940 4762 973 4819 et
996 4755 1116 4819 nullius
1138 4757 1275 4819 existere
1301 4754 1502 4818 decernimus
1528 4754 1693 4818 firmitatis.

224 4865 260 4917 40
294 4857 414 4922 Datum
436 4859 606 4941 Arinione,
628 4858 781 4924 Kalendis
802 4859 890 4940 Julii,
913 4879 997 4921 anno
1022 4860 1199 4923 undecimo.

449 5030 470 5097 ¹)
488 5028 643 5085 Bolealaca.

448 5116 470 5183 ¹)
487 5115 650 5169 Ladislaas.
