<?xml version="1.0" encoding="UTF-8"?>
<!DOCTYPE html PUBLIC "-//W3C//DTD XHTML 1.0 Transitional//EN"
    "http://www.w3.org/TR/xhtml1/DTD/xhtml1-transitional.dtd">
<html xmlns="http://www.w3.org/1999/xhtml" xml:lang="en" lang="en">
 <head>
  <title>
</title>
<meta http-equiv="Content-Type" content="text/html;charset=utf-8" />
  <meta name='ocr-system' content='tesseract 3.04.00' />
  <meta name='ocr-capabilities' content='ocr_page ocr_carea ocr_par ocr_line ocrx_word'/>
</head>
<body>
  <div class='ocr_page' id='page_1' title='image "./urkundenbuchzur00mlgoog_0100.png"; bbox 0 0 4064 6288; ppageno 0'>
   <div class='ocr_carea' id='block_1_1' title="bbox 931 564 972 628">
    <p class='ocr_par' dir='ltr' id='par_1_1' title="bbox 931 564 972 628">
     <span class='ocr_line' id='line_1_1' title="bbox 931 564 972 628; baseline 0 0"><span class='ocrx_word' id='word_1_1' title='bbox 931 564 972 628; x_wconf 88' lang='grc'>63</span> 
     </span>
    </p>
   </div>
   <div class='ocr_carea' id='block_1_2' title="bbox 357 750 1653 1148">
    <p class='ocr_par' dir='ltr' id='par_1_2' title="bbox 410 750 892 821">
     <span class='ocr_line' id='line_1_2' title="bbox 410 750 892 821; baseline -0.002 -15"><span class='ocrx_word' id='word_1_2' title='bbox 410 750 535 821; x_wconf 68' lang='lat' dir='ltr'>Regiam</span> <span class='ocrx_word' id='word_1_3' title='bbox 557 750 765 807; x_wconf 74' lang='lat' dir='ltr'>Vatibuniscbes</span> <span class='ocrx_word' id='word_1_4' title='bbox 782 751 892 806; x_wconf 71' lang='lat' dir='ltr'>Ardtm.</span> 
     </span>
    </p>

    <p class='ocr_par' dir='ltr' id='par_1_3' title="bbox 357 870 1653 1012">
     <span class='ocr_line' id='line_1_3' title="bbox 410 870 1653 941; baseline -0.001 -15"><span class='ocrx_word' id='word_1_5' title='bbox 410 872 522 926; x_wconf 71' lang='lat' dir='ltr'>Druck:</span> <span class='ocrx_word' id='word_1_6' title='bbox 542 871 659 926; x_wconf 48' lang='grc' dir='ltr'>Μήιον</span> <span class='ocrx_word' id='word_1_7' title='bbox 676 872 754 926; x_wconf 81' lang='lat' dir='ltr'>Mon.</span> <span class='ocrx_word' id='word_1_8' title='bbox 773 872 868 941; x_wconf 76' lang='lat' dir='ltr'>Huop.</span> <span class='ocrx_word' id='word_1_9' title='bbox 887 872 913 939; x_wconf 86' lang='grc' dir='ltr'>Ι,</span> <span class='ocrx_word' id='word_1_10' title='bbox 933 875 991 926; x_wconf 85' lang='grc'><em>139.</em></span> <span class='ocrx_word' id='word_1_11' title='bbox 1015 871 1124 927; x_wconf 72' lang='lat' dir='ltr'>Wesaeel</span> <span class='ocrx_word' id='word_1_12' title='bbox 1138 871 1203 925; x_wconf 79' lang='lat' dir='ltr'>(lod.</span> <span class='ocrx_word' id='word_1_13' title='bbox 1220 871 1328 939; x_wconf 79' lang='lat' dir='ltr'>Arpad.</span> <span class='ocrx_word' id='word_1_14' title='bbox 1346 871 1392 938; x_wconf 88' lang='grc' dir='ltr'>Π,</span> <span class='ocrx_word' id='word_1_15' title='bbox 1408 874 1451 924; x_wconf 76' lang='lat'>23.</span> <span class='ocrx_word' id='word_1_16' title='bbox 1470 870 1653 927; x_wconf 76' lang='lat' dir='ltr'>Densusiunu</span> 
     </span>
     <span class='ocr_line' id='line_1_4' title="bbox 357 958 601 1012; baseline 0 -1"><span class='ocrx_word' id='word_1_17' title='bbox 357 958 524 1012; x_wconf 69' lang='lat' dir='ltr'>Documenta</span> <span class='ocrx_word' id='word_1_18' title='bbox 542 962 601 1012; x_wconf 78' lang='lat'><strong><em>138.</em></strong></span> 
     </span>
    </p>

    <p class='ocr_par' dir='ltr' id='par_1_4' title="bbox 416 1077 1083 1148">
     <span class='ocr_line' id='line_1_5' title="bbox 416 1077 1083 1148; baseline -0.003 -15"><span class='ocrx_word' id='word_1_19' title='bbox 416 1078 639 1148; x_wconf 77' lang='lat' dir='ltr'>Uuoollatdadip:</span> <span class='ocrx_word' id='word_1_20' title='bbox 660 1077 764 1132; x_wconf 73' lang='lat' dir='ltr'>Kaous</span> <span class='ocrx_word' id='word_1_21' title='bbox 782 1078 962 1133; x_wconf 63' lang='lat' dir='ltr'>Mamm</span> <span class='ocrx_word' id='word_1_22' title='bbox 980 1078 1005 1144; x_wconf 86' lang='grc' dir='ltr'>Ι,</span> <span class='ocrx_word' id='word_1_23' title='bbox 1023 1082 1083 1133; x_wconf 81' lang='lat'><strong><em>312.</em></strong></span> 
     </span>
    </p>
   </div>
   <div class='ocr_carea' id='block_1_3' title="bbox 205 1199 990 1269">
    <p class='ocr_par' dir='ltr' id='par_1_5' title="bbox 205 1199 990 1269">
     <span class='ocr_line' id='line_1_6' title="bbox 205 1199 990 1269; baseline -0.003 -13"><span class='ocrx_word' id='word_1_24' title='bbox 205 1203 223 1256; x_wconf 81' lang='lat' dir='ltr'>b</span> <span class='ocrx_word' id='word_1_25' title='bbox 415 1199 526 1269; x_wconf 57' lang='lat' dir='ltr'>Reges&amp;</span> <span class='ocrx_word' id='word_1_26' title='bbox 544 1199 671 1254; x_wconf 80' lang='lat' dir='ltr'>Pottbast</span> <span class='ocrx_word' id='word_1_27' title='bbox 689 1200 806 1269; x_wconf 60' lang='lat' dir='ltr'>&amp;gestu</span> <span class='ocrx_word' id='word_1_28' title='bbox 823 1200 877 1254; x_wconf 80' lang='lat' dir='ltr'>Nr.</span> <span class='ocrx_word' id='word_1_29' title='bbox 896 1203 990 1254; x_wconf 77' lang='lat'><strong><em>10045.</em></strong></span> 
     </span>
    </p>
   </div>
   <div class='ocr_carea' id='block_1_4' title="bbox 189 1375 1656 2494">
    <p class='ocr_par' dir='ltr' id='par_1_6' title="bbox 256 1375 1654 1771">
     <span class='ocr_line' id='line_1_7' title="bbox 413 1375 1652 1461; baseline 0.001 -20"><span class='ocrx_word' id='word_1_30' title='bbox 413 1376 585 1461; x_wconf 73' lang='lat' dir='ltr'>Gregorius</span> <span class='ocrx_word' id='word_1_31' title='bbox 608 1377 776 1460; x_wconf 92' lang='lat' dir='ltr'>episcopus</span> <span class='ocrx_word' id='word_1_32' title='bbox 806 1426 934 1439; x_wconf 91' lang='grc'><strong>.....</strong></span> <span class='ocrx_word' id='word_1_33' title='bbox 964 1375 1139 1440; x_wconf 88' lang='lat' dir='ltr'>venerabili</span> <span class='ocrx_word' id='word_1_34' title='bbox 1169 1376 1259 1438; x_wconf 84' lang='lat' dir='ltr'>fratri</span> <span class='ocrx_word' id='word_1_35' title='bbox 1290 1419 1331 1438; x_wconf 86' lang='lat'>..</span> <span class='ocrx_word' id='word_1_36' title='bbox 1361 1376 1509 1460; x_wconf 90' lang='lat' dir='ltr'>episcopo</span> <span class='ocrx_word' id='word_1_37' title='bbox 1538 1377 1652 1442; x_wconf 84' lang='lat' dir='ltr'>Ourna-</span> 
     </span>
     <span class='ocr_line' id='line_1_8' title="bbox 257 1478 1653 1545; baseline 0 -1"><span class='ocrx_word' id='word_1_38' title='bbox 257 1500 372 1545; x_wconf 87' lang='lat' dir='ltr'>norum</span> <span class='ocrx_word' id='word_1_39' title='bbox 394 1486 426 1545; x_wconf 91' lang='lat' dir='ltr'>et</span> <span class='ocrx_word' id='word_1_40' title='bbox 448 1480 571 1544; x_wconf 87' lang='lat' dir='ltr'>dilectis</span> <span class='ocrx_word' id='word_1_41' title='bbox 599 1478 674 1544; x_wconf 87' lang='lat' dir='ltr'>filiis</span> <span class='ocrx_word' id='word_1_42' title='bbox 697 1525 705 1542; x_wconf 93' lang='lat'><strong>.</strong></span> <span class='ocrx_word' id='word_1_43' title='bbox 728 1523 738 1543; x_wconf 85' lang='lat'><strong>.</strong></span> <span class='ocrx_word' id='word_1_44' title='bbox 761 1481 800 1544; x_wconf 93' lang='lat' dir='ltr'>de</span> <span class='ocrx_word' id='word_1_45' title='bbox 822 1480 986 1544; x_wconf 79' lang='lat' dir='ltr'>Bethleem</span> <span class='ocrx_word' id='word_1_46' title='bbox 1008 1479 1244 1544; x_wconf 87' lang='lat' dir='ltr'>Uitrasilvanae</span> <span class='ocrx_word' id='word_1_47' title='bbox 1270 1478 1403 1543; x_wconf 89' lang='lat' dir='ltr'>diocesis</span> <span class='ocrx_word' id='word_1_48' title='bbox 1426 1484 1458 1543; x_wconf 94' lang='lat' dir='ltr'>et</span> <span class='ocrx_word' id='word_1_49' title='bbox 1488 1525 1497 1543; x_wconf 89' lang='lat'><strong>.</strong></span> <span class='ocrx_word' id='word_1_50' title='bbox 1520 1526 1529 1544; x_wconf 81' lang='grc'><strong>.</strong></span> <span class='ocrx_word' id='word_1_51' title='bbox 1553 1480 1653 1544; x_wconf 83' lang='lat' dir='ltr'>Cena-</span> 
     </span>
     <span class='ocr_line' id='line_1_9' title="bbox 257 1581 1653 1667; baseline -0.002 -19"><span class='ocrx_word' id='word_1_52' title='bbox 257 1584 357 1648; x_wconf 91' lang='lat' dir='ltr'>diensi</span> <span class='ocrx_word' id='word_1_53' title='bbox 380 1584 567 1667; x_wconf 88' lang='lat' dir='ltr'>praepositis</span> <span class='ocrx_word' id='word_1_54' title='bbox 589 1582 724 1646; x_wconf 88' lang='lat' dir='ltr'>salutem</span> <span class='ocrx_word' id='word_1_55' title='bbox 748 1631 846 1645; x_wconf 91' lang='grc'><em>.....</em></span> <span class='ocrx_word' id='word_1_56' title='bbox 869 1583 908 1646; x_wconf 89' lang='lat' dir='ltr'>In</span> <span class='ocrx_word' id='word_1_57' title='bbox 929 1583 1109 1667; x_wconf 86' lang='lat' dir='ltr'>praesentia</span> <span class='ocrx_word' id='word_1_58' title='bbox 1123 1581 1313 1646; x_wconf 82' lang='lat' dir='ltr'>venerabilis</span> <span class='ocrx_word' id='word_1_59' title='bbox 1335 1582 1442 1646; x_wconf 78' lang='lat' dir='ltr'>fratris</span> <span class='ocrx_word' id='word_1_60' title='bbox 1457 1583 1558 1646; x_wconf 85' lang='lat' dir='ltr'>nostri</span> <span class='ocrx_word' id='word_1_61' title='bbox 1580 1627 1589 1645; x_wconf 88' lang='lat'><strong>.</strong></span> <span class='ocrx_word' id='word_1_62' title='bbox 1614 1581 1653 1661; x_wconf 82' lang='lat'>.¹)</span> 
     </span>
     <span class='ocr_line' id='line_1_10' title="bbox 256 1684 1654 1771; baseline 0 -20"><span class='ocrx_word' id='word_1_63' title='bbox 256 1686 452 1751; x_wconf 89' lang='lat' dir='ltr'>Prenestrini</span> <span class='ocrx_word' id='word_1_64' title='bbox 474 1686 622 1771; x_wconf 89' lang='lat' dir='ltr'>episcopi,</span> <span class='ocrx_word' id='word_1_65' title='bbox 645 1686 723 1749; x_wconf 93' lang='lat' dir='ltr'>dum</span> <span class='ocrx_word' id='word_1_66' title='bbox 744 1686 778 1747; x_wconf 93' lang='lat' dir='ltr'>iu</span> <span class='ocrx_word' id='word_1_67' title='bbox 801 1685 945 1769; x_wconf 87' lang='lat' dir='ltr'>partibus</span> <span class='ocrx_word' id='word_1_68' title='bbox 960 1686 1120 1769; x_wconf 85' lang='lat' dir='ltr'>Ungariae</span> <span class='ocrx_word' id='word_1_69' title='bbox 1142 1685 1309 1769; x_wconf 82' lang='lat' dir='ltr'>legationis</span> <span class='ocrx_word' id='word_1_70' title='bbox 1331 1684 1434 1749; x_wconf 91' lang='lat' dir='ltr'>officio</span> <span class='ocrx_word' id='word_1_71' title='bbox 1456 1685 1654 1770; x_wconf 85' lang='lat' dir='ltr'>fungeretur,</span> 
     </span>
    </p>

    <p class='ocr_par' dir='ltr' id='par_1_7' title="bbox 189 1787 1656 2288">
     <span class='ocr_line' id='line_1_11' title="bbox 189 1787 1653 1873; baseline 0.004 -25"><span class='ocrx_word' id='word_1_72' title='bbox 189 1796 223 1850; x_wconf 93' lang='lat'>10</span> <span class='ocrx_word' id='word_1_73' title='bbox 258 1789 429 1854; x_wconf 79' lang='lat' dir='ltr'>venerabili</span> <span class='ocrx_word' id='word_1_74' title='bbox 444 1790 542 1854; x_wconf 80' lang='lat' dir='ltr'>fratre</span> <span class='ocrx_word' id='word_1_75' title='bbox 556 1795 667 1853; x_wconf 90' lang='lat' dir='ltr'>nostro</span> <span class='ocrx_word' id='word_1_76' title='bbox 682 1833 692 1852; x_wconf 87' lang='lat'><strong>.</strong></span> <span class='ocrx_word' id='word_1_77' title='bbox 708 1788 747 1865; x_wconf 56' lang='lat' dir='ltr'>st)</span> <span class='ocrx_word' id='word_1_78' title='bbox 763 1791 910 1872; x_wconf 90' lang='lat' dir='ltr'>episcopo</span> <span class='ocrx_word' id='word_1_79' title='bbox 923 1788 1138 1853; x_wconf 88' lang='lat' dir='ltr'>Ultrasilvano</span> <span class='ocrx_word' id='word_1_80' title='bbox 1154 1794 1266 1851; x_wconf 90' lang='lat' dir='ltr'>contra</span> <span class='ocrx_word' id='word_1_81' title='bbox 1279 1787 1418 1852; x_wconf 88' lang='lat' dir='ltr'>Leonem</span> <span class='ocrx_word' id='word_1_82' title='bbox 1433 1789 1473 1853; x_wconf 91' lang='lat' dir='ltr'>de</span> <span class='ocrx_word' id='word_1_83' title='bbox 1487 1788 1653 1873; x_wconf 90' lang='lat' dir='ltr'>Dubucha,</span> 
     </span>
     <span class='ocr_line' id='line_1_12' title="bbox 258 1891 1654 1994; baseline 0.001 -37"><span class='ocrx_word' id='word_1_84' title='bbox 258 1892 437 1957; x_wconf 84' lang='lat' dir='ltr'>Gotlridum</span> <span class='ocrx_word' id='word_1_85' title='bbox 461 1893 500 1957; x_wconf 94' lang='lat' dir='ltr'>de</span> <span class='ocrx_word' id='word_1_86' title='bbox 518 1895 615 1974; x_wconf 86' lang='lat' dir='ltr'>Aqua</span> <span class='ocrx_word' id='word_1_87' title='bbox 637 1891 746 1974; x_wconf 86' lang='lat' dir='ltr'>calida,</span> <span class='ocrx_word' id='word_1_88' title='bbox 761 1891 929 1956; x_wconf 78' lang='lat' dir='ltr'>Nicolaum</span> <span class='ocrx_word' id='word_1_89' title='bbox 950 1893 991 1956; x_wconf 92' lang='lat' dir='ltr'>de</span> <span class='ocrx_word' id='word_1_90' title='bbox 1006 1891 1226 1973; x_wconf 86' lang='lat' dir='ltr'>(lormosbueh,</span> <span class='ocrx_word' id='word_1_91' title='bbox 1242 1891 1424 1955; x_wconf 79' lang='lat' dir='ltr'>Gouradum</span> <span class='ocrx_word' id='word_1_92' title='bbox 1447 1892 1486 1957; x_wconf 93' lang='lat' dir='ltr'>de</span> <span class='ocrx_word' id='word_1_93' title='bbox 1501 1893 1654 1994; x_wconf 57' lang='lat' dir='ltr'>Venetiis,</span> 
     </span>
     <span class='ocr_line' id='line_1_13' title="bbox 258 1994 1655 2079; baseline 0.001 -18"><span class='ocrx_word' id='word_1_94' title='bbox 258 1996 458 2061; x_wconf 88' lang='lat' dir='ltr'>Beruardum</span> <span class='ocrx_word' id='word_1_95' title='bbox 475 1997 514 2061; x_wconf 94' lang='lat' dir='ltr'>de</span> <span class='ocrx_word' id='word_1_96' title='bbox 528 1994 667 2079; x_wconf 77' lang='lat' dir='ltr'>Hebron,</span> <span class='ocrx_word' id='word_1_97' title='bbox 681 1995 904 2060; x_wconf 91' lang='lat' dir='ltr'>Hermannum</span> <span class='ocrx_word' id='word_1_98' title='bbox 919 2001 951 2058; x_wconf 93' lang='lat' dir='ltr'>et</span> <span class='ocrx_word' id='word_1_99' title='bbox 966 1994 1135 2059; x_wconf 86' lang='lat' dir='ltr'>Gerlaeum</span> <span class='ocrx_word' id='word_1_100' title='bbox 1150 1995 1329 2059; x_wconf 87' lang='lat' dir='ltr'>sacerdotes</span> <span class='ocrx_word' id='word_1_101' title='bbox 1352 1996 1390 2059; x_wconf 93' lang='lat' dir='ltr'>de</span> <span class='ocrx_word' id='word_1_102' title='bbox 1406 1994 1534 2060; x_wconf 82' lang='lat' dir='ltr'>Sarcam</span> <span class='ocrx_word' id='word_1_103' title='bbox 1548 1998 1655 2062; x_wconf 80' lang='lat' dir='ltr'>Ultra-</span> 
     </span>
     <span class='ocr_line' id='line_1_14' title="bbox 260 2097 1655 2183; baseline 0.001 -20"><span class='ocrx_word' id='word_1_104' title='bbox 260 2100 399 2164; x_wconf 75' lang='lat' dir='ltr'>silvanae</span> <span class='ocrx_word' id='word_1_105' title='bbox 422 2100 565 2182; x_wconf 79' lang='lat' dir='ltr'>dionesie,</span> <span class='ocrx_word' id='word_1_106' title='bbox 594 2105 632 2163; x_wconf 89' lang='lat' dir='ltr'>ut</span> <span class='ocrx_word' id='word_1_107' title='bbox 658 2099 743 2163; x_wconf 88' lang='lat' dir='ltr'>idem</span> <span class='ocrx_word' id='word_1_108' title='bbox 765 2100 933 2183; x_wconf 84' lang='lat' dir='ltr'>episcopus</span> <span class='ocrx_word' id='word_1_109' title='bbox 960 2097 1128 2178; x_wconf 77' lang='lat' dir='ltr'>asserebat,</span> <span class='ocrx_word' id='word_1_110' title='bbox 1157 2098 1335 2181; x_wconf 85' lang='lat' dir='ltr'>deponente</span> <span class='ocrx_word' id='word_1_111' title='bbox 1358 2118 1455 2181; x_wconf 91' lang='lat' dir='ltr'>super</span> <span class='ocrx_word' id='word_1_112' title='bbox 1476 2099 1655 2165; x_wconf 90' lang='lat' dir='ltr'>obedientia</span> 
     </span>
     <span class='ocr_line' id='line_1_15' title="bbox 258 2201 1656 2288; baseline 0 -20"><span class='ocrx_word' id='word_1_113' title='bbox 258 2210 290 2268; x_wconf 90' lang='lat' dir='ltr'>et</span> <span class='ocrx_word' id='word_1_114' title='bbox 304 2205 483 2269; x_wconf 86' lang='lat' dir='ltr'>reverentia</span> <span class='ocrx_word' id='word_1_115' title='bbox 498 2203 725 2285; x_wconf 82' lang='lat' dir='ltr'>quaestionem,</span> <span class='ocrx_word' id='word_1_116' title='bbox 748 2203 888 2284; x_wconf 80' lang='lat' dir='ltr'>adquae</span> <span class='ocrx_word' id='word_1_117' title='bbox 910 2201 970 2265; x_wconf 92' lang='lat' dir='ltr'>sibi</span> <span class='ocrx_word' id='word_1_118' title='bbox 992 2201 1197 2285; x_wconf 88' lang='lat' dir='ltr'>praestandas</span> <span class='ocrx_word' id='word_1_119' title='bbox 1223 2220 1278 2265; x_wconf 92' lang='lat' dir='ltr'>eos</span> <span class='ocrx_word' id='word_1_120' title='bbox 1300 2202 1506 2266; x_wconf 90' lang='lat' dir='ltr'>condemnari</span> <span class='ocrx_word' id='word_1_121' title='bbox 1527 2204 1656 2288; x_wconf 89' lang='lat' dir='ltr'>petebat</span> 
     </span>
    </p>

    <p class='ocr_par' dir='ltr' id='par_1_8' title="bbox 192 2304 1656 2494">
     <span class='ocr_line' id='line_1_16' title="bbox 192 2304 1655 2390; baseline 0.004 -26"><span class='ocrx_word' id='word_1_122' title='bbox 192 2315 225 2365; x_wconf 87' lang='lat'>15</span> <span class='ocrx_word' id='word_1_123' title='bbox 259 2307 441 2390; x_wconf 87' lang='lat' dir='ltr'>petitorium</span> <span class='ocrx_word' id='word_1_124' title='bbox 470 2306 666 2387; x_wconf 84' lang='lat' dir='ltr'>intentando,</span> <span class='ocrx_word' id='word_1_125' title='bbox 696 2312 729 2368; x_wconf 89' lang='lat' dir='ltr'>et</span> <span class='ocrx_word' id='word_1_126' title='bbox 754 2305 811 2369; x_wconf 90' lang='lat' dir='ltr'>lite</span> <span class='ocrx_word' id='word_1_127' title='bbox 840 2325 937 2389; x_wconf 89' lang='lat' dir='ltr'>snper</span> <span class='ocrx_word' id='word_1_128' title='bbox 966 2305 1026 2368; x_wconf 90' lang='lat' dir='ltr'>hiis</span> <span class='ocrx_word' id='word_1_129' title='bbox 1056 2324 1162 2368; x_wconf 88' lang='lat' dir='ltr'>coram</span> <span class='ocrx_word' id='word_1_130' title='bbox 1191 2324 1228 2369; x_wconf 90' lang='lat' dir='ltr'>eu</span> <span class='ocrx_word' id='word_1_131' title='bbox 1255 2304 1395 2388; x_wconf 84' lang='lat' dir='ltr'>legitime</span> <span class='ocrx_word' id='word_1_132' title='bbox 1425 2312 1602 2371; x_wconf 86' lang='lat' dir='ltr'>contestata</span> <span class='ocrx_word' id='word_1_133' title='bbox 1623 2313 1655 2372; x_wconf 92' lang='lat' dir='ltr'>et</span> 
     </span>
     <span class='ocr_line' id='line_1_17' title="bbox 259 2409 1656 2494; baseline 0.001 -21"><span class='ocrx_word' id='word_1_134' title='bbox 259 2411 393 2494; x_wconf 84' lang='lat' dir='ltr'>receptis</span> <span class='ocrx_word' id='word_1_135' title='bbox 426 2410 561 2475; x_wconf 90' lang='lat' dir='ltr'>testibus</span> <span class='ocrx_word' id='word_1_136' title='bbox 594 2410 668 2472; x_wconf 91' lang='lat' dir='ltr'>hinc</span> <span class='ocrx_word' id='word_1_137' title='bbox 700 2410 774 2473; x_wconf 93' lang='lat' dir='ltr'>inde</span> <span class='ocrx_word' id='word_1_138' title='bbox 804 2409 976 2493; x_wconf 84' lang='lat' dir='ltr'>productis,</span> <span class='ocrx_word' id='word_1_139' title='bbox 1006 2409 1089 2473; x_wconf 91' lang='lat' dir='ltr'>idem</span> <span class='ocrx_word' id='word_1_140' title='bbox 1118 2409 1242 2491; x_wconf 87' lang='lat' dir='ltr'>legatus</span> <span class='ocrx_word' id='word_1_141' title='bbox 1272 2413 1445 2490; x_wconf 90' lang='lat' dir='ltr'>antequam</span> <span class='ocrx_word' id='word_1_142' title='bbox 1478 2409 1656 2493; x_wconf 90' lang='lat' dir='ltr'>imponeret</span> 
     </span>
    </p>
   </div>
   <div class='ocr_carea' id='block_1_5' title="bbox 192 2511 1657 3011">
    <p class='ocr_par' dir='ltr' id='par_1_9' title="bbox 192 2511 1657 3011">
     <span class='ocr_line' id='line_1_18' title="bbox 258 2511 1656 2597; baseline 0.001 -22"><span class='ocrx_word' id='word_1_143' title='bbox 258 2511 354 2576; x_wconf 88' lang='lat' dir='ltr'>finem</span> <span class='ocrx_word' id='word_1_144' title='bbox 384 2514 521 2596; x_wconf 88' lang='lat' dir='ltr'>negotio,</span> <span class='ocrx_word' id='word_1_145' title='bbox 550 2513 590 2576; x_wconf 91' lang='lat' dir='ltr'>ad</span> <span class='ocrx_word' id='word_1_146' title='bbox 620 2513 728 2576; x_wconf 89' lang='lat' dir='ltr'>sedem</span> <span class='ocrx_word' id='word_1_147' title='bbox 757 2514 961 2596; x_wconf 89' lang='lat' dir='ltr'>apostolicam</span> <span class='ocrx_word' id='word_1_148' title='bbox 991 2519 1040 2577; x_wconf 91' lang='lat' dir='ltr'>est</span> <span class='ocrx_word' id='word_1_149' title='bbox 1070 2532 1228 2576; x_wconf 88' lang='lat' dir='ltr'>reversus.</span> <span class='ocrx_word' id='word_1_150' title='bbox 1272 2511 1536 2576; x_wconf 87' lang='lat' dir='ltr'>Procuratoribus</span> <span class='ocrx_word' id='word_1_151' title='bbox 1558 2513 1656 2597; x_wconf 89' lang='lat' dir='ltr'>igitur</span> 
     </span>
     <span class='ocr_line' id='line_1_19' title="bbox 259 2614 1655 2700; baseline 0.003 -22"><span class='ocrx_word' id='word_1_152' title='bbox 259 2616 397 2698; x_wconf 84' lang='lat' dir='ltr'>partium</span> <span class='ocrx_word' id='word_1_153' title='bbox 419 2621 548 2700; x_wconf 90' lang='lat' dir='ltr'>propter</span> <span class='ocrx_word' id='word_1_154' title='bbox 570 2617 630 2679; x_wconf 91' lang='lat' dir='ltr'>boc</span> <span class='ocrx_word' id='word_1_155' title='bbox 651 2616 686 2678; x_wconf 92' lang='lat' dir='ltr'>iu</span> <span class='ocrx_word' id='word_1_156' title='bbox 708 2620 818 2679; x_wconf 91' lang='lat' dir='ltr'>nostra</span> <span class='ocrx_word' id='word_1_157' title='bbox 838 2616 1018 2699; x_wconf 87' lang='lat' dir='ltr'>praesentia</span> <span class='ocrx_word' id='word_1_158' title='bbox 1039 2616 1230 2696; x_wconf 86' lang='lat' dir='ltr'>constitutis,</span> <span class='ocrx_word' id='word_1_159' title='bbox 1254 2615 1392 2678; x_wconf 90' lang='lat' dir='ltr'>eundem</span> <span class='ocrx_word' id='word_1_160' title='bbox 1413 2614 1655 2681; x_wconf 86' lang='lat' dir='ltr'>Prenestriuum</span> 
     </span>
     <span class='ocr_line' id='line_1_20' title="bbox 259 2718 1656 2802; baseline 0.003 -21"><span class='ocrx_word' id='word_1_161' title='bbox 259 2718 404 2783; x_wconf 87' lang='lat' dir='ltr'>dedimus</span> <span class='ocrx_word' id='word_1_162' title='bbox 426 2719 612 2783; x_wconf 80' lang='lat' dir='ltr'>auditorem.</span> <span class='ocrx_word' id='word_1_163' title='bbox 656 2718 745 2783; x_wconf 90' lang='lat' dir='ltr'>Idem</span> <span class='ocrx_word' id='word_1_164' title='bbox 775 2725 882 2783; x_wconf 89' lang='lat' dir='ltr'>autem</span> <span class='ocrx_word' id='word_1_165' title='bbox 911 2720 1048 2802; x_wconf 88' lang='lat' dir='ltr'>partium</span> <span class='ocrx_word' id='word_1_166' title='bbox 1079 2718 1257 2782; x_wconf 89' lang='lat' dir='ltr'>rationibus</span> <span class='ocrx_word' id='word_1_167' title='bbox 1286 2718 1456 2782; x_wconf 84' lang='lat' dir='ltr'>intellectis</span> <span class='ocrx_word' id='word_1_168' title='bbox 1478 2726 1510 2783; x_wconf 90' lang='lat' dir='ltr'>et</span> <span class='ocrx_word' id='word_1_169' title='bbox 1539 2721 1656 2785; x_wconf 89' lang='lat' dir='ltr'>auditis</span> 
     </span>
     <span class='ocr_line' id='line_1_21' title="bbox 192 2821 1655 2908; baseline 0.004 -25"><span class='ocrx_word' id='word_1_170' title='bbox 192 2828 227 2883; x_wconf 78' lang='lat'>20</span> <span class='ocrx_word' id='word_1_171' title='bbox 262 2841 344 2904; x_wconf 89' lang='lat' dir='ltr'>quae</span> <span class='ocrx_word' id='word_1_172' title='bbox 366 2822 497 2887; x_wconf 90' lang='lat' dir='ltr'>volnere</span> <span class='ocrx_word' id='word_1_173' title='bbox 525 2841 703 2906; x_wconf 87' lang='lat' dir='ltr'>proponere</span> <span class='ocrx_word' id='word_1_174' title='bbox 733 2842 839 2886; x_wconf 90' lang='lat' dir='ltr'>eoram</span> <span class='ocrx_word' id='word_1_175' title='bbox 867 2821 945 2905; x_wconf 89' lang='lat' dir='ltr'>ipso,</span> <span class='ocrx_word' id='word_1_176' title='bbox 972 2821 1150 2905; x_wconf 90' lang='lat' dir='ltr'>praedictos</span> <span class='ocrx_word' id='word_1_177' title='bbox 1180 2821 1362 2885; x_wconf 87' lang='lat' dir='ltr'>sacerdotes</span> <span class='ocrx_word' id='word_1_178' title='bbox 1383 2822 1485 2886; x_wconf 89' lang='lat' dir='ltr'>eidem</span> <span class='ocrx_word' id='word_1_179' title='bbox 1508 2825 1655 2908; x_wconf 89' lang='lat' dir='ltr'>episcopo</span> 
     </span>
     <span class='ocr_line' id='line_1_22' title="bbox 262 2924 1657 3011; baseline 0.003 -24"><span class='ocrx_word' id='word_1_180' title='bbox 262 2925 295 2987; x_wconf 90' lang='lat' dir='ltr'>in</span> <span class='ocrx_word' id='word_1_181' title='bbox 317 2924 486 3008; x_wconf 83' lang='lat' dir='ltr'>praedictis</span> <span class='ocrx_word' id='word_1_182' title='bbox 507 2944 564 3008; x_wconf 91' lang='lat' dir='ltr'>per</span> <span class='ocrx_word' id='word_1_183' title='bbox 586 2924 786 2988; x_wconf 88' lang='lat' dir='ltr'>diffinitivam</span> <span class='ocrx_word' id='word_1_184' title='bbox 810 2925 999 2989; x_wconf 88' lang='lat' dir='ltr'>sententiam</span> <span class='ocrx_word' id='word_1_185' title='bbox 1022 2924 1255 3007; x_wconf 79' lang='lat' dir='ltr'>condemnarit,</span> <span class='ocrx_word' id='word_1_186' title='bbox 1286 2944 1305 2986; x_wconf 88' lang='lat' dir='ltr'>a</span> <span class='ocrx_word' id='word_1_187' title='bbox 1328 2944 1393 3007; x_wconf 86' lang='lat' dir='ltr'>qna</span> <span class='ocrx_word' id='word_1_188' title='bbox 1414 2945 1487 2989; x_wconf 90' lang='lat' dir='ltr'>cum</span> <span class='ocrx_word' id='word_1_189' title='bbox 1510 2932 1657 3011; x_wconf 80' lang='lat' dir='ltr'>exparte</span> 
     </span>
    </p>
   </div>
   <div class='ocr_carea' id='block_1_6' title="bbox 194 3026 1664 5176">
    <p class='ocr_par' dir='ltr' id='par_1_10' title="bbox 194 3026 1664 5176">
     <span class='ocr_line' id='line_1_23' title="bbox 260 3026 1657 3111; baseline 0.002 -21"><span class='ocrx_word' id='word_1_190' title='bbox 260 3027 449 3091; x_wconf 89' lang='lat' dir='ltr'>venerabilis</span> <span class='ocrx_word' id='word_1_191' title='bbox 471 3029 577 3091; x_wconf 87' lang='lat' dir='ltr'>fratris</span> <span class='ocrx_word' id='word_1_192' title='bbox 595 3029 697 3091; x_wconf 84' lang='lat' dir='ltr'>nostri</span> <span class='ocrx_word' id='word_1_193' title='bbox 720 3074 728 3090; x_wconf 88' lang='lat'><strong>.</strong></span> <span class='ocrx_word' id='word_1_194' title='bbox 752 3027 791 3106; x_wconf 62' lang='grc'>,3)</span> <span class='ocrx_word' id='word_1_195' title='bbox 814 3028 1040 3111; x_wconf 89' lang='lat' dir='ltr'>archiepiscopi</span> <span class='ocrx_word' id='word_1_196' title='bbox 1061 3026 1288 3110; x_wconf 83' lang='lat' dir='ltr'>Strigonieusis</span> <span class='ocrx_word' id='word_1_197' title='bbox 1311 3028 1424 3092; x_wconf 86' lang='lat' dir='ltr'>luisset</span> <span class='ocrx_word' id='word_1_198' title='bbox 1446 3029 1486 3092; x_wconf 87' lang='lat' dir='ltr'>ad</span> <span class='ocrx_word' id='word_1_199' title='bbox 1514 3035 1657 3093; x_wconf 88' lang='lat' dir='ltr'>nostram</span> 
     </span>
     <span class='ocr_line' id='line_1_24' title="bbox 260 3130 1657 3216; baseline 0.001 -22"><span class='ocrx_word' id='word_1_200' title='bbox 260 3131 453 3195; x_wconf 91' lang='lat' dir='ltr'>audientiam</span> <span class='ocrx_word' id='word_1_201' title='bbox 475 3131 677 3216; x_wconf 86' lang='lat' dir='ltr'>appellatum,</span> <span class='ocrx_word' id='word_1_202' title='bbox 700 3150 759 3195; x_wconf 91' lang='lat' dir='ltr'>nos</span> <span class='ocrx_word' id='word_1_203' title='bbox 781 3132 931 3214; x_wconf 90' lang='lat' dir='ltr'>magistro</span> <span class='ocrx_word' id='word_1_204' title='bbox 954 3130 1056 3194; x_wconf 84' lang='lat' dir='ltr'>Albeo</span> <span class='ocrx_word' id='word_1_205' title='bbox 1080 3150 1139 3194; x_wconf 91' lang='lat' dir='ltr'>suo</span> <span class='ocrx_word' id='word_1_206' title='bbox 1163 3136 1194 3194; x_wconf 88' lang='lat' dir='ltr'>et</span> <span class='ocrx_word' id='word_1_207' title='bbox 1208 3130 1237 3194; x_wconf 85' lang='lat' dir='ltr'>J.</span> <span class='ocrx_word' id='word_1_208' title='bbox 1253 3132 1474 3195; x_wconf 86' lang='lat' dir='ltr'>archidiacono</span> <span class='ocrx_word' id='word_1_209' title='bbox 1497 3132 1536 3196; x_wconf 93' lang='lat' dir='ltr'>de</span> <span class='ocrx_word' id='word_1_210' title='bbox 1557 3132 1657 3196; x_wconf 78' lang='lat' dir='ltr'>Tilled</span> 
     </span>
     <span class='ocr_line' id='line_1_25' title="bbox 259 3233 1657 3319; baseline 0 -21"><span class='ocrx_word' id='word_1_211' title='bbox 259 3235 357 3319; x_wconf 88' lang='lat' dir='ltr'>partis</span> <span class='ocrx_word' id='word_1_212' title='bbox 378 3236 511 3300; x_wconf 88' lang='lat' dir='ltr'>alterins</span> <span class='ocrx_word' id='word_1_213' title='bbox 533 3233 792 3318; x_wconf 86' lang='lat' dir='ltr'>procuratoribus</span> <span class='ocrx_word' id='word_1_214' title='bbox 822 3235 906 3317; x_wconf 90' lang='lat' dir='ltr'>apud</span> <span class='ocrx_word' id='word_1_215' title='bbox 929 3234 1037 3297; x_wconf 90' lang='lat' dir='ltr'>sedem</span> <span class='ocrx_word' id='word_1_216' title='bbox 1059 3234 1263 3316; x_wconf 89' lang='lat' dir='ltr'>apostolicam</span> <span class='ocrx_word' id='word_1_217' title='bbox 1293 3236 1483 3316; x_wconf 89' lang='lat' dir='ltr'>constitutis,</span> <span class='ocrx_word' id='word_1_218' title='bbox 1506 3234 1657 3300; x_wconf 90' lang='lat' dir='ltr'>dilectum</span> 
     </span>
     <span class='ocr_line' id='line_1_26' title="bbox 194 3336 1658 3403; baseline 0.003 -4"><span class='ocrx_word' id='word_1_219' title='bbox 194 3344 227 3399; x_wconf 78' lang='lat'>25</span> <span class='ocrx_word' id='word_1_220' title='bbox 259 3336 361 3402; x_wconf 91' lang='lat' dir='ltr'>filium</span> <span class='ocrx_word' id='word_1_221' title='bbox 382 3344 529 3402; x_wconf 89' lang='lat' dir='ltr'>nostrum</span> <span class='ocrx_word' id='word_1_222' title='bbox 553 3337 589 3401; x_wconf 92' lang='grc' dir='ltr'>Ο.</span> <span class='ocrx_word' id='word_1_223' title='bbox 613 3338 714 3401; x_wconf 90' lang='lat' dir='ltr'>sancti</span> <span class='ocrx_word' id='word_1_224' title='bbox 735 3336 858 3401; x_wconf 91' lang='lat' dir='ltr'>Nicolai</span> <span class='ocrx_word' id='word_1_225' title='bbox 881 3339 913 3400; x_wconf 91' lang='lat' dir='ltr'>in</span> <span class='ocrx_word' id='word_1_226' title='bbox 944 3355 1070 3401; x_wconf 89' lang='lat' dir='ltr'>carcere</span> <span class='ocrx_word' id='word_1_227' title='bbox 1091 3336 1236 3400; x_wconf 59' lang='lat' dir='ltr'>Urliiano</span> <span class='ocrx_word' id='word_1_228' title='bbox 1267 3337 1436 3402; x_wconf 89' lang='lat' dir='ltr'>diaconum</span> <span class='ocrx_word' id='word_1_229' title='bbox 1466 3339 1658 3403; x_wconf 84' lang='lat' dir='ltr'>cardinalem</span> 
     </span>
     <span class='ocr_line' id='line_1_27' title="bbox 260 3440 1658 3525; baseline 0.005 -23"><span class='ocrx_word' id='word_1_230' title='bbox 260 3441 436 3505; x_wconf 87' lang='lat' dir='ltr'>auditorem</span> <span class='ocrx_word' id='word_1_231' title='bbox 452 3441 605 3505; x_wconf 81' lang='lat' dir='ltr'>duximus</span> <span class='ocrx_word' id='word_1_232' title='bbox 622 3440 870 3521; x_wconf 88' lang='lat' dir='ltr'>concedendum,</span> <span class='ocrx_word' id='word_1_233' title='bbox 893 3460 999 3503; x_wconf 87' lang='lat' dir='ltr'>coram</span> <span class='ocrx_word' id='word_1_234' title='bbox 1016 3459 1080 3522; x_wconf 91' lang='lat' dir='ltr'>quo</span> <span class='ocrx_word' id='word_1_235' title='bbox 1104 3441 1254 3523; x_wconf 84' lang='lat' dir='ltr'>magister</span> <span class='ocrx_word' id='word_1_236' title='bbox 1272 3442 1439 3525; x_wconf 87' lang='lat' dir='ltr'>proposuit</span> <span class='ocrx_word' id='word_1_237' title='bbox 1456 3448 1658 3523; x_wconf 71' lang='lat' dir='ltr'>memoratus</span> 
     </span>
     <span class='ocr_line' id='line_1_28' title="bbox 261 3537 1657 3630; baseline 0.002 -23"><span class='ocrx_word' id='word_1_238' title='bbox 261 3545 464 3626; x_wconf 89' lang='lat' dir='ltr'>praemissam</span> <span class='ocrx_word' id='word_1_239' title='bbox 487 3547 678 3608; x_wconf 87' lang='lat' dir='ltr'>seutentiam</span> <span class='ocrx_word' id='word_1_240' title='bbox 700 3546 734 3607; x_wconf 89' lang='lat' dir='ltr'>in</span> <span class='ocrx_word' id='word_1_241' title='bbox 757 3564 853 3627; x_wconf 86' lang='lat' dir='ltr'>grave</span> <span class='ocrx_word' id='word_1_242' title='bbox 875 3545 976 3627; x_wconf 91' lang='lat' dir='ltr'>ipsius</span> <span class='ocrx_word' id='word_1_243' title='bbox 993 3537 1220 3627; x_wconf 87' lang='lat' dir='ltr'>archiepiscopi</span> <span class='ocrx_word' id='word_1_244' title='bbox 1242 3551 1274 3608; x_wconf 91' lang='lat' dir='ltr'>et</span> <span class='ocrx_word' id='word_1_245' title='bbox 1296 3544 1447 3608; x_wconf 88' lang='lat' dir='ltr'>ecclesiae</span> <span class='ocrx_word' id='word_1_246' title='bbox 1468 3564 1545 3609; x_wconf 90' lang='lat' dir='ltr'>snae</span> <span class='ocrx_word' id='word_1_247' title='bbox 1566 3565 1657 3630; x_wconf 89' lang='lat' dir='ltr'>prae-</span> 
     </span>
     <span class='ocr_line' id='line_1_29' title="bbox 261 3645 1658 3729; baseline 0.003 -22"><span class='ocrx_word' id='word_1_248' title='bbox 261 3645 413 3709; x_wconf 87' lang='lat' dir='ltr'>iudicium</span> <span class='ocrx_word' id='word_1_249' title='bbox 437 3665 506 3709; x_wconf 89' lang='lat' dir='ltr'>esse</span> <span class='ocrx_word' id='word_1_250' title='bbox 528 3646 633 3729; x_wconf 86' lang='lat' dir='ltr'>latam,</span> <span class='ocrx_word' id='word_1_251' title='bbox 656 3667 730 3710; x_wconf 91' lang='lat' dir='ltr'>cum</span> <span class='ocrx_word' id='word_1_252' title='bbox 752 3648 846 3711; x_wconf 90' lang='lat' dir='ltr'>iidem</span> <span class='ocrx_word' id='word_1_253' title='bbox 869 3647 1049 3711; x_wconf 86' lang='lat' dir='ltr'>sacerdotes</span> <span class='ocrx_word' id='word_1_254' title='bbox 1064 3646 1123 3709; x_wconf 90' lang='lat' dir='ltr'>sibi</span> <span class='ocrx_word' id='word_1_255' title='bbox 1146 3652 1179 3710; x_wconf 85' lang='lat' dir='ltr'>et</span> <span class='ocrx_word' id='word_1_256' title='bbox 1201 3646 1303 3710; x_wconf 91' lang='lat' dir='ltr'>eidem</span> <span class='ocrx_word' id='word_1_257' title='bbox 1326 3647 1477 3711; x_wconf 90' lang='lat' dir='ltr'>eeclesiae</span> <span class='ocrx_word' id='word_1_258' title='bbox 1498 3649 1568 3712; x_wconf 92' lang='lat' dir='ltr'>iure</span> <span class='ocrx_word' id='word_1_259' title='bbox 1591 3648 1658 3711; x_wconf 92' lang='lat' dir='ltr'>dio·</span> 
     </span>
     <span class='ocr_line' id='line_1_30' title="bbox 261 3749 1659 3833; baseline 0.003 -21"><span class='ocrx_word' id='word_1_260' title='bbox 261 3766 375 3812; x_wconf 86' lang='lat' dir='ltr'>cesano</span> <span class='ocrx_word' id='word_1_261' title='bbox 400 3749 488 3813; x_wconf 89' lang='lat' dir='ltr'>nullo</span> <span class='ocrx_word' id='word_1_262' title='bbox 512 3750 615 3813; x_wconf 90' lang='lat' dir='ltr'>medic</span> <span class='ocrx_word' id='word_1_263' title='bbox 639 3752 703 3813; x_wconf 91' lang='lat' dir='ltr'>sint</span> <span class='ocrx_word' id='word_1_264' title='bbox 725 3750 868 3831; x_wconf 81' lang='lat' dir='ltr'>subiecti,</span> <span class='ocrx_word' id='word_1_265' title='bbox 883 3770 919 3813; x_wconf 90' lang='lat' dir='ltr'>ac</span> <span class='ocrx_word' id='word_1_266' title='bbox 941 3752 976 3813; x_wconf 92' lang='lat' dir='ltr'>iu</span> <span class='ocrx_word' id='word_1_267' title='bbox 998 3770 1110 3814; x_wconf 89' lang='lat' dir='ltr'>eorum</span> <span class='ocrx_word' id='word_1_268' title='bbox 1131 3751 1331 3833; x_wconf 87' lang='lat' dir='ltr'>possessione</span> <span class='ocrx_word' id='word_1_269' title='bbox 1354 3750 1406 3814; x_wconf 86' lang='lat' dir='ltr'>vel</span> <span class='ocrx_word' id='word_1_270' title='bbox 1422 3752 1513 3833; x_wconf 89' lang='lat' dir='ltr'>quasi</span> <span class='ocrx_word' id='word_1_271' title='bbox 1535 3751 1659 3816; x_wconf 88' lang='lat' dir='ltr'>subiec-</span> 
     </span>
     <span class='ocr_line' id='line_1_31' title="bbox 197 3852 1660 3937; baseline 0.003 -23"><span class='ocrx_word' id='word_1_272' title='bbox 197 3859 230 3913; x_wconf 80' lang='grc'>30</span> <span class='ocrx_word' id='word_1_273' title='bbox 264 3852 358 3915; x_wconf 88' lang='lat' dir='ltr'>tionis</span> <span class='ocrx_word' id='word_1_274' title='bbox 380 3852 476 3916; x_wconf 91' lang='lat' dir='ltr'>iidem</span> <span class='ocrx_word' id='word_1_275' title='bbox 498 3853 753 3936; x_wconf 87' lang='lat' dir='ltr'>archiepiscopus</span> <span class='ocrx_word' id='word_1_276' title='bbox 783 3860 815 3916; x_wconf 89' lang='lat' dir='ltr'>et</span> <span class='ocrx_word' id='word_1_277' title='bbox 837 3853 969 3918; x_wconf 88' lang='lat' dir='ltr'>eeclesia</span> <span class='ocrx_word' id='word_1_278' title='bbox 991 3856 1129 3918; x_wconf 83' lang='lat' dir='ltr'>existere</span> <span class='ocrx_word' id='word_1_279' title='bbox 1156 3854 1391 3937; x_wconf 83' lang='lat' dir='ltr'>dignoscantur,</span> <span class='ocrx_word' id='word_1_280' title='bbox 1415 3873 1513 3936; x_wconf 88' lang='lat' dir='ltr'>quare</span> <span class='ocrx_word' id='word_1_281' title='bbox 1536 3854 1660 3919; x_wconf 88' lang='lat' dir='ltr'>dicebat</span> 
     </span>
     <span class='ocr_line' id='line_1_32' title="bbox 262 3955 1660 4040; baseline 0.004 -23"><span class='ocrx_word' id='word_1_282' title='bbox 262 3955 484 4019; x_wconf 80' lang='lat' dir='ltr'>executionem</span> <span class='ocrx_word' id='word_1_283' title='bbox 513 3957 614 4039; x_wconf 89' lang='lat' dir='ltr'>ipsius</span> <span class='ocrx_word' id='word_1_284' title='bbox 644 3957 820 4021; x_wconf 88' lang='lat' dir='ltr'>sententiae</span> <span class='ocrx_word' id='word_1_285' title='bbox 849 3955 919 4020; x_wconf 86' lang='lat' dir='ltr'>fieri</span> <span class='ocrx_word' id='word_1_286' title='bbox 941 3977 1005 4021; x_wconf 91' lang='lat' dir='ltr'>non</span> <span class='ocrx_word' id='word_1_287' title='bbox 1030 3957 1154 4040; x_wconf 92' lang='lat' dir='ltr'>debere,</span> <span class='ocrx_word' id='word_1_288' title='bbox 1176 3977 1249 4021; x_wconf 90' lang='lat' dir='ltr'>eum</span> <span class='ocrx_word' id='word_1_289' title='bbox 1270 3976 1328 4040; x_wconf 93' lang='lat' dir='ltr'>per</span> <span class='ocrx_word' id='word_1_290' title='bbox 1351 3975 1420 4020; x_wconf 89' lang='lat' dir='ltr'>eam</span> <span class='ocrx_word' id='word_1_291' title='bbox 1442 3958 1494 4021; x_wconf 91' lang='lat' dir='ltr'>ius</span> <span class='ocrx_word' id='word_1_292' title='bbox 1516 3958 1660 4024; x_wconf 91' lang='lat' dir='ltr'>eiusdem</span> 
     </span>
     <span class='ocr_line' id='line_1_33' title="bbox 262 4057 1659 4146; baseline 0.001 -25"><span class='ocrx_word' id='word_1_293' title='bbox 262 4057 412 4122; x_wconf 87' lang='lat' dir='ltr'>ecclcsiae</span> <span class='ocrx_word' id='word_1_294' title='bbox 442 4078 507 4122; x_wconf 92' lang='lat' dir='ltr'>non</span> <span class='ocrx_word' id='word_1_295' title='bbox 540 4059 701 4122; x_wconf 89' lang='lat' dir='ltr'>modicum</span> <span class='ocrx_word' id='word_1_296' title='bbox 728 4059 886 4141; x_wconf 87' lang='lat' dir='ltr'>laedetur,</span> <span class='ocrx_word' id='word_1_297' title='bbox 915 4068 1122 4145; x_wconf 87' lang='lat' dir='ltr'>procuratore</span> <span class='ocrx_word' id='word_1_298' title='bbox 1150 4062 1250 4146; x_wconf 87' lang='lat' dir='ltr'>partis</span> <span class='ocrx_word' id='word_1_299' title='bbox 1290 4059 1421 4123; x_wconf 87' lang='lat' dir='ltr'>alterius</span> <span class='ocrx_word' id='word_1_300' title='bbox 1449 4060 1482 4123; x_wconf 93' lang='lat' dir='ltr'>id</span> <span class='ocrx_word' id='word_1_301' title='bbox 1515 4068 1659 4145; x_wconf 89' lang='lat' dir='ltr'>negante.</span> 
     </span>
     <span class='ocr_line' id='line_1_34' title="bbox 263 4158 1659 4248; baseline 0.004 -25"><span class='ocrx_word' id='word_1_302' title='bbox 263 4158 332 4223; x_wconf 87' lang='lat' dir='ltr'>Lite</span> <span class='ocrx_word' id='word_1_303' title='bbox 361 4180 439 4224; x_wconf 85' lang='lat' dir='ltr'>vero</span> <span class='ocrx_word' id='word_1_304' title='bbox 469 4181 576 4226; x_wconf 90' lang='lat' dir='ltr'>coram</span> <span class='ocrx_word' id='word_1_305' title='bbox 604 4162 757 4226; x_wconf 85' lang='lat' dir='ltr'>cardinali</span> <span class='ocrx_word' id='word_1_306' title='bbox 783 4162 943 4247; x_wconf 88' lang='lat' dir='ltr'>praedicto</span> <span class='ocrx_word' id='word_1_307' title='bbox 974 4183 1070 4248; x_wconf 89' lang='lat' dir='ltr'>super</span> <span class='ocrx_word' id='word_1_308' title='bbox 1099 4163 1280 4247; x_wconf 89' lang='lat' dir='ltr'>praemissis</span> <span class='ocrx_word' id='word_1_309' title='bbox 1309 4162 1449 4245; x_wconf 87' lang='lat' dir='ltr'>legitime</span> <span class='ocrx_word' id='word_1_310' title='bbox 1474 4170 1659 4245; x_wconf 87' lang='lat' dir='ltr'>contestata,</span> 
     </span>
     <span class='ocr_line' id='line_1_35' title="bbox 263 4261 1660 4351; baseline 0.004 -25"><span class='ocrx_word' id='word_1_311' title='bbox 263 4261 419 4345; x_wconf 85' lang='lat' dir='ltr'>lactisque</span> <span class='ocrx_word' id='word_1_312' title='bbox 456 4265 647 4346; x_wconf 88' lang='lat' dir='ltr'>quibusdam</span> <span class='ocrx_word' id='word_1_313' title='bbox 676 4266 888 4350; x_wconf 86' lang='lat' dir='ltr'>positionibus</span> <span class='ocrx_word' id='word_1_314' title='bbox 917 4274 949 4331; x_wconf 89' lang='lat' dir='ltr'>et</span> <span class='ocrx_word' id='word_1_315' title='bbox 976 4266 1237 4351; x_wconf 89' lang='lat' dir='ltr'>responsionibus</span> <span class='ocrx_word' id='word_1_316' title='bbox 1266 4266 1306 4328; x_wconf 88' lang='lat' dir='ltr'>ad</span> <span class='ocrx_word' id='word_1_317' title='bbox 1337 4266 1473 4349; x_wconf 84' lang='lat' dir='ltr'>easdem,</span> <span class='ocrx_word' id='word_1_318' title='bbox 1502 4286 1539 4330; x_wconf 89' lang='lat' dir='ltr'>ac</span> <span class='ocrx_word' id='word_1_319' title='bbox 1567 4266 1660 4331; x_wconf 90' lang='lat' dir='ltr'>nobis</span> 
     </span>
     <span class='ocr_line' id='line_1_36' title="bbox 198 4367 1660 4453; baseline 0.004 -26"><span class='ocrx_word' id='word_1_320' title='bbox 198 4373 230 4427; x_wconf 78' lang='lat'>35</span> <span class='ocrx_word' id='word_1_321' title='bbox 263 4386 320 4451; x_wconf 90' lang='lat' dir='ltr'>per</span> <span class='ocrx_word' id='word_1_322' title='bbox 341 4367 479 4431; x_wconf 89' lang='lat' dir='ltr'>eundem</span> <span class='ocrx_word' id='word_1_323' title='bbox 499 4367 676 4451; x_wconf 89' lang='lat' dir='ltr'>prudenter</span> <span class='ocrx_word' id='word_1_324' title='bbox 704 4374 737 4433; x_wconf 91' lang='lat' dir='ltr'>et</span> <span class='ocrx_word' id='word_1_325' title='bbox 757 4368 893 4434; x_wconf 86' lang='lat' dir='ltr'>fideliter</span> <span class='ocrx_word' id='word_1_326' title='bbox 914 4371 1062 4452; x_wconf 87' lang='lat' dir='ltr'>recitatis,</span> <span class='ocrx_word' id='word_1_327' title='bbox 1087 4389 1148 4433; x_wconf 93' lang='lat' dir='ltr'>nos</span> <span class='ocrx_word' id='word_1_328' title='bbox 1169 4368 1313 4433; x_wconf 90' lang='lat' dir='ltr'>libellum</span> <span class='ocrx_word' id='word_1_329' title='bbox 1335 4388 1410 4433; x_wconf 91' lang='lat' dir='ltr'>cum</span> <span class='ocrx_word' id='word_1_330' title='bbox 1431 4369 1509 4453; x_wconf 90' lang='lat' dir='ltr'>ipsis</span> <span class='ocrx_word' id='word_1_331' title='bbox 1530 4370 1660 4453; x_wconf 90' lang='lat' dir='ltr'>positio·</span> 
     </span>
     <span class='ocr_line' id='line_1_37' title="bbox 264 4469 1661 4555; baseline 0.003 -22"><span class='ocrx_word' id='word_1_332' title='bbox 264 4469 358 4534; x_wconf 90' lang='lat' dir='ltr'>nibus</span> <span class='ocrx_word' id='word_1_333' title='bbox 388 4475 421 4534; x_wconf 90' lang='lat' dir='ltr'>et</span> <span class='ocrx_word' id='word_1_334' title='bbox 449 4471 711 4555; x_wconf 89' lang='lat' dir='ltr'>responsionibus</span> <span class='ocrx_word' id='word_1_335' title='bbox 739 4473 831 4538; x_wconf 81' lang='lat' dir='ltr'>vobis</span> <span class='ocrx_word' id='word_1_336' title='bbox 861 4472 921 4537; x_wconf 93' lang='lat' dir='ltr'>sub</span> <span class='ocrx_word' id='word_1_337' title='bbox 951 4472 1040 4537; x_wconf 89' lang='lat' dir='ltr'>bulla</span> <span class='ocrx_word' id='word_1_338' title='bbox 1068 4477 1178 4536; x_wconf 84' lang='lat' dir='ltr'>nostra</span> <span class='ocrx_word' id='word_1_339' title='bbox 1211 4472 1462 4536; x_wconf 84' lang='lat' dir='ltr'>transmittentes</span> <span class='ocrx_word' id='word_1_340' title='bbox 1491 4473 1661 4555; x_wconf 88' lang='lat' dir='ltr'>inclusum,</span> 
     </span>
     <span class='ocr_line' id='line_1_38' title="bbox 265 4572 1662 4661; baseline 0.003 -25"><span class='ocrx_word' id='word_1_341' title='bbox 265 4572 447 4637; x_wconf 88' lang='lat' dir='ltr'>discretioni</span> <span class='ocrx_word' id='word_1_342' title='bbox 478 4579 602 4638; x_wconf 85' lang='lat' dir='ltr'>vestrae</span> <span class='ocrx_word' id='word_1_343' title='bbox 631 4595 689 4660; x_wconf 92' lang='lat' dir='ltr'>per</span> <span class='ocrx_word' id='word_1_344' title='bbox 718 4578 891 4660; x_wconf 89' lang='lat' dir='ltr'>apostolica</span> <span class='ocrx_word' id='word_1_345' title='bbox 912 4577 1030 4661; x_wconf 86' lang='lat' dir='ltr'>scripta</span> <span class='ocrx_word' id='word_1_346' title='bbox 1050 4576 1249 4658; x_wconf 87' lang='lat' dir='ltr'>mandamus,</span> <span class='ocrx_word' id='word_1_347' title='bbox 1276 4581 1513 4661; x_wconf 89' lang='lat' dir='ltr'>quatenusper</span> <span class='ocrx_word' id='word_1_348' title='bbox 1535 4583 1662 4640; x_wconf 91' lang='lat' dir='ltr'>contro-</span> 
     </span>
     <span class='ocr_line' id='line_1_39' title="bbox 264 4677 1662 4764; baseline 0.004 -25"><span class='ocrx_word' id='word_1_349' title='bbox 264 4678 411 4740; x_wconf 80' lang='lat' dir='ltr'>versiaet</span> <span class='ocrx_word' id='word_1_350' title='bbox 425 4678 560 4761; x_wconf 87' lang='lat' dir='ltr'>receptis</span> <span class='ocrx_word' id='word_1_351' title='bbox 577 4677 828 4762; x_wconf 89' lang='lat' dir='ltr'>probationibus,</span> <span class='ocrx_word' id='word_1_352' title='bbox 848 4698 928 4761; x_wconf 90' lang='lat' dir='ltr'>quas</span> <span class='ocrx_word' id='word_1_353' title='bbox 942 4684 1048 4764; x_wconf 84' lang='lat' dir='ltr'>partes</span> <span class='ocrx_word' id='word_1_354' title='bbox 1070 4678 1232 4743; x_wconf 80' lang='lat' dir='ltr'>voluerint</span> <span class='ocrx_word' id='word_1_355' title='bbox 1244 4679 1421 4762; x_wconf 88' lang='lat' dir='ltr'>producere</span> <span class='ocrx_word' id='word_1_356' title='bbox 1442 4699 1549 4743; x_wconf 89' lang='lat' dir='ltr'>coram</span> <span class='ocrx_word' id='word_1_357' title='bbox 1570 4680 1662 4745; x_wconf 83' lang='lat' dir='ltr'>vobis</span> 
     </span>
     <span class='ocr_line' id='line_1_40' title="bbox 265 4780 1664 4866; baseline 0.003 -23"><span class='ocrx_word' id='word_1_358' title='bbox 265 4788 329 4843; x_wconf 87' lang='lat' dir='ltr'>tam</span> <span class='ocrx_word' id='word_1_359' title='bbox 357 4799 454 4864; x_wconf 89' lang='lat' dir='ltr'>super</span> <span class='ocrx_word' id='word_1_360' title='bbox 483 4780 649 4864; x_wconf 89' lang='lat' dir='ltr'>principali</span> <span class='ocrx_word' id='word_1_361' title='bbox 680 4801 776 4864; x_wconf 90' lang='lat' dir='ltr'>quam</span> <span class='ocrx_word' id='word_1_362' title='bbox 806 4801 902 4866; x_wconf 89' lang='lat' dir='ltr'>super</span> <span class='ocrx_word' id='word_1_363' title='bbox 929 4782 1151 4866; x_wconf 89' lang='lat' dir='ltr'>reprobatione</span> <span class='ocrx_word' id='word_1_364' title='bbox 1182 4782 1319 4863; x_wconf 82' lang='lat' dir='ltr'>testium,</span> <span class='ocrx_word' id='word_1_365' title='bbox 1348 4782 1376 4846; x_wconf 91' lang='lat' dir='ltr'>si</span> <span class='ocrx_word' id='word_1_366' title='bbox 1406 4801 1487 4864; x_wconf 90' lang='lat' dir='ltr'>quos</span> <span class='ocrx_word' id='word_1_367' title='bbox 1509 4782 1664 4848; x_wconf 87' lang='lat' dir='ltr'>alterutra</span> 
     </span>
     <span class='ocr_line' id='line_1_41' title="bbox 202 4883 1664 4969; baseline 0.007 -27"><span class='ocrx_word' id='word_1_368' title='bbox 202 4888 235 4942; x_wconf 77' lang='lat'>40</span> <span class='ocrx_word' id='word_1_369' title='bbox 266 4884 405 4967; x_wconf 85' lang='lat' dir='ltr'>partium</span> <span class='ocrx_word' id='word_1_370' title='bbox 427 4883 566 4966; x_wconf 83' lang='lat' dir='ltr'>legitime</span> <span class='ocrx_word' id='word_1_371' title='bbox 589 4885 718 4949; x_wconf 81' lang='lat' dir='ltr'>duxerit</span> <span class='ocrx_word' id='word_1_372' title='bbox 733 4885 948 4969; x_wconf 89' lang='lat' dir='ltr'>reprobandos</span> <span class='ocrx_word' id='word_1_373' title='bbox 970 4891 1003 4949; x_wconf 93' lang='lat' dir='ltr'>et</span> <span class='ocrx_word' id='word_1_374' title='bbox 1017 4885 1134 4948; x_wconf 88' lang='lat' dir='ltr'>auditis</span> <span class='ocrx_word' id='word_1_375' title='bbox 1148 4884 1223 4947; x_wconf 89' lang='lat' dir='ltr'>binc</span> <span class='ocrx_word' id='word_1_376' title='bbox 1243 4884 1319 4947; x_wconf 92' lang='lat' dir='ltr'>inde</span> <span class='ocrx_word' id='word_1_377' title='bbox 1340 4886 1519 4969; x_wconf 88' lang='lat' dir='ltr'>propositis,</span> <span class='ocrx_word' id='word_1_378' title='bbox 1534 4906 1664 4952; x_wconf 88' lang='lat' dir='ltr'>causam</span> 
     </span>
     <span class='ocr_line' id='line_1_42' title="bbox 266 4986 1664 5072; baseline 0.003 -22"><span class='ocrx_word' id='word_1_379' title='bbox 266 4987 293 5050; x_wconf 90' lang='lat' dir='ltr'>si</span> <span class='ocrx_word' id='word_1_380' title='bbox 313 4987 353 5051; x_wconf 90' lang='lat' dir='ltr'>de</span> <span class='ocrx_word' id='word_1_381' title='bbox 374 4988 513 5071; x_wconf 88' lang='lat' dir='ltr'>partium</span> <span class='ocrx_word' id='word_1_382' title='bbox 535 4986 701 5051; x_wconf 81' lang='lat' dir='ltr'>voluntate</span> <span class='ocrx_word' id='word_1_383' title='bbox 722 4988 912 5070; x_wconf 89' lang='lat' dir='ltr'>processerit</span> <span class='ocrx_word' id='word_1_384' title='bbox 932 4987 996 5052; x_wconf 90' lang='lat' dir='ltr'>fine</span> <span class='ocrx_word' id='word_1_385' title='bbox 1019 4988 1171 5051; x_wconf 89' lang='lat' dir='ltr'>canonico</span> <span class='ocrx_word' id='word_1_386' title='bbox 1194 4987 1378 5071; x_wconf 89' lang='lat' dir='ltr'>terminetis,</span> <span class='ocrx_word' id='word_1_387' title='bbox 1401 4988 1553 5054; x_wconf 84' lang='lat' dir='ltr'>iacientes</span> <span class='ocrx_word' id='word_1_388' title='bbox 1576 4990 1664 5072; x_wconf 91' lang='lat' dir='ltr'>quod</span> 
     </span>
     <span class='ocr_line' id='line_1_43' title="bbox 267 5090 1664 5176; baseline 0.003 -23"><span class='ocrx_word' id='word_1_389' title='bbox 267 5091 439 5154; x_wconf 86' lang='lat' dir='ltr'>statueritis</span> <span class='ocrx_word' id='word_1_390' title='bbox 461 5091 648 5154; x_wconf 84' lang='lat' dir='ltr'>auctoritate</span> <span class='ocrx_word' id='word_1_391' title='bbox 670 5095 781 5154; x_wconf 89' lang='lat' dir='ltr'>nostra</span> <span class='ocrx_word' id='word_1_392' title='bbox 801 5090 934 5155; x_wconf 89' lang='lat' dir='ltr'>firmiter</span> <span class='ocrx_word' id='word_1_393' title='bbox 949 5091 1121 5173; x_wconf 82' lang='lat' dir='ltr'>observari,</span> <span class='ocrx_word' id='word_1_394' title='bbox 1136 5091 1279 5174; x_wconf 90' lang='lat' dir='ltr'>alioquin</span> <span class='ocrx_word' id='word_1_395' title='bbox 1300 5111 1429 5156; x_wconf 88' lang='lat' dir='ltr'>causam</span> <span class='ocrx_word' id='word_1_396' title='bbox 1450 5093 1552 5176; x_wconf 90' lang='lat' dir='ltr'>ipsam</span> <span class='ocrx_word' id='word_1_397' title='bbox 1574 5091 1664 5157; x_wconf 90' lang='lat' dir='ltr'>suffi-</span> 
     </span>
    </p>
   </div>
   <div class='ocr_carea' id='block_1_7' title="bbox 422 5241 590 5308">
    <p class='ocr_par' dir='ltr' id='par_1_11' title="bbox 422 5241 590 5308">
     <span class='ocr_line' id='line_1_44' title="bbox 422 5241 590 5308; baseline -0.006 -12"><span class='ocrx_word' id='word_1_398' title='bbox 422 5241 443 5308; x_wconf 91' lang='lat'>¹)</span> <span class='ocrx_word' id='word_1_399' title='bbox 460 5241 590 5296; x_wconf 80' lang='lat' dir='ltr'>Jueobua</span> 
     </span>
    </p>
   </div>
   <div class='ocr_carea' id='block_1_8' title="bbox 206 5325 636 5481">
    <p class='ocr_par' dir='ltr' id='par_1_12' title="bbox 206 5325 636 5481">
     <span class='ocr_line' id='line_1_45' title="bbox 206 5325 636 5481; baseline -0.014 0"><span class='ocrx_word' id='word_1_400' title='bbox 206 5410 239 5465; x_wconf 61' lang='grc' dir='ltr'>ω</span> <span class='ocrx_word' id='word_1_401' title='bbox 420 5325 636 5481; x_wconf 52' lang='lat' dir='ltr'>lm</span> 
     </span>
    </p>
   </div>
   <div class='ocr_carea' id='block_1_9' title="bbox 0 0 2056 6288">
    <p class='ocr_par' dir='ltr' id='par_1_13' title="bbox 0 0 2056 6288">
     <span class='ocr_line' id='line_1_46' title="bbox 0 0 2056 6288; baseline 0 0"><span class='ocrx_word' id='word_1_402' title='bbox 0 0 2056 6288; x_wconf 95' lang='lat' dir='ltr'> </span> 
     </span>
    </p>
   </div>
  </div>
 </body>
</html>
