4086 6300
907 587 1062 683 joo—

438 775 506 841 Nos
520 776 667 841 Andreas
689 776 741 841 dei
764 781 797 842 51
818 776 1009 861 apostolicae
1027 775 1112 842 55115
1133 776 1235 861 gratia
1256 776 1424 860 episcopus
1438 774 1685 840 Transdlnanus

284 885 396 946 tenore
418 879 634 964 praesentium
657 880 873 964 significamus
888 879 1007 962 quibus
1021 879 1152 963 expedit
1166 879 1333 961 univorsis,
1357 878 1443 961 quod
1459 878 1571 964 populi
1584 879 1686 943 nostri

284 985 323 1049 de
346 982 427 1048 Sard
448 983 489 1047 ad
511 988 653 1048 nostram
675 985 861 1049 accedentes
882 984 1093 1067 praesentiam
1110 983 1326 1047 exhibuerunt
1347 982 1440 1048 nobis
1454 982 1562 1047 literas
1584 982 1685 1047 felicis

284 1087 511 1153 recordationis
533 1087 621 1151 Petri
644 1088 806 1170 qnondam
828 1087 967 1172 episcopi
980 1085 1197 1151 Transsiluani
1219 1085 1472 1170 praedecessoris
1493 1088 1595 1150 nostri
1610 1106 1684 1151 cum

231 1200 248 1253 5
282 1191 434 1276 pendenti
456 1189 560 1274 sigillo
583 1210 680 1275 super
701 1191 847 1256 libertate
867 1191 1012 1275 ipsorum
1031 1210 1198 1255 concessas
1221 1197 1253 1254 et
1275 1190 1436 1255 confectas
1457 1196 1603 1274 petentes
1624 1210 1684 1254 nos

281 1295 344 1379 ipsi
364 1295 475 1379 populi
497 1314 570 1358 cum
592 1294 752 1377 instantia,
776 1300 812 1358 ut
834 1314 889 1360 eos
911 1294 945 1357 in
966 1294 1087 1358 eisdem
1108 1293 1309 1358 libertatibus
1331 1311 1521 1357 conservare
1544 1298 1577 1358 ot
1598 1295 1684 1377 ipsas

281 1398 389 1463 literas
410 1403 495 1462 ratas
516 1397 632 1462 babere
654 1403 687 1462 et
708 1404 817 1463 nostro
840 1398 943 1482 sigillo
965 1396 1153 1463 confirmare
1175 1397 1388 1480 dignaremur.
1426 1396 1527 1462 Cuius
1550 1397 1680 1480 quidem

281 1502 392 1566 literae
421 1506 514 1566 tenor
542 1501 615 1566 tulis
642 1506 698 1566 ost
735 1500 840 1586 (Forat
868 1501 918 1566 dic
947 1500 1095 1567 Urbana
1123 1500 1174 1564 des
1203 1499 1344 1583 Bracbofs
1369 1498 1480 1564 Petne
1503 1507 1567 1565 'von
1596 1500 1686 1564 1295

282 1605 341 1670 Nr.
366 1606 459 1688 268.)
494 1605 563 1670 Nos
592 1606 691 1688 igitur
718 1606 926 1690 petitionibus
954 1606 1098 1690 ipsorum
1120 1605 1313 1689 populorum
1334 1610 1519 1669 nostrorum
1542 1605 1582 1670 de
1604 1604 1684 1669 Sard

215 1717 250 1772 10
282 1710 376 1775 iustis
397 1714 430 1774 et
451 1708 600 1792 legitimis
629 1708 868 1791 acquiescentes
897 1711 983 1794 ipsas
1004 1710 1113 1775 literas
1133 1728 1199 1773 non
1222 1708 1421 1790 cancellatas,
1451 1729 1516 1773 non
1546 1709 1684 1791 abrasas,

283 1834 350 1878 non
372 1813 506 1877 abolitas
528 1832 587 1876 nec
609 1813 643 1875 in
658 1812 766 1895 aliqua
788 1813 839 1877 sui
860 1819 950 1897 parte
965 1813 1100 1895 vitiatas,
1123 1812 1179 1878 sed
1201 1812 1235 1875 in
1251 1812 1359 1875 charta
1381 1818 1413 1876 et
1427 1812 1530 1895 sigillo
1545 1813 1685 1895 integras

282 1917 479 2002 reperientes
501 1916 541 1981 de
563 1915 662 1980 verbo
685 1917 725 1980 ad
740 1915 875 1980 verbnm
890 1916 1021 1981 rescribi
1035 1900 1170 1982 iacimus
1193 1921 1225 1981 et
1239 1916 1342 2000 siglllo
1357 1922 1467 1981 nostro
1484 1916 1684 1981 communiri.

283 2019 401 2085 Datum
416 2018 527 2097 Albae,
542 2017 679 2083 Sabbata
694 2020 842 2103 proximo
858 2025 932 2084 ante
946 2019 1064 2084 festum
1078 2020 1273 2084 5555555515
1288 2019 1418 2092 domini,
1440 2040 1525 2084 anno
1541 2019 1684 2085 eiusdem

283 2101 325 2188 M
348 2100 434 2188 0011.
456 2100 533 2186 XX.
556 2123 678 2206 quinto.

215 2452 250 2505 15
804 2477 810 2488 ·
940 2424 1036 2509 436.

360 2591 466 2661 1325
492 2589 576 2661 Mai
601 2594 661 2661 16.
689 2590 767 2661 Das
791 2587 1073 2681 Weisseabarqer
1098 2590 1246 2682 Kapitet
1270 2588 1463 2681 1591551191
1489 2589 1573 2661 tiber
1594 2589 1684 2660 aaa

283 2711 452 2783 sebreitca
478 2710 537 2783 das
573 2707 770 2805 Stephanus
796 2709 895 2783 filius
922 2708 1017 2782 Petri
1042 2708 1170 2782 nobilis
1197 2709 1238 2782 de
1264 2709 1424 2783 Kochech
1454 2709 1594 2782 nomine
1622 2732 1685 2783 suo

284 2837 318 2904 et
343 2830 482 2903 nomine
509 2831 614 2904 totius
641 2830 884 2904 universitatis
910 2830 1079 2903 nobilium
1104 2830 1215 2927 partis
1232 2831 1508 2906 Transsiluanae
1535 2832 1591 2903 dic
1617 2830 1684 2902 Ur-

283 2952 397 3024 luade
422 2953 481 3025 des
507 2953 642 3044 Kdaips
667 2954 763 3025 Karl
786 2975 851 3026 voa
877 2955 982 3024 1324
1009 2951 1076 3024 Nr.
1107 2956 1182 3025 415
1209 2954 1395 3044 1555515551
1420 2954 1476 3025 die
1493 2951 1686 3042 Assiduae

169 3158 174 3163 ‚
216 3090 251 3145 20
285 3072 349 3144 der
379 3072 679 3146 Gericbtsbarteit.

362 3192 491 3265 Datum
504 3192 543 3265 in
557 3192 644 3266 festo
657 3193 873 3267 ascensionis
887 3193 1027 3286 domini,
1041 3216 1132 3267 anuo
1146 3194 1299 3267 eiusdem
1312 3194 1371 3267 M⁰
1380 3166 1461 3267 (300⁰
1470 3165 1548 3266 XX
1557 3193 1686 3289 quinto.

443 3356 519 3427 Oria.
532 3358 613 3426 Pare.
630 3356 735 3428 Unger.
745 3357 953 3412 Loadesardriv
963 3357 1116 3428 Badapcst.
1134 3357 1231 3428 Hispal,
1248 3359 1332 3426 rand,
1349 3374 1410 3413 war
1421 3358 1454 3412 in
1465 3357 1572 3412 55515555
1584 3357 1686 3412 Wocba

389 3446 446 3511 aas
458 3444 508 3499 dor
526 3443 670 3500 Rtlckseita
687 3444 877 3515 caspadraelrt.

940 3741 1033 3825 437.

219 3920 253 3976 ao
366 3906 473 3978 1325
497 3904 589 3977 Jani
614 3907 671 3976 14.
709 3905 827 3996 Kdnip
852 3905 948 3977 Karl
972 3905 1115 3978 55515111
1149 3904 1216 3976 dea
1241 3904 1451 3996 Bcrqleatca
1476 3926 1542 3976 ven
1572 3903 1684 3994 Offca

286 4027 398 4119 baaya
423 4025 578 4099 castrare
604 4025 811 4099 Freibeitca.

441 4188 645 4259 Eiwesmadet
667 4204 721 4244 von
744 4189 804 4245 dan
827 4190 1052 4259 Weissenburaer
1069 4189 1274 4259 Kapitel1337
1294 4190 1354 4243 und
1376 4188 1426 4243 mit
1443 4190 1532 4244 dieser
1556 4189 1686 4243 Urbanas

390 4293 443 4332 noa
459 4275 556 4347 115519
572 4276 693 4346 Intdsoip
704 4277 731 4330 1.
750 4280 826 4345 1359,
846 4276 1035 4331 beaieltcnllieb
1053 4279 1129 4343 1364,
1147 4276 1270 4330 mwdlrnt
1287 4292 1340 4329 von
1357 4275 1453 4345 Kdnig
1465 4274 1591 4329 Matilica
1609 4277 1686 4340 1487,

389 4362 484 4417 1551515
502 4362 632 4417 Urkaadc
649 4362 838 4432 mactabat
855 4362 892 4417 ist
910 4379 964 4417 voa
981 4363 1042 4416 dem
1053 4362 1307 4431 aabeabdrpiacben
1324 4361 1484 4416 Woiroodea
1496 4361 1596 4415 Petrae
1609 4363 1686 4426 1505,

216 4448 252 4504 30
393 4448 469 4518 Oria.
492 4448 597 4519 Unger.
615 4448 823 4504 Landcsarcbab
840 4449 992 4518 Badapest.

442 4675 571 4689 .....
595 4625 682 4708 quod
705 4624 900 4690 Gothiredus
922 4631 954 4690 51
972 4624 1178 4690 Hermannus
1198 4623 1255 4687 filii
1269 4621 1450 4706 Forchlypp
1473 4628 1505 4686 51
1522 4621 1686 4685 iohannes

285 4730 372 4794 filius
395 4729 538 4794 eiusdem
555 4728 734 4794 Hermanni
757 4729 796 4794 de
819 4730 947 4794 civitate
963 4727 1159 4811 Orounberg
1181 4747 1239 4791 seu
1255 4725 1510 4809 Aranyosbanya
1524 4724 1688 4787 nominata

286 4834 380 4898 iuxta
408 4832 545 4897 fluvium
566 4833 715 4915 Aranyas
745 4838 893 4897 vocatum
917 4832 1084 4914 existente,
1112 4832 1255 4916 magistri
1277 4831 1397 4895 scilicet
1418 4826 1578 4893 urburarii
1600 4826 1686 4889 auri·

287 4936 414 5000 fodinae
436 4936 528 4999 iuxta
543 4935 663 5000 dictum
678 4936 815 5001 fluvium
830 4937 979 5018 Aranyas
994 4936 1119 5000 habitae
1141 4935 1209 4999 suis
1224 4955 1260 4999 ac
1284 4935 1509 4998 universorum
1524 4929 1686 5013 hospitum

217 5048 251 5103 35
287 5041 425 5105 civitatis
445 5039 561 5123 regalis
584 5038 779 5123 Ovounberg
801 5041 986 5105 nominibus
1008 5045 1040 5106 51
1062 5041 1132 5103 vice
1151 5038 1192 5102 ad
1207 5038 1418 5123 praesentiam
1432 5036 1508 5100 dicti
1524 5032 1686 5116 quondam

286 5144 407 5208 domini
428 5142 539 5207 Karoli
561 5145 645 5227 regis
666 5143 852 5208 accedentes
874 5143 913 5207 ab
937 5144 1049 5208 oodcm
1072 5142 1200 5207 domino
1223 5140 1342 5206 Karolo
1364 5159 1439 5223 rego
1460 5138 1685 5222 postulassent,

286 5255 324 5312 nt
345 5249 391 5312 eis
406 5253 564 5313 eteorum
579 5249 817 5312 successoribus
831 5248 871 5312 de
886 5247 1083 5312 abundantia
1095 5246 1201 5330 regiae
1216 5245 1341 5329 pietatis
1357 5242 1490 5307 eandem
1505 5242 1685 5306 libertatem

287 5372 323 5416 ac
338 5352 457 5436 regiam
467 5352 611 5436 gratiam,
634 5371 698 5435 qua
712 5352 853 5436 magistri
868 5371 926 5416 scu
942 5352 1076 5435 operarii
1091 5356 1271 5414 ceterarum
1285 5347 1538 5411 auniodinarnm
1553 5366 1685 5410 suarum

287 5456 441 5540 regalium
470 5457 688 5541 praefuerunt
718 5455 893 5521 concedere
916 5455 1108 5539 dignaremn
1141 5453 1215 5537 Ipse
1245 5452 1354 5534 itaque
1376 5451 1525 5515 dominus
1547 5449 1686 5515 Karalus
