4088 6292
1008 599 1162 696 „Q

541 785 609 850 Nos
626 784 773 865 Petrus1)
795 786 997 852 miseratione
1012 789 1121 852 divina
1137 790 1305 874 episcopus
1318 789 1593 869 1111εεῦ11111)
1615 790 1786 856 memoriae

386 890 646 955 commendamus
674 897 785 956 tenore
814 893 1030 976 praesentium
1060 893 1274 976 significantes
1304 894 1422 977 quibus
1454 894 1585 978 expedit
1617 894 1785 978 universis,

387 994 473 1076 quod
496 1000 561 1057 tam
583 996 668 1059 inter
695 995 809 1059 iratres
838 1004 965 1060 nostros
995 997 1035 1061 de
1062 998 1200 1080 capitulo
1231 1017 1272 1062 ex
1295 1018 1361 1061 una
1382 1005 1472 1082 parte
1494 1005 1526 1062 11
1548 1018 1660 1064 omnes
1683 1019 1786 1064 sacer-

386 1098 476 1161 dotes
498 1099 538 1162 de
560 1104 646 1162 terra
659 1099 780 1164 Medies
796 1119 838 1164 ex
853 1100 953 1163 altera
967 1102 1099 1164 materia
1114 1102 1310 1184 quaestionis
1326 1102 1439 1165 inisset
1453 1103 1605 1166 suscitata
1627 1108 1659 1166 et
1674 1107 1787 1167 exorta

386 1220 483 1285 super
505 1203 635 1266 decimis
657 1222 714 1287 per
736 1203 865 1269 eosdem
887 1204 1031 1283 11111111)
1062 1212 1190 1269 nostros
1212 1206 1331 1270 eisdem
1353 1205 1572 1269 sacerdotibus
1593 1206 1732 1270 venditis
1753 1213 1786 1271 et
1820 1214 1837 1267 5

386 1304 511 1387 dotatis,
534 1312 566 1369 et
587 1306 657 1389 ipsa
678 1327 776 1371 causa
798 1308 994 1389 aliquamdiu
1016 1309 1051 1371 in
1077 1309 1256 1393 praeseutia
1276 1309 1377 1372 nostri
1400 1314 1432 1372 et
1454 1309 1539 1392 apud
1561 1309 1669 1373 sedem
1693 1329 1784 1393 apos·

385 1409 512 1472 tolicam
534 1410 648 1474 fuisset
670 1411 830 1474 ventilata
852 1411 992 1475 Tandem
1014 1412 1227 1476 mediantibus
1249 1411 1357 1495 probis
1379 1412 1458 1475 viris
1480 1419 1512 1476 et
1533 1413 1675 1478 honestis
1697 1413 1785 1477 ride·

385 1513 460 1577 licet
481 1514 610 1578 domiuo
633 1514 811 1591 11111114)
842 1514 1022 1597 praeposito
1046 1514 1219 1578 cibiniensi
1242 1520 1275 1578 et
1295 1514 1472 1595 Johanne¹)
1494 1514 1629 1600 priore¹)
1651 1517 1784 1581 Albensi

386 1616 426 1681 de
449 1618 559 1681 ordine
575 1618 835 1682 Praedicatorum
851 1623 883 1681 et
898 1619 984 1681 socio
1007 1637 1066 1681 suo
1081 1617 1213 1681 Nicolao
1229 1618 1356 1683 Pictore
1375 1625 1453 1683 tunc
1475 1621 1627 1704 temporis
1642 1622 1785 1686 eiusdem

386 1720 500 1783 domus
530 1721 740 1785 internunciis
770 1721 904 1802 aliisque
935 1740 1031 1803 quam
1060 1722 1206 1805 pluribus
1234 1722 1377 1805 providis
1408 1729 1440 1787 et
1473 1724 1617 1789 discretis
1646 1725 1725 1788 viris
1749 1726 1783 1787 in
1820 1730 1855 1784 10

386 1824 481 1888 talem
503 1825 590 1907 pacis
612 1824 814 1888 concordiam
836 1824 1070 1907 daveneumt,¹)
1100 1826 1187 1908 qnod
1216 1826 1312 1889 iidem
1342 1826 1530 1907 sacerdotes,
1560 1826 1785 1891 1111111111-

386 1929 507 1993 baunes
515 1928 537 2007 ¹)
568 1928 708 1993 decanus
731 1928 770 1993 de
792 1928 1014 2009 Buratholm,⁸)
1043 1928 1195 1992 Herritus
1226 1928 1265 1992 de
1288 1930 1365 1992 villa
1385 1928 1577 2012 Ricboiuii,¹)
1606 1929 1724 1994 Petrus
1745 1930 1785 1995 de

385 2032 510 2115 Musua,
533 2032 683 2096 Herritus
698 2033 737 2096 de
752 2032 855 2115 Alma,
878 2033 982 2096 Adam
997 2033 1037 2096 de
1059 2033 1136 2096 villa
1150 2032 1279 2114 Medios,
1303 2034 1447 2098 Sebidus
1462 2035 1501 2098 do
1516 2034 1617 2116 Mero,
1641 2035 1785 2099 Sibertus

387 2138 426 2200 de
447 2136 524 2200 villa
544 2136 680 2219 Homini,
710 2136 862 2200 Nicolaus
883 2137 923 2201 de
945 2136 1022 2199 villa
1044 2136 1139 2200 Saros
1165 2142 1197 2200 et
1218 2136 1367 2202 Detricus
1397 2138 1436 2202 de
1459 2138 1536 2202 villa
1556 2136 1688 2217 Kolx10)
1710 2158 1784 2201 cum

386 2242 471 2304 socio
494 2261 553 2305 sno
576 2240 705 2304 nomine
727 2239 901 2303 Hanselmo
932 2239 1154 2323 obligaverunt
1176 2260 1210 2305 se
1233 2247 1265 2304 et
1290 2248 1532 2326 assumpserunt
1553 2262 1659 2306 coram
1682 2241 1783 2324 uobis,
1820 2249 1853 2302 15

386 2343 510 2408 solvere
533 2342 787 2427 quadraginta¹¹)
817 2363 940 2408 marcas
962 2344 1085 2427 argenti
1115 2344 1255 2408 decimae
1285 2346 1514 2410 combustionis
1540 2365 1615 2409 cum
1643 2344 1784 2428 pondere

385 2449 537 2530 terrestri,
567 2447 685 2530 quibus
707 2448 741 2510 in
764 2448 910 2531 solidum,
939 2447 1186 2531 inperpetuum
1218 2455 1283 2512 tam
1305 2451 1374 2533 ipsi,
1406 2469 1502 2532 quam
1525 2468 1636 2513 eorum
1659 2466 1784 2512 succes·

385 2571 482 2634 sores,
506 2572 603 2635 quam
618 2551 768 2615 ecclesiae
784 2552 968 2634 eorundem,
984 2553 1170 2635 exceptione
1185 2552 1338 2634 aliqua¹¹)
1358 2573 1424 2617 non
1439 2553 1593 2635 obstante,
1608 2572 1666 2636 pro
1681 2552 1784 2616 tribus

385 2656 529 2740 partibus
552 2656 746 2719 decimarum
777 2656 816 2719 de
845 2661 930 2720 terra
951 2655 1072 2719 Medios
1102 2657 1253 2720 iratribus
1275 2658 1393 2721 nostris
1418 2659 1599 2721 memoratis
1621 2655 1783 2735 scilieet¹¹)

385 2761 419 2823 in
441 2761 597 2844 frugibus
620 2762 695 2836 et¹¹)
718 2759 811 2841 vinis,
833 2760 868 2822 in
891 2759 1004 2843 apibus
1027 2765 1059 2823 et
1080 2759 1159 2839 in¹¹)
1182 2761 1314 2844 agnellis
1337 2761 1524 2843 debitarum,
1547 2761 1581 2824 iu
1603 2760 1705 2825 tribus
1720 2766 1783 2824 ter·
1818 2765 1854 2821 20

385 2865 480 2927 minis
502 2864 587 2927 intra
607 2863 741 2946 scriptis,
764 2864 804 2927 de
827 2863 945 2945 quibus
966 2863 1115 2928 videlicet
1137 2865 1347 2947 quadraginta
1368 2865 1483 2928 marcis
1504 2865 1538 2926 in
1554 2863 1663 2947 vigilia
1682 2864 1784 2927 sancti

385 2968 547 3032 Michaelis
569 2968 670 3032 Albae
693 2967 817 3031 solvere
845 2966 963 3031 debent
985 2967 1094 3031 decem
1117 2987 1247 3049 marcas,
1276 2968 1309 3030 in
1333 2968 1504 3051 quindenis
1532 2968 1633 3031 sancti
1655 2966 1784 3031 Martini

388 3073 569 3154 quindecim
591 3091 713 3135 marcas
735 3077 768 3134 11
788 3070 867 3149 1111)
900 3071 1070 3152 quindenis
1100 3070 1330 3154 pmificatiouis
1352 3072 1463 3136 beatae
1485 3070 1618 3154 virginis
1639 3071 1784 3136 residuas

386 3176 568 3259 quindecim
597 3195 726 3239 marcas.
771 3174 841 3238 Hoc
871 3175 993 3238 adiecto
1026 3175 1121 3258 quod,
1152 3176 1179 3238 si
1208 3176 1282 3258 quis
1314 3176 1548 3259 praedictomm
1582 3175 1783 3238 sacerdotum

385 3281 527 3344 omiserit
560 3280 698 3361 aliquem
731 3279 903 3342 terminum
936 3279 1104 3343 solutionis
1137 3280 1302 3364 negligens
1335 3287 1368 3345 et
1399 3280 1569 3360 remissus,
1603 3279 1698 3342 tertio
1732 3278 1782 3342 die
1817 3283 1852 3339 25

384 3385 484 3468 ipsius
514 3384 623 3447 omissi
652 3382 779 3446 termini
808 3382 877 3465 ipso
908 3383 978 3446 iure
1010 3389 1107 3465 atque
1137 3382 1220 3446 tacto
1251 3384 1292 3446 sit
1322 3402 1498 3466 suspensus
1528 3383 1567 3445 de
1599 3382 1729 3446 decimis
1751 3387 1783 3446 et

385 3488 518 3551 ecclesia
546 3487 687 3551 eiusdem
716 3485 927 3549 ecclesiastico
958 3486 999 3548 sit
1026 3486 1190 3568 supposita
1217 3486 1385 3550 interdicto
1409 3505 1513 3569 usque
1541 3486 1581 3549 ad
1602 3486 1729 3569 plenam
1751 3491 1784 3550 et

384 3591 575 3673 condignam
604 3590 858 3654 satisfactionem.
902 3589 942 3652 In
971 3590 1064 3653 cuins
1094 3589 1140 3652 rei
1170 3590 1387 3654 testimonium
1418 3590 1458 3653 ad
1485 3590 1655 3672 utriusque
1685 3591 1783 3672 partis

384 3695 569 3778 petitionem
591 3694 700 3758 literas
721 3697 905 3776 praesentes
927 3693 1142 3756 concessimus
1169 3692 1263 3775 sigilli
1286 3694 1386 3756 nostri
1408 3694 1586 3757 munimine
1608 3693 1783 3774 roboratas,

385 3798 479 3861 etad
502 3798 653 3861 maiorem
675 3797 856 3861 cautionem
878 3802 975 3879 atque
997 3796 1098 3860 robur
1118 3801 1290 3879 perpetuae
1312 3795 1471 3860 firmitatis
1491 3796 1657 3861 memorati
1679 3815 1782 3860 sacer·
1818 3800 1853 3855 30

385 3901 476 3966 dotes
498 3901 636 3984 sigillum
659 3900 789 3984 capituli
819 3900 919 3963 nostri
941 3900 1162 3983 praesentibus
1185 3901 1302 3983 apponi
1323 3901 1493 3983 petierunt.
1530 3899 1650 3963 Datum
1671 3898 1782 3982 Albae,

384 4006 418 4067 in
441 4005 578 4068 crastino
602 4004 817 4086 Pentecostes,
840 4023 924 4066 auno
948 4003 1069 4066 domiui
1090 4003 1131 4066 M.
1156 4003 1214 4067 OC.
1239 4005 1430 4087 octogesimo
1454 4023 1548 4067 nono.

540 4202 561 4265 ¹)
579 4197 693 4252 Haaer:
711 4207 766 4263 pro.

539 4285 561 4352 ¹)
579 4283 678 4336 Honor
696 4280 755 4334 aad
773 4279 853 4348 Fay:
870 4277 1121 4347 Transylvaniensis.

538 4375 561 4440 ⁸)
579 4370 659 4438 Foy:
676 4367 772 4421 iratres
789 4366 903 4420 eosdem.

539 4460 561 4524 ⁴)
580 4457 660 4526 Fay:
676 4454 786 4509 Joanua.

540 4546 561 4611 ⁶)
579 4542 693 4596 Haacr:
710 4538 797 4608 prlon'.

540 4631 562 4695 ⁸)
580 4627 661 4696 Fay:
678 4627 843 4679 (1111111111
860 4623 932 4694 pacis
949 4625 1121 4679 concordiam.

539 4718 561 4782 ¹)
579 4714 660 4783 Fay:
676 4712 785 4766 Joaune.

538 4803 560 4867 ι)
579 4799 659 4867 Foy:
676 4797 824 4853 Btirtholm.

538 4887 560 4953 ο)
578 4885 659 4954 Foy:
676 4884 814 4939 Henncus.

528 4974 560 5041 ¹⁰)
578 4972 661 5042 Foy:
678 4970 769 5041 Kolps.

529 5058 754 5127 11)Ηα11111κ1
772 5058 852 5128 Foy:
870 5058 1062 5128 quadragintas.

528 5149 560 5214 ¹¹)
578 5146 658 5214 Foy:
675 5144 798 5214 qualibet

528 5236 560 5301 ¹⁸)
578 5232 660 5287 Fau
677 5230 720 5286 bei
737 5232 812 5302 Fay.

528 5321 561 5390 ¹¹)
579 5320 659 5388 Fay:
675 5318 710 5372 iu.
