4064 6288
979 607 1134 703 —r-a-

359 796 529 877 deshucta
558 798 591 859 et
612 794 691 858 nihil
717 799 774 858 aut
794 794 955 859 modicum
983 796 1139 879 percipias
1165 815 1208 860 ex
1236 797 1364 878 eisdem,
1394 816 1454 860 nos
1476 796 1654 860 devotionis
1680 802 1755 861 tuae

358 900 506 983 precibus
520 898 671 980 inclinati,
694 904 731 961 ut
744 903 870 982 praeter
892 900 1003 963 eadem
1017 899 1170 964 beneficia
1184 901 1280 982 aliud
1302 900 1424 964 etiamsi
1447 919 1557 963 curam
1578 899 1754 964 animarum

357 1002 480 1083 habeat,
507 1002 647 1085 recipere
669 1001 763 1084 licite,
797 1002 824 1066 si
846 1003 904 1065 libi
931 1004 1083 1067 canonice
1113 1003 1271 1085 olieratm,
1302 1023 1338 1067 ac
1359 1022 1426 1067 una
1454 1023 1528 1067 cum
1551 1004 1596 1068 eis
1618 1004 1755 1068 retinere

357 1106 456 1169 libere
485 1125 551 1168 non
581 1104 727 1169 obstante
756 1107 983 1171 constitutione
1013 1108 1170 1190 generalis
1192 1107 1315 1171 concilii
1346 1106 1461 1187 valeas,
1490 1106 1676 1169 auctoritate
1698 1106 1754 1169 tibi

357 1208 573 1292 praesentium
600 1208 812 1291 indulgemus.
845 1209 934 1273 Nulli
964 1229 1039 1293 ergo
1070 1260 1197 1274 .....
1229 1216 1356 1274 nostrae
1384 1209 1599 1274 concessionis
1625 1258 1752 1272 .....
1788 1218 1805 1269 5

358 1311 391 1377 81
408 1313 603 1397 quisautem
617 1361 745 1377 .....
776 1310 895 1377 Datum
909 1312 1068 1399 Lugduni,
1090 1313 1178 1378 VHI.
1194 1312 1483 1398 Kuendanartt,
1505 1331 1589 1377 anno
1605 1312 1754 1378 secundo.

1028 1591 1091 1673 81.

434 1756 541 1825 1246
565 1753 648 1825 Mai
680 1757 712 1825 6.
748 1753 866 1845 Kdaig
884 1753 975 1825 Belo
1001 1751 1070 1825 IV.
1100 1754 1223 1842 defecit
1249 1755 1305 1827 dte
1322 1754 1506 1826 AnsiedIer
1532 1757 1604 1844 aas
1622 1756 1755 1847 aalma

358 1876 589 1966 Besitamapea
628 1875 688 1947 des
721 1874 1036 1966 smenttryectea
1070 1875 1232 1964 Bisebofs
1267 1899 1331 1947 von
1364 1876 1426 1947 der
1467 1874 1756 1947 Geriebisbarlteit

359 1997 418 2069 dea
451 1994 656 2068 Woa‘wodea.
1790 2013 1825 2069 10

513 2158 716 2228 Eingescbaltet
736 2173 789 2212 con
806 2157 902 2227 Kdaa'p
919 2157 1042 2227 Stephon
1060 2163 1136 2227 1263,
1164 2159 1240 2230 Orig.
1258 2159 1467 2228 Kapitelarcha'o
1484 2159 1651 2229 Karlsbarp.

512 2280 624 2334 Druck:
641 2280 722 2348 Proy
738 2279 842 2332 Arnai.
861 2295 916 2348 rep.
935 2280 1031 2349 Hunc.
1050 2281 1076 2346 1,
1093 2285 1153 2335 282.
1179 2281 1258 2349 Pray
1275 2280 1415 2349 Spectmen
1433 2280 1477 2347 ΙΙ,
1494 2284 1555 2334 254.
1576 2280 1671 2334 Beato
1689 2279 1754 2334 Mil·

460 2366 541 2421 tocie
558 2365 603 2432 ΙΙ,
621 2369 681 2420 301.
709 2364 825 2419 Katona
844 2365 919 2419 Hist.
937 2367 997 2420 crit.
1021 2366 1071 2434 VI,
1093 2371 1133 2421 73.
1161 2366 1290 2421 Saeredoi
1309 2366 1399 2421 Series
1417 2371 1459 2421 15.
1486 2366 1565 2419 Kosa
1583 2366 1756 2434 Republica

460 2451 678 2506 0111ἰηί11130.
697 2451 784 2518 Fejer
805 2451 895 2506 Codex
913 2452 968 2518 IV,
987 2458 1011 2518 1,
1029 2456 1089 2506 414.
1118 2452 1230 2505 Teutach
1247 2470 1275 2504 a.
1294 2451 1455 2507 Firnbober
1473 2451 1544 2506 Stet.
1568 2451 1650 2507 Urbe.
1669 2453 1695 2518 I,
1713 2456 1755 2507 68.

461 2538 554 2593 Jakao
576 2537 831 2604 0116110116.
856 2537 1039 2591 nemesiano
1057 2537 1301 2592 commarcam.
1792 2539 1824 2592 15

513 2658 626 2729 Repest:
648 2658 847 2713 Tronailoanio
866 2662 943 2726 1871,
961 2662 1004 2713 56.
1033 2658 1194 2713 Tortlraelma'
1212 2659 1257 2712 tdr
1276 2662 1352 2726 1889,
1370 2663 1430 2714 568.

511 2833 590 2898 Β616
612 2833 662 2897 dei
685 2833 787 2916 gratia
807 2833 1001 2915 Hungariae‚
1030 2833 1219 2913 Dalmaciae
1250 2835 1439 2917 Crowaciae,
1467 2835 1593 2915 Ramae,
1616 2834 1756 2917 Seruiae,

357 2936 516 3019 Gallione,
551 2935 758 3000 lodcmeriae
781 2936 1019 3017 Orunaniaeque
1041 2955 1100 2999 rex
1124 2937 1272 3001 omnibus
1295 2937 1410 3002 Christi
1436 2937 1584 3001 fidehbus
1606 2956 1756 3021 praesens

357 3039 512 3123 seriptum
533 3040 726 3123 inspecturis
748 3038 884 3103 salutem
907 3045 939 3102 61
961 3058 1055 3102 omne
1079 3038 1206 3103 bonum.
1230 3040 1478 3124 Circumspectio
1495 3061 1607 3125 regum
1622 3040 1756 3124 provida

357 3158 399 3206 ex
422 3143 561 3226 suscepti
576 3148 704 3207 tenetur
718 3143 880 3225 regiminis
900 3141 1012 3223 officio,
1035 3147 1072 3204 ut
1088 3142 1228 3205 honestis
1244 3163 1377 3207 suorum
1390 3143 1533 3208 fidelium
1547 3142 1755 3227 petitionibus
1790 3150 1824 3203 20

357 3264 550 3310 consensum
571 3246 692 3310 tribuat
710 3251 743 3309 et
757 3246 907 3310 favorem.
930 3245 1069 3310 Proinde
1085 3246 1125 3309 ad
1140 3247 1365 3311 universorum
1380 3248 1525 3311 notitiam
1540 3246 1755 3330 praesentium

357 3366 394 3411 ac
408 3352 610 3431 posterorum
625 3347 739 3412 harum
754 3351 835 3413 serie
850 3350 1001 3413 volumus
1016 3351 1192 3433 pervenire,
1216 3350 1301 3432 quod
1318 3351 1471 3415 accedens
1490 3351 1530 3413 ad
1545 3348 1755 3433 praesentiam

358 3457 500 3516 nostram
521 3451 712 3516 venerabilis
733 3458 824 3536 pater
843 3452 953 3517 Gallus
975 3454 1143 3537 episcopus
1164 3453 1417 3536 lhanssssumns,
1440 3475 1459 3517 a
1481 3453 1573 3517 nobis
1596 3451 1756 3515 humiliter

356 3575 394 3620 ac
408 3555 523 3619 devote
546 3555 729 3638 postulavit,
748 3556 835 3638 qnod
850 3576 924 3620 cum
947 3576 1006 3620 sua
1026 3557 1160 3621 diocesis
1175 3557 1281 3621 hostili
1295 3558 1517 3640 persecutione
1531 3557 1755 3620 Thartarorurn

357 3659 397 3722 ad
419 3664 540 3723 tantam
562 3659 807 3723 inhabitantium
830 3659 995 3723 devenerit
1016 3661 1187 3742 raritatem,
1211 3660 1297 3742 quod
1319 3681 1338 3724 a
1360 3667 1503 3744 tempore
1525 3658 1754 3744 persecutionis
1789 3665 1823 3720 25

357 3780 461 3844 usqne
483 3762 523 3825 ad
546 3781 605 3825 sua
626 3766 770 3846 tempora
791 3763 872 3826 nulli
894 3763 946 3826 vel
968 3765 1061 3846 pauci
1084 3765 1117 3826 in
1140 3764 1231 3845 Alba,
1264 3783 1346 3845 quae
1368 3770 1417 3827 est
1439 3764 1531 3827 sedes
1553 3762 1754 3845 episcopatus

356 3866 407 3930 sui
429 3865 617 3929 cathedralis
631 3871 664 3929 et
677 3865 712 3927 in
726 3865 796 3929 aliis
811 3865 956 3930 curtibus
971 3866 1213 3949 pontificalibus,
1238 3886 1374 3948 quarum
1389 3868 1519 3931 nomina
1533 3871 1610 3930 sunt
1624 3864 1753 3944 Herina,

357 3967 515 4050 Byolohol
537 3968 576 4032 de
591 3968 743 4032 comitatu
758 3966 887 4049 Dobica,
911 3968 1015 4031 Golou
1035 3969 1074 4033 de
1089 3970 1241 4032 comitatu
1256 3969 1447 4049 (blesiensi,
1469 3969 1566 4051 Zylac
1581 3975 1614 4032 et
1626 3966 1754 4031 'lusnad

357 4071 397 4135 de
412 4070 524 4134 Zonulr
539 4071 716 4135 habeantur
730 4071 880 4153 inquilini
900 4090 960 4135 nec
979 4071 1044 4134 illic
1066 4073 1259 4135 conveniant
1281 4073 1342 4135 nisi
1366 4091 1420 4136 eos
1439 4071 1584 4135 hbertate
1599 4069 1755 4134 uberioris

357 4174 477 4257 gratiae
499 4173 704 4257 dignaremur
724 4175 919 4257 praevenire.
954 4171 1076 4258 [NJos¹)
1099 4175 1197 4257 igitur
1218 4175 1454 4239 considerantes
1478 4174 1565 4257 quod
1586 4192 1628 4237 ex
1650 4174 1752 4236 incre-
1789 4181 1825 4236 30

354 4283 461 4341 mento
484 4277 614 4340 honoris
639 4275 829 4361 pontificalis
851 4277 947 4341 simul
969 4283 1002 4341 et
1016 4279 1103 4361 regia
1125 4278 1262 4362 dignitas
1285 4279 1437 4362 suscipiat
1458 4279 1691 4342 incrementum
1713 4281 1751 4339 ut

356 4380 467 4445 eadem
478 4380 611 4445 eeclesia
625 4381 659 4443 in
674 4381 845 4464 pristinum
860 4386 979 4444 statum
993 4382 1094 4465 possit
1108 4381 1282 4463 reformari,
1294 4400 1337 4444 ex
1352 4380 1550 4464 indulgentia
1571 4380 1677 4463 regiae
1698 4378 1753 4443 be-

356 4484 520 4568 nignitatis
541 4482 636 4548 talem
659 4484 792 4567 gratiam
821 4484 851 4547 ei
873 4483 1026 4546 duximus
1047 4483 1223 4548 faciendam
1248 4490 1373 4548 uttam
1396 4484 1518 4568 priores
1538 4480 1697 4565 inquilini,
1727 4481 1755 4545 si

357 4588 413 4670 qui
428 4593 536 4652 essent
550 4588 737 4670 superstites
749 4607 846 4671 supra
857 4587 1013 4651 dietamm
1025 4586 1174 4650 villarum
1189 4606 1286 4668 quam
1301 4587 1396 4651 etiam
1410 4587 1550 4670 hospites
1565 4585 1755 4650 conditionis

356 4690 474 4754 liberae
504 4689 543 4753 de
572 4708 657 4753 novo
687 4691 916 4754 convenientes
944 4710 964 4753 a
993 4690 1109 4754 iudicio
1139 4690 1292 4754 vaivodae
1322 4708 1380 4774 pro
1411 4696 1552 4774 tempore
1579 4691 1754 4771 constituti,
1788 4696 1823 4751 35

356 4793 508 4857 comitum
537 4792 765 4876 parochiahum
795 4812 854 4857 nec
880 4813 945 4856 non
968 4799 1000 4857 61
1029 4794 1172 4856 omnium
1201 4792 1336 4857 aliorum
1359 4795 1500 4859 iudicum
1533 4796 1661 4877 penitus
1691 4794 1755 4857 sint

356 4895 497 4978 exempti
512 4914 572 4958 neo
594 4894 728 4958 alicuius
751 4902 921 4960 teneantur
940 4902 1043 4960 astare
1065 4896 1181 4960 iudicio
1205 4897 1266 4961 nisi
1289 4898 1339 4961 sui
1362 4899 1500 4982 episcopi
1523 4904 1555 4962 et
1577 4898 1674 4961 villici
1695 4918 1754 4982 pro

357 5004 498 5082 tempore
521 4997 696 5061 existentis.
729 4997 820 5062 Etsi
850 5000 1017 5083 episcopus
1039 5005 1095 5064 aut
1118 4999 1243 5064 villicus
1268 5002 1302 5065 in
1324 5001 1486 5065 reddenda
1513 5002 1634 5064 iustitia
1655 5000 1755 5084 negli-

357 5108 469 5186 gentes
502 5101 624 5165 fuen'nt
656 5107 713 5165 aut
742 5103 879 5184 remissi,
913 5102 965 5167 vel
995 5108 1060 5166 tam
1093 5104 1229 5167 arduum
1258 5111 1342 5169 esset
1373 5105 1550 5188 negotium,
1581 5104 1668 5185 quod
1693 5104 1755 5187 ipsi

356 5205 510 5270 iustitiam
531 5204 635 5270 iacere
660 5225 727 5269 non
749 5204 901 5287 valerent,
931 5208 1000 5290 ipsa
1020 5227 1117 5271 causa
1138 5209 1243 5290 regiae
1269 5214 1393 5272 tantum
1418 5208 1591 5271 maiestatis
1614 5207 1754 5271 examini
1787 5212 1824 5267 40

356 5308 556 5374 terminanda
578 5308 745 5373 deferatur.
767 5308 810 5373 Et
831 5314 868 5374 ut
889 5316 1017 5375 nostrae
1039 5312 1253 5376 concessionis
1278 5312 1383 5396 gratia
1403 5316 1575 5396 perpetuae
1596 5310 1754 5375 firmitatis

513 5459 978 5532 'lfflfflfflrNkvetlm
