4064 6288
930 608 1085 703 jol-

306 816 325 859 a
347 797 519 879 primaevis
540 797 696 880 pueritiae
718 801 845 860 nostrae
865 798 1070 881 temporibus,
1085 800 1120 861 in
1135 798 1283 882 pluribus
1298 796 1565 882 expeditionibus,
1581 795 1708 861 casibus

305 906 338 963 et
359 900 498 964 fortunis
520 901 613 964 nobis
636 900 782 964 servierit
803 900 940 965 fideliter
961 909 994 966 et
1016 902 1140 983 devote,
1163 922 1222 967 nec
1244 902 1341 967 rebus
1362 901 1474 966 volens
1495 919 1625 985 parcere
1647 919 1708 965 nec

305 1023 459 1087 personae
490 1010 522 1068 et
551 1024 589 1068 ea
619 1004 760 1067 enarrari
790 1012 953 1087 nequeant
982 1025 1039 1090 per
1061 1006 1188 1089 singula
1209 1026 1268 1070 suo
1291 1006 1395 1085 modo,
1419 1006 1576 1089 quaedam
1598 1011 1706 1070 tamen

304 1107 338 1168 in
360 1108 501 1171 medium
524 1109 700 1191 producere
722 1115 754 1172 et
776 1109 873 1171 inseri
896 1110 1117 1192 praesentibus
1140 1110 1325 1173 iudicamus.
1360 1110 1441 1174 Cum
1463 1128 1577 1193 mares
1598 1127 1705 1193 perse-

254 1220 270 1269 5
306 1212 451 1275 cationes
473 1231 530 1296 per
552 1217 700 1294 parentes
730 1219 856 1275 nostros
879 1219 971 1277 extra
1001 1214 1149 1278 meritum
1172 1219 1363 1297 pateremur,
1385 1215 1470 1277 idem
1493 1212 1616 1295 affectu,
1639 1213 1705 1276 sin-

306 1315 445 1396 ceritate,
477 1315 668 1397 obsequiosa
691 1316 846 1380 famulatu
869 1317 960 1381 nobis
989 1317 1126 1381 reddidit
1148 1318 1227 1381 adeo
1258 1337 1292 1382 se
1322 1317 1483 1398 devotum,
1514 1315 1601 1397 quod
1631 1335 1706 1399 prae

303 1420 399 1481 certis
431 1420 542 1483 mortis
570 1420 739 1484 eventibus
769 1440 803 1485 se
834 1421 973 1505 ponebat
1001 1422 1034 1484 in
1065 1421 1267 1504 speculandis
1297 1440 1355 1485 seu
1389 1420 1560 1484 censendis
1583 1425 1615 1484 et
1637 1419 1707 1484 aliis

304 1522 543 1605 insurgentibus
566 1523 658 1587 nobis
681 1524 814 1588 viriliter
837 1530 869 1588 et
890 1532 1046 1609 potenter,
1073 1531 1200 1589 etcum
1223 1525 1363 1589 claustra
1384 1524 1479 1588 castri
1501 1523 1706 1587 Feketeholm

303 1626 491 1691 adiissemus
514 1627 734 1692 deserentibus
757 1628 827 1691 aliis
849 1628 1023 1692 baronibus
1046 1630 1164 1693 nostris
1190 1636 1222 1693 et
1243 1629 1406 1707 militibus,
1429 1634 1502 1712 post
1523 1647 1589 1691 non
1610 1646 1705 1711 posse

238 1736 270 1789 10
304 1730 452 1795 resistere
475 1734 593 1796 nostris
622 1733 888 1815 persequentibus
919 1737 951 1796 et
984 1733 1128 1814 inimicis,
1151 1733 1219 1815 ipse
1242 1752 1301 1797 nos
1322 1753 1389 1796 non
1411 1732 1549 1814 reliquit,
1572 1731 1628 1795 sed
1650 1731 1706 1794 ad·

302 1833 437 1897 haerens
467 1841 575 1899 nostro
603 1836 704 1916 lateri,
733 1837 766 1898 in
796 1837 864 1918 ipso
895 1841 998 1898 castro
1028 1836 1063 1897 in
1091 1837 1258 1900 nocturnis
1288 1842 1320 1900 et
1350 1836 1474 1901 diurnis
1499 1834 1617 1918 vigiliis
1639 1840 1704 1898 tam

302 1943 392 2018 grata
414 1943 446 2001 et
461 1946 589 2023 accepta
611 1941 742 2003 servitia
756 1940 919 2022 impendit,
943 1958 1025 2020 quae
1040 1939 1098 2001 rix
1116 1946 1252 2023 possunt
1273 1960 1331 2023 per
1352 1939 1479 2023 singula
1500 1938 1634 2002 recitari
1664 1938 1707 2002 ut

303 2059 385 2121 carm,
409 2060 482 2103 cum
502 2041 678 2106 Laurencio
701 2042 765 2106 filio
781 2043 909 2124 Kemyn
932 2044 1051 2106 maiore
1072 2051 1275 2126 persecutore
1298 2050 1408 2107 nostro
1431 2049 1464 2107 et
1484 2042 1613 2106 inimico
1629 2061 1705 2105 con-

303 2142 425 2207 tlictum
447 2145 645 2228 haberemus
667 2147 723 2210 ubi
747 2144 856 2231 [ἰάθη]
871 2146 1068 2211 laurencius
1086 2155 1197 2230 captus
1212 2147 1282 2228 tuit,
1304 2166 1406 2210 unum
1429 2146 1550 2209 bonum
1571 2145 1703 2210 militem

237 2256 268 2308 15
303 2249 484 2331 prostravit,
514 2256 587 2314 ante
618 2270 728 2314 omnes
759 2251 846 2333 alios,
876 2251 969 2315 cuius
1003 2252 1141 2334 clipeum
1169 2251 1263 2315 nobis
1294 2250 1388 2332 misit,
1416 2250 1449 2314 in
1483 2255 1626 2314 nostram
1655 2268 1705 2313 re-

302 2348 506 2432 creati[onem
523 2354 566 2438 et]
582 2355 841 2435 consolationem,
857 2374 931 2418 nam
943 2356 1051 2419 missio
1063 2356 1164 2439 ipsius
1176 2355 1277 2438 clipei,
1293 2354 1386 2418 nobis
1396 2374 1454 2438 pro
1471 2350 1483 2433 [
1690 2351 1702 2436 ]

302 2455 464 2519 materiam
487 2458 687 2539 gaudiorum,
709 2459 771 2522 tuit
793 2460 878 2523 enim
900 2460 1038 2543 primum
1060 2459 1190 2539 donum,
1213 2459 1246 2536 in
1263 2459 1390 2541 signum
1407 2463 1534 2521 nostrae
1551 2456 1703 2520 uictoriae

302 2566 335 2622 et
357 2560 518 2644 triumphi,
540 2562 625 2625 idem
647 2564 681 2626 in
704 2563 816 2627 ecdem
838 2561 999 2644 conflictu,
1021 2564 1105 2626 inter
1128 2562 1205 2626 alias
1226 2562 1363 2626 virtutes
1385 2558 1562 2645 mililtares]
1585 2565 1618 2624 et
1636 2560 1704 2624 lau·

302 2662 423 2728 debiles
444 2662 620 2747 fidelitates,
644 2668 683 2731 de
705 2666 944 2751 specialioribus
963 2665 1118 2729 militibus
1141 2662 1153 2746 [
1465 2663 1573 2749 lcium,
1596 2662 1705 2727 decem

237 2773 271 2828 20
305 2772 337 2831 et
359 2773 430 2831 octo
453 2769 570 2833 milites
592 2771 773 2854 captivarit,
805 2790 886 2853 quos
909 2789 1020 2834 omnes
1043 2770 1082 2832 ad
1105 2788 1165 2831 nos
1187 2768 1290 2849 duxit,
1314 2767 1583 2849 quemadmodum
1606 2765 1706 2830 boves

302 2889 360 2934 scu
390 2867 542 2953 vitulml
855 2873 866 2957 ]
896 2874 930 2936 in
961 2872 1113 2938 conflictu
1135 2892 1200 2954 quo
1229 2870 1383 2935 Herricus
1412 2865 1598 2954 palatiluus]
1631 2889 1706 2933 cum

302 2973 428 3038 duobus
450 2975 524 3039 filiis
546 2984 658 3061 captus
680 2978 750 3055 fuit,
773 2978 1010 3041 considerantes
1032 2982 1066 3041 et
1088 2975 1289 3040 attendentes
1305 2993 1402 3058 opera
1423 2974 1560 3038 eximiae
1575 2973 1704 3038 antiatis

302 3083 334 3141 et
356 3098 498 3143 summae
521 3079 689 3165 fidelitatis,
712 3081 850 3146 eundem
872 3078 933 3162 inl
1211 3079 1261 3163 los
1283 3073 1540 3166 ass[ump]simus
1563 3083 1596 3141 et
1616 3095 1704 3141 rece·

301 3181 416 3264 pimus,
445 3185 664 3267 permittentes
694 3191 726 3250 et
747 3186 888 3249 locantes
915 3185 954 3248 ad
977 3185 1125 3249 dextram
1147 3203 1216 3248 esse
1240 3188 1390 3265 nostram,
1421 3187 1453 3245 et
1475 3200 1550 3245 cum
1572 3180 1703 3263 quidam

236 3292 268 3347 25
303 3285 393 3349 miles
422 3286 556 3371 insignis
586 3309 660 3352 cum
686 3290 797 3352 lancea
826 3288 979 3352 vexillata
1009 3289 1155 3353 irruisset
1181 3288 1215 3351 in
1246 3305 1306 3350 nos
1336 3291 1368 3349 et
1389 3286 1532 3349 lanceam
1555 3304 1647 3348 suam
1668 3284 1704 3348 in

301 3385 371 3472 par[
527 3391 635 3476 isellae
658 3398 786 3456 nostrae
808 3393 962 3475 fregisset,
994 3394 1050 3475 qui
1073 3398 1179 3456 tamen
1201 3410 1258 3475 per
1280 3390 1403 3453 hastam
1424 3394 1567 3452 nostram
1589 3408 1704 3452 succu-

301 3491 371 3556 buit
398 3494 432 3556 in
454 3503 614 3560 momento
646 3502 678 3560 et
706 3496 766 3560 hoc
795 3497 865 3560 viso
888 3496 942 3560 alii
964 3497 1084 3559 inimici
1106 3496 1207 3560 nostri
1229 3496 1263 3558 iu
1286 3512 1345 3556 nos
1366 3492 1490 3557 irruere
1512 3492 1700 3573 voluissent,

302 3595 383 3660 idem
406 3598 593 3662 Alexander
607 3619 722 3679 comes,
738 3620 856 3664 carens
869 3600 971 3664 ‘nobis
987 3606 1018 3664 et
1033 3600 1217 3663 custodiens
1233 3617 1301 3675 nos,
1317 3595 1356 3659 de
1371 3593 1524 3677 laesion[e
1540 3594 1704 3680 qualilbet,

301 3700 480 3763 exercendo
503 3702 639 3783 militias,
662 3702 755 3765 modo
779 3709 852 3766 ante
869 3723 936 3785 nos,
959 3704 1052 3766 modo
1068 3709 1141 3787 post
1163 3720 1221 3764 nos
1240 3706 1273 3764 et
1288 3698 1459 3781 aliquando
1474 3700 1514 3763 ad
1537 3700 1701 3781 utrimque

235 3813 269 3865 30
303 3803 387 3867 latus
417 3810 563 3868 nostrum
596 3807 680 3870 inter
713 3807 790 3869 alias
820 3808 955 3871 virtutes
989 3828 1063 3871 suas
1092 3805 1269 3891 praeclaras
1299 3810 1332 3868 et
1361 3803 1536 3867 laudabiles
1567 3803 1704 3886 militias,

302 3926 403 3972 umnn
426 3909 558 3972 militem
579 3911 736 3993 insignem
759 3911 792 3972 in
809 3916 982 3994 conspectu
1004 3916 1114 3973 nostro
1129 3909 1303 3992 prostravit
1324 3908 1415 3971 hasta
1436 3928 1495 3972 sua
1516 3906 1651 3970 viriliter
1673 3912 1705 3971 et

301 4011 502 4076 laudabiliter
524 4013 712 4095 dimicando,
736 4014 884 4078 omnibus
906 4020 943 4078 ut
965 4020 1014 4078 est
1036 4018 1156 4077 notum.
1193 4011 1442 4088 Quamobrem
1464 4011 1498 4073 in
1519 4029 1704 4094 recompen-

301 4117 456 4180 sationem
479 4115 667 4181 fidelitatum
690 4123 722 4180 et
741 4117 945 4181 servitiorum
967 4118 1068 4201 ipsius
1083 4115 1228 4179 volentes
1250 4120 1340 4198 grata
1358 4113 1578 4178 vicissitudine
1600 4112 1704 4177 eidem

301 4238 476 4299 occurrero,
505 4220 581 4283 licet
610 4241 667 4304 pro
691 4221 814 4285 modico
839 4227 1032 4304 reputemus,
1055 4218 1141 4302 quod
1164 4218 1204 4281 ad
1227 4237 1378 4302 praesens
1400 4217 1533 4301 agimus,
1555 4222 1703 4301 respectu

233 4331 266 4384 35
300 4342 420 4397 eorum,
451 4342 533 4405 quae
562 4324 666 4388 facere
694 4325 890 4388 intendimus
918 4331 949 4388 et
979 4331 1127 4405 meretur,
1151 4329 1268 4387 terram
1291 4321 1397 4385 Mallia
1426 4325 1580 4403 vocatam,
1604 4339 1700 4402 quam

300 4425 397 4507 Myle
426 4425 578 4490 barbatus
608 4448 627 4490 a
657 4429 771 4492 comite
801 4427 893 4509 Drug
921 4433 1010 4511 patre
1040 4428 1141 4511 ipsius
1169 4425 1347 4490 Alexandri
1376 4423 1500 4488 comitis
1530 4428 1701 4506 receperat,

300 4528 510 4593 sufficientem
534 4531 573 4593 ad
596 4551 653 4595 sex
677 4538 789 4612 aratra,
812 4533 895 4595 sicut
917 4531 1041 4610 dicitur,
1065 4532 1159 4594 sitam
1180 4531 1215 4593 in
1237 4531 1389 4595 comitatu
1412 4527 1451 4591 άθ
1467 4527 1602 4610 Zotmar,
1625 4526 1703 4591 item

301 4640 417 4696 terram
441 4633 612 4698 Clementis
642 4638 711 4699 sine
740 4635 856 4699 herede
887 4634 1069 4699 decedentis
1098 4634 1211 4698 Keztel
1240 4639 1394 4715 vocatam,
1423 4633 1458 4696 in
1487 4632 1639 4695 comitatu
1663 4631 1703 4696 de

301 4737 432 4818 Zemlyn
457 4739 659 4819 existentem,
681 4744 845 4822 praeterea
867 4744 984 4802 terram
1007 4738 1097 4813 Olan,
1124 4738 1269 4801 similiter
1291 4737 1359 4800 sine
1382 4735 1498 4800 herede
1521 4735 1703 4799 decedentis

236 4849 270 4901 lo
304 4842 397 4905 etiam
414 4841 495 4905 Olan
518 4848 672 4923 vocatam,
695 4842 788 4905 sitam
811 4842 842 4903 in
867 4842 1019 4905 comitatu
1042 4842 1081 4905 de
1096 4841 1229 4922 Borscd,
1252 4860 1326 4904 cum
1349 4840 1497 4903 omnibus
1512 4838 1704 4903 utilitatibus

302 4952 334 5009 et
357 4946 556 5029 pertinentiis
586 4965 696 5009 earum
719 4965 755 5008 ac
778 4943 837 5008 sub
867 4944 986 5009 eisdem
1015 4946 1108 5008 metis
1130 4952 1162 5008 et
1184 4944 1329 5008 terminis
1350 4944 1384 5007 in
1408 4943 1525 5026 quibus
1546 4941 1586 5005 ab
1609 4948 1704 5007 antea

304 5049 453 5114 limitatae
484 5050 611 5113 fuerant
641 5056 673 5113 et
702 5068 875 5133 possessae,
906 5048 1007 5112 eidem
1030 5047 1217 5110 Alexandro
1248 5048 1356 5111 comiti
1386 5053 1418 5111 et
1445 5046 1512 5110 suis
1534 5045 1705 5110 heredibus

303 5153 518 5236 heredumque
553 5152 790 5217 successoribus
821 5153 1019 5233 donavimus,
1050 5151 1238 5214 tradidimus
1268 5156 1300 5214 et
1329 5149 1524 5214 contulimus
1549 5154 1703 5232 perpetuo

303 5258 515 5340 possidendas.
553 5256 599 5321 Ut
627 5257 726 5340 igitur
755 5257 813 5319 hae
844 5260 971 5319 nostrae
1002 5255 1189 5318 donationes
1221 5253 1319 5317 robur
1346 5254 1510 5317 obtineant
1531 5256 1704 5343 perpetuae

239 5365 273 5417 45
305 5359 461 5424 firmitatis
482 5380 542 5425 nec
571 5361 606 5423 in
629 5360 736 5442 aliquo
763 5380 860 5423 cursu
883 5365 1063 5443 temporum
1092 5378 1150 5443 per
1172 5360 1354 5443 quempiam
1375 5357 1500 5442 possint
1521 5356 1554 5418 in
1576 5355 1703 5419 irritum

303 5464 442 5527 revocari
457 5463 510 5528 rel
532 5465 706 5546 retractari,
728 5464 889 5548 praedicto
904 5462 1092 5527 Alexandro
1108 5462 1216 5526 comiti
1231 5466 1264 5525 et
1285 5460 1352 5525 suis
1366 5460 1502 5544 posteris
1517 5462 1702 5543 praesentes
