4084 6302
980 626 1135 721 jom-

359 831 497 895 quarum
513 810 669 893 quaedam
683 811 774 895 prius
788 811 921 877 inerunt
939 820 1118 896 renovatae,
1142 816 1297 897 quaedam
1313 836 1390 880 vero
1406 817 1583 900 demolitae,
1606 819 1651 883 ita
1673 821 1759 902 quod

359 917 462 982 solum
487 934 579 980 areae
602 933 679 979 suae
706 915 774 980 sive
796 916 887 980 sedes
907 935 1016 981 aarum
1039 918 1224 983 manifestae
1246 925 1364 1004 patent,
1398 927 1430 985 et
1451 922 1528 985 drun
1551 921 1595 985 ibi
1616 925 1760 1006 gramina

358 1020 567 1107 pullularunt,
583 1019 720 1084 vertitur
735 1019 775 1082 ad
789 1018 886 1083 finem
900 1021 1001 1103 ipsius
1016 1021 1121 1099 berch,
1136 1022 1222 1085 unde
1238 1022 1401 1087 descendit
1414 1024 1449 1086 in
1464 1026 1541 1088 satis
1555 1025 1596 1088 ad
1612 1045 1757 1109 magnam

357 1127 451 1207 viam,
473 1144 531 1209 per
553 1143 650 1206 quam
672 1124 738 1186 itur
759 1124 799 1187 de
822 1124 898 1187 villa
916 1124 1007 1188 Buzd
1029 1125 1063 1188 in
1085 1125 1194 1188 villam
1216 1126 1326 1190 Alardi
1348 1133 1381 1191 et
1403 1129 1437 1190 iu
1459 1129 1566 1191 villam
1585 1128 1678 1191 Pauli
1699 1128 1757 1192 filii

357 1229 494 1295 ladislai
515 1230 608 1291 iuxta
630 1233 746 1292 terram
762 1227 853 1291 Buzd
875 1229 1123 1311 aseptentrione
1142 1237 1350 1311 remanentes,
1374 1249 1470 1312 quam
1493 1232 1576 1294 viam
1599 1232 1757 1297 transiem
1792 1242 1809 1293 6

357 1332 500 1398 ascendit
520 1331 561 1396 ad
583 1330 787 1414 supercilium
818 1331 982 1396 cuiusdam
1006 1331 1171 1396 monticuli
1193 1330 1274 1414 Seeg
1304 1334 1406 1397 vocati
1438 1333 1477 1396 ad
1499 1334 1580 1399 duas
1601 1341 1701 1399 metas
1723 1337 1756 1398 in

357 1438 450 1502 terris
472 1435 645 1500 arabilibus
667 1434 850 1515 existentes,
873 1437 907 1497 in
923 1454 987 1517 quo
1007 1434 1147 1500 flectitur
1163 1437 1254 1517 quasi
1277 1441 1389 1500 contra
1410 1438 1573 1502 meridiem
1597 1439 1637 1501 ad
1659 1459 1756 1503 unam

355 1546 473 1606 metam
494 1540 667 1622 antiquam.
689 1537 774 1602 Hinc
797 1538 837 1601 ad
859 1538 940 1602 duas
960 1544 1059 1602 metas
1078 1544 1257 1621 renovatas,
1279 1540 1438 1622 aquibus
1460 1541 1550 1605 venit
1571 1541 1611 1604 ad
1634 1541 1756 1623 silvam,

355 1647 390 1711 in
413 1666 477 1729 qua
505 1664 619 1729 parum
641 1642 784 1726 procedit
812 1647 845 1705 ct
865 1641 1040 1706 reflectitur
1069 1643 1110 1707 ad
1139 1644 1292 1709 orientem
1321 1650 1353 1707 ct
1375 1645 1408 1706 in
1437 1643 1532 1707 berch
1555 1645 1755 1709 ascendendo

356 1752 446 1815 venit
467 1750 508 1813 ad
529 1749 609 1813 duas
631 1751 731 1810 metas
754 1746 814 1809 sub
833 1745 1000 1809 arboribus
1023 1747 1079 1809 twl
1100 1749 1227 1830 positas,
1251 1767 1387 1829 quarum
1412 1768 1475 1810 una
1497 1756 1547 1811 cst
1568 1754 1670 1829 vetus,
1693 1749 1755 1811 alia
1790 1758 1825 1812 10

355 1873 448 1934 nova,
476 1852 551 1916 inde
579 1850 722 1915 ascendit
750 1849 789 1913 ad
812 1868 965 1913 cacumen
996 1851 1096 1934 ipsius
1118 1851 1214 1915 berch
1236 1852 1276 1914 ad
1304 1856 1368 1915 tres
1390 1857 1490 1914 metas
1512 1852 1669 1932 antiquas,
1700 1851 1755 1915 ubi

355 1958 537 2023 vicinantur
566 1960 669 2019 terrae
690 1953 781 2037 Enig.
826 1952 907 2016 Cum
931 1972 1006 2017 vero
1038 1955 1216 2037 praedictos
1245 1954 1413 2019 Nicolaum
1442 1960 1474 2017 et
1495 1952 1681 2017 Michaelem
1704 1972 1753 2017 se-

355 2062 496 2128 cundum
520 2066 663 2124 tenorem
679 2057 854 2123 earundem
875 2058 1040 2122 literarum
1058 2059 1178 2122 domini
1201 2060 1302 2123 nostri
1318 2058 1471 2121 vaivodae
1490 2058 1754 2139 amonuissemus,

356 2173 393 2231 ut
417 2185 529 2230 eorum
550 2164 764 2229 instrumenta
785 2161 813 2224 si
836 2180 918 2243 quae
940 2161 1102 2242 haberent,
1132 2181 1189 2245 per
1212 2181 1294 2244 quae
1316 2162 1386 2245 ipsa
1406 2161 1562 2245 particula
1587 2166 1691 2224 terrae
1713 2161 1754 2224 ud

355 2289 410 2335 eos
439 2268 534 2333 etad
560 2273 677 2331 terram
707 2285 819 2330 eorum
839 2264 1039 2349 Rengellrerh
1061 2266 1233 2349 pertineret
1254 2265 1474 2349 producerent,
1506 2263 1596 2328 nulla
1623 2265 1752 2348 penitus
1788 2275 1821 2328 15

354 2374 569 2437 instrumenta
590 2370 767 2454 producere
789 2375 972 2452 potuerunt
995 2389 1052 2453 per
1068 2369 1155 2452 quod
1177 2369 1288 2433 eadem
1310 2369 1466 2452 particula
1488 2368 1630 2451 ipsorum
1654 2370 1753 2433 tuisse

354 2482 387 2540 et
409 2493 479 2539 esse
505 2472 703 2557 probaretur,
734 2479 767 2537 et
789 2471 829 2537 ob
853 2473 912 2536 hoc
938 2473 1066 2536 eosdem
1088 2473 1256 2537 Nicolaum
1279 2479 1311 2537 et
1332 2472 1518 2536 Michaelem
1548 2473 1582 2535 in
1616 2472 1752 2556 birsagio

355 2578 555 2643 decrevimus
576 2577 774 2642 remansisse.
818 2577 941 2641 Verum
964 2578 1040 2659 quia
1065 2576 1158 2640 nobis
1179 2595 1239 2640 nec
1262 2576 1302 2640 de
1325 2576 1478 2658 qualitate
1504 2582 1608 2640 terrae
1632 2596 1690 2640 nec
1713 2576 1753 2639 dc

354 2686 508 2746 metarum
530 2680 679 2746 cursibus
699 2682 800 2764 ipsius
815 2680 987 2761 cursabat,
1010 2682 1050 2745 de
1071 2681 1203 2744 consilio
1228 2680 1383 2744 nobilium
1405 2679 1504 2763 partis
1526 2679 1753 2745 Transiluanae

354 2785 525 2851 iudicando
555 2784 772 2866 decrevimus,
805 2790 842 2848 ut
872 2784 955 2847 intra
988 2791 1117 2849 octavas
1150 2784 1235 2849 beati
1263 2783 1390 2867 Georgii
1424 2785 1573 2866 martyris
1606 2786 1752 2868 proxime
1788 2791 1824 2846 20

353 2897 507 2955 venturas
529 2908 690 2953 unacum
713 2887 841 2952 homine
864 2896 971 2953 nostro
994 2889 1034 2952 ad
1055 2890 1115 2953 hoc
1136 2908 1194 2972 per
1216 2908 1275 2952 nos
1298 2889 1449 2972 deputato
1471 2888 1556 2953 idem
1578 2889 1752 2972 capitulum

353 3012 468 3058 cursus
489 2997 647 3056 metarum
668 2997 701 3055 et
722 2991 926 3056 limitationes
956 2993 1120 3077 signorum
1154 3013 1191 3056 ac
1219 2993 1428 3056 terminorum
1462 2992 1604 3057 eiusdem
1640 2998 1752 3075 terrae,

352 3102 449 3180 prout
471 3096 505 3158 in
527 3096 693 3179 privilegio
716 3096 858 3178 ipsorum
884 3096 1075 3178 continetur,
1105 3095 1303 3161 reambulare
1326 3101 1358 3158 et
1380 3096 1547 3159 ostendere
1570 3096 1691 3177 debeat,
1722 3102 1754 3160 et

352 3200 436 3264 iacta
465 3199 648 3264 huiusmodi
677 3197 928 3262 reambulatione
957 3200 991 3262 in
1022 3201 1143 3264 octavis
1171 3200 1256 3264 beati
1278 3199 1407 3282 Georgii
1437 3198 1587 3279 martyris
1597 3196 1618 3275 ¹)
1646 3204 1753 3281 partes

352 3323 459 3369 coram
481 3303 574 3367 nobis
596 3321 779 3386 comparere
805 3307 983 3383 teneantur,
1014 3309 1046 3367 et
1066 3308 1144 3367 tuno
1167 3304 1194 3367 si
1216 3303 1393 3367 secundum
1416 3302 1629 3366 narrationem
1651 3303 1752 3386 ipsius
1787 3308 1822 3363 25

351 3407 518 3493 privilegii,
541 3408 611 3491 ipsa
630 3406 788 3491 particula
809 3410 911 3469 terrae
934 3406 1017 3469 inira
1038 3407 1191 3471 terminos
1214 3412 1247 3470 et
1265 3413 1365 3471 metas
1387 3406 1482 3470 villae
1504 3405 1595 3469 Buad
1617 3413 1751 3489 reperta,

352 3512 405 3576 vel
434 3512 475 3575 ad
505 3511 633 3576 eosdem
661 3510 830 3575 Nicolaum
861 3516 893 3575 at
918 3509 1102 3573 Michaelem
1133 3515 1166 3573 et
1195 3510 1235 3573 ad
1265 3530 1376 3574 eornm
1406 3516 1523 3574 terram
1552 3508 1751 3592 Rsngellrerh

352 3622 497 3680 vocatam
528 3615 683 3699 applicata
708 3614 806 3679 tuerit
828 3620 861 3678 et
881 3613 1006 3676 inclusa
1028 3618 1060 3676 et
1081 3632 1138 3696 per
1164 3614 1323 3677 hominem
1347 3619 1493 3676 nostrum
1516 3614 1561 3676 sic
1588 3612 1680 3676 nobis
1701 3631 1751 3676 re-

350 3719 452 3783 latum
482 3719 649 3801 exstiterit,
685 3719 807 3783 iustitia
837 3717 992 3782 suadente
1021 3716 1108 3779 finali
1139 3717 1298 3782 decisione
1328 3717 1461 3780 eundem
1492 3735 1621 3780 causam
1643 3717 1751 3779 tarmi-

352 3823 508 3888 nabimus.
552 3821 671 3886 Datum
700 3822 736 3884 in
757 3826 867 3885 sancto
890 3820 1045 3902 Emerico,
1072 3827 1186 3902 quarta
1211 3821 1262 3884 die
1293 3826 1478 3883 octavarum
1508 3820 1749 3903 praedictarum,
1785 3826 1821 3881 30

351 3946 435 3991 anno
459 3927 579 3991 domini
600 3925 649 3990 Μ0
664 3925 773 3990 CCC*
791 3924 925 3989 XXX*
943 3930 1064 3988 octavo.

506 4065 582 4149 Auf
597 4064 653 4128 dar
674 4062 849 4128 Rdalcseite:
879 4062 942 4127 Pro
974 4061 1152 4126 honorabili
1177 4062 1315 4146 capitulo
1347 4061 1499 4126 ecclesiae
1523 4062 1750 4127 Transiluanae

350 4175 462 4234 cenna
482 4168 650 4234 Nicolaum
680 4168 781 4232 filium
804 4167 980 4231 Salamonis
1002 4172 1034 4231 et
1054 4165 1240 4230 Michaelem
1269 4165 1372 4230 filium
1394 4164 1536 4231 Danielis
1558 4166 1598 4229 ad
1621 4173 1749 4230 octavas

350 4275 452 4337 sancti
474 4272 602 4357 Georgii
624 4274 778 4354 martyris
797 4291 883 4336 nunc
905 4270 1088 4349 venturas¹l
1111 4269 1309 4335 memorialis.

506 4429 527 4495 ¹)
544 4426 609 4483 Mai
626 4431 651 4481 1.
1784 4423 1819 4477 35
