4106 6294
976 573 1130 669 „mr-

354 760 422 824 Nos
444 761 542 844 igitur
566 763 622 844 qui
636 781 679 826 ex
701 761 807 825 debito
824 763 965 845 suscepti
987 762 1149 846 regiminis
1172 762 1346 844 quemlibet
1361 768 1393 826 et
1414 762 1593 844 specialiter
1611 766 1754 826 sanctam

354 864 519 928 ecclesiam
548 865 582 928 in
606 885 664 929 suo
687 866 758 929 iure
788 872 935 929 tenemur
964 885 1164 946 conservare,
1194 866 1286 930 iustis
1309 872 1341 929 et
1370 865 1518 949 legitimis
1543 865 1752 949 petitionibus

353 967 455 1050 ipsius
477 967 667 1032 venerabilis
689 969 788 1052 patris
808 968 974 1032 Benedicti
996 970 1135 1053 episcopi
1156 969 1448 1033 Tmussiluanensis
1465 969 1640 1052 benignum
1663 989 1753 1053 prae·

354 1070 467 1136 bentes
488 1092 664 1154 assensum,
688 1074 764 1155 quia
785 1072 870 1157 ipsas
900 1072 1009 1137 literas
1031 1074 1213 1137 invenimus
1237 1093 1302 1137 non
1324 1073 1513 1137 cancellatas
1535 1093 1601 1136 non
1624 1074 1752 1138 abrasas

354 1194 414 1239 nec
443 1176 478 1238 in
508 1176 616 1257 aliqua
645 1177 695 1240 sui
724 1182 814 1260 parte
844 1196 914 1241 esse
936 1178 1072 1257 vitiatas,
1103 1176 1143 1241 de
1165 1176 1263 1240 verbo
1294 1177 1333 1240 ad
1365 1177 1499 1241 verbum
1530 1177 1751 1260 praesentibus
1786 1186 1803 1237 5

354 1279 452 1344 inseri
475 1279 609 1343 fecimus
636 1280 751 1344 dictam
774 1281 978 1344 donationem
1008 1286 1192 1344 nostrorum
1215 1281 1455 1364 progenitorum
1478 1287 1578 1344 ratam
1601 1279 1752 1344 habentes

354 1388 387 1449 et
407 1384 623 1467 praesentium
646 1385 833 1448 auctoritate
851 1384 1042 1448 ratificantes
1065 1383 1298 1448 confirmamus.
1332 1385 1371 1448 In
1394 1385 1486 1449 cuius
1505 1385 1552 1448 rei
1567 1384 1752 1448 memoriam

355 1492 606 1571 perpetuamque
628 1486 811 1552 firmitatem
825 1494 1007 1571 praesentes
1030 1488 1242 1571 privilegiatos
1264 1496 1391 1552 nostras
1405 1490 1622 1553 concessimus
1643 1488 1751 1552 literas

354 1591 490 1675 duplicis
520 1590 614 1674 sigilli
635 1591 738 1655 nostri
767 1592 960 1675 appensione
991 1593 1209 1655 communitas.
1254 1592 1373 1656 Datum
1403 1612 1461 1676 per
1487 1613 1601 1656 manus
1624 1592 1752 1656 discreti

356 1695 418 1758 viri
447 1695 590 1778 magistri
612 1694 768 1758 Johanuis
790 1694 941 1759 ecclesiae
970 1700 1099 1759 nostrae
1121 1696 1271 1760 Albensis
1293 1698 1463 1781 praepositi
1486 1704 1518 1761 et
1541 1695 1751 1760 archidiaconi
1787 1700 1822 1755 10

355 1799 395 1863 de
416 1798 571 1881 Kukullu,
602 1798 693 1862 aulae
716 1803 842 1862 nostrae
872 1799 1121 1863 vicecancellarii
1152 1799 1259 1863 dilecti
1280 1808 1312 1864 et
1336 1801 1439 1864 fidelis
1462 1802 1571 1881 nostri,
1604 1819 1688 1863 anno
1711 1797 1750 1862 ab

355 1902 572 1967 incarnatione
595 1902 715 1966 domini
737 1902 902 1967 millesimo
920 1880 1014 1966 ὒόὂ
1037 1903 1218 1986 tredecimo,
1241 1903 1411 1967 tredecimo
1426 1902 1587 1967 Kalendas
1602 1903 1751 1987 Augusti,

356 2006 449 2090 regni
470 2012 578 2071 autem
599 2006 699 2070 nostri
722 2005 867 2070 similiter
889 2006 1069 2070 tredecimo.

1012 2301 1103 2384 337.

432 2467 531 2536 1314
562 2463 707 2537 Oktobcr
738 2469 771 2537 7.
808 2466 926 2557 Ko'rrip
951 2467 1047 2537 Karl
1072 2465 1229 2557 deatdtigt
1254 2466 1346 2537 aava
1380 2464 1544 2539 Urucam
1569 2488 1634 2537 oon
1659 2467 1752 2536 1311
1788 2483 1821 2535 15

357 2584 424 2657 Nr.
447 2588 527 2657 325
550 2585 734 2674 betrcffcad
749 2587 1032 2675 Pettcadorffrir
1048 2587 1200 2674 rosana,
1229 2585 1322 2658 Sota
1344 2585 1494 2658 oestrus
1512 2609 1575 2659 von
1594 2586 1750 2657 Bistrita.

513 2749 589 2818 Θήρ.
613 2750 693 2819 Perp.
723 2750 827 2820 Unqar.
846 2750 1105 2805 Natioualmuscum
1130 2753 1280 2821 Badopeat.
1311 2750 1510 2819 Doppelar'rpel,
1534 2750 1617 2816 rand,
1643 2749 1752 2804 Dareit-

458 2853 557 2891 mesarr
574 2841 619 2892 9·8
633 2835 799 2903 centimeter,
817 2837 923 2891 remeses
940 2837 1049 2903 Waclva
1068 2855 1107 2891 an
1123 2844 1227 2907 grener
1240 2837 1441 2891 Seidenselmur
1459 2837 1621 2906 amedeum.
1651 2836 1753 2889 Avcra:

459 2923 554 2993 Ko'rrip
570 2924 690 2992 pekrdat,
715 2924 771 2991 aas
790 2924 850 2977 dem
871 2923 964 2977 Three
981 2923 1094 2989 attend,
1118 2923 1149 2975 ia
1166 2923 1215 2976 dar
1234 2922 1352 2976 Rechten
1368 2922 1421 2975 das
1439 2921 1546 2989 Sceptcr
1569 2922 1601 2975 in
1618 2921 1663 2975 die
1681 2920 1752 2974 Seite

457 3014 580 3079 gemam,
598 3008 630 3061 in
647 3009 695 3062 der
707 3008 816 3062 Lintea
832 3008 888 3076 [rai
905 3007 1017 3061 halland
1034 3008 1087 3061 dea
1103 3007 1284 3075 Reichswfcl.
1308 3007 1457 3074 Umsclrrift
1474 3008 1589 3075 kapitcl,
1609 3008 1645 3073 E,
1663 3007 1704 3074 M,
1722 3006 1756 3060 N
1787 3007 1823 3061 20

458 3095 517 3148 aad
545 3094 572 3149 U
592 3094 700 3148 uariat:
742 3094 793 3164 [†]
838 3094 1003 3148 KAROLUS
1046 3093 1108 3147 Dm
1151 3094 1283 3147 aunem
1330 3094 1512 3162 [U]NGARII¹}
1558 3093 1752 3160 omimium

459 3180 609 3236 OROACOE
661 3180 760 3235 RAME
787 3184 805 3251 ].
842 3181 957 3236 Revera:
984 3181 1175 3249 Doppellcreus
1201 3181 1234 3232 in
1260 3180 1435 3249 dreieclripcm
1462 3180 1556 3235 Smila
1582 3181 1632 3233 mit
1656 3196 1750 3249 cuspe-

458 3268 592 3321 raudeten
609 3267 785 3336 Larapreiten.
826 3267 989 3334 Umsclrrift:
1025 3266 1062 3333 [†
1096 3265 1224 3320 SERUIE
1264 3266 1405 3321 ermom
1445 3266 1661 3336 LODJOMEROE
1695 3265 1752 3320 CO·

458 3354 574 3408 unum
609 3353 810 3419 BOLGARIEQ
844 3353 926 3409 REX.
962 3353 1000 3407 In
1017 3354 1077 3407 dem
1096 3353 1188 3408 Mum
1205 3352 1338 3407 awiachen
1355 3354 1415 3407 dem
1433 3353 1527 3407 Kreas
1545 3354 1604 3407 aad
1621 3353 1680 3406 dem
1692 3368 1752 3409 vor·

458 3441 642 3510 aequandas
659 3440 709 3494 wic
727 3440 786 3493 dem
803 3440 1019 3510 nodesolqeuden
1041 3440 1128 3506 Wort,
1146 3440 1225 3493 darm
1240 3440 1372 3493 eumden
1390 3439 1600 3493 demetriadem
1622 3438 1751 3492 Wdrterrr
1785 3438 1820 3491 25

460 3528 509 3581 der
531 3527 680 3594 Umselvrift
704 3527 818 3593 besiadet
842 3527 900 3581 sich
913 3527 946 3594 je
963 3527 1008 3581 ein
1026 3527 1119 3595 Zweip
1142 3526 1192 3579 mit
1209 3526 1269 3580 ἄνοι’
1288 3527 1423 3581 Blcittern.
1450 3526 1624 3595 abacorum:
1648 3524 1752 3578 Kaous

461 3613 641 3667 Marcomanis
659 3612 703 3679 II,
721 3616 773 3667 433
790 3613 850 3667 und
866 3617 926 3667 432.

512 3734 623 3788 Druck:
641 3734 728 3802 cuja
748 3733 838 3789 coum
860 3734 948 3801 VIII,
967 3739 991 3801 1,
1009 3738 1069 3790 539.

512 3905 705 3993 [Klarolus¹l
721 3909 770 3973 dei
783 3909 883 3993 gratia
893 3908 1087 3991 Hungan‘ae,
1098 3908 1287 3991 Dalmaciae,
1299 3908 1456 3992 Oroaciae,
1472 3909 1599 3991 Ramae,
1611 3908 1751 3990 Seruiae,

358 4011 515 4094 Gallieiae,
537 4012 750 4095 ledemariae,
774 4012 943 4077 Oomaniae
965 4012 1198 4095 Bulgariaeque
1221 4032 1279 4076 rex
1302 4014 1450 4075 omnibus
1470 4012 1586 4077 Christi
1604 4011 1752 4075 fidelibus
1787 4023 1822 4077 30

357 4136 506 4201 praesens
522 4118 675 4201 scriptum
698 4117 888 4200 inspecturis
911 4116 1045 4180 salutem
1061 4117 1094 4179 in
1110 4117 1253 4179 omnium
1269 4116 1433 4179 salvatore.
1460 4116 1512 4180 Ad
1527 4117 1750 4179 universorum

355 4227 420 4284 tam
442 4221 657 4304 praesentium
681 4239 776 4302 quam
800 4220 983 4284 futurorum
1006 4221 1150 4284 notitiam
1173 4221 1285 4284 harum
1307 4220 1387 4284 serie
1403 4220 1552 4284 volumus
1573 4219 1751 4303 pervenire,

359 4324 445 4406 quod
471 4324 625 4388 accedens
655 4324 695 4387 ad
725 4329 865 4387 nostram
896 4324 1106 4407 praesentiam
1134 4343 1240 4387 comes
1262 4323 1426 4387 Johaunes
1454 4322 1541 4387 filius
1563 4322 1690 4387 Geubul
1712 4321 1752 4384 de

357 4426 508 4491 Bezterce
529 4426 632 4491 fidelis
654 4433 762 4491 noster
784 4427 929 4490 exhibuit
951 4433 982 4490 et
1005 4427 1180 4510 reportavit
1208 4426 1300 4490 nobis
1330 4427 1438 4490 literas
1461 4432 1586 4490 nostras
1608 4430 1752 4510 patentes

357 4529 460 4613 sigillo
490 4536 599 4594 nostro
630 4531 770 4594 cruciato
801 4532 1002 4614 consignatas
1033 4550 1129 4615 super
1152 4530 1322 4593 donatione
1353 4531 1517 4594 cuiusdam
1540 4530 1752 4613 possessionis
1787 4538 1820 4591 35

358 4633 544 4698 Pettendorf
566 4640 696 4698 vocatae
726 4634 800 4697 olim
831 4633 890 4697 sibi
920 4653 977 4717 per
1007 4653 1066 4697 nos
1095 4634 1179 4697 tacta
1200 4634 1361 4697 coniectas
1389 4641 1500 4717 petens
1522 4632 1656 4696 anobis
1679 4651 1751 4695 oum

358 4737 517 4819 instantia,
547 4743 584 4802 ut
606 4738 689 4801 sicut
710 4737 770 4801 sibi
792 4738 826 4800 in
849 4737 968 4801 eisdem
990 4738 1091 4801 literis
1113 4739 1240 4819 nostris,
1272 4742 1309 4801 ut
1331 4758 1404 4801 oum
1430 4738 1469 4800 ad
1494 4756 1552 4800 nos
1574 4742 1752 4822 reportatae

358 4841 485 4922 fuerint,
516 4846 625 4905 nostro
655 4840 820 4924 privilegio
852 4842 935 4923 ipsas
958 4840 1228 4923 confirmaremus,
1258 4841 1360 4905 eidem
1383 4843 1630 4925 promiseramus
1653 4842 1752 4925 ipsam

357 4943 560 5008 donationem
583 4949 683 5007 ratam
704 4943 819 5008 habere
842 4943 1033 5025 easdemque
1055 4944 1163 5007 literas
1185 4946 1219 5007 in
1241 4945 1375 5008 formam
1398 4945 1553 5028 privilegii
1577 4946 1677 5008 nostri
1701 4965 1749 5009 re·

358 5046 465 5131 digere
486 5048 698 5130 dignaremur.
726 5045 867 5123 Quarum
893 5052 985 5110 tenor
1007 5046 1079 5110 talis
1100 5053 1156 5111 est.
1186 5045 1291 5131 (mut
1313 5048 1362 5111 die
1391 5045 1537 5112 Urlrunde
1559 5046 1610 5110 dae
1631 5045 1750 5131 Koniqs
1784 5056 1819 5108 40

357 5147 441 5215 Karl
462 5171 518 5215 von
540 5150 618 5214 1311
639 5147 697 5215 Nr.
715 5150 808 5232 325.)
830 5150 897 5215 Nos
918 5152 1016 5234 igitur
1038 5151 1247 5232 attendentes
1272 5152 1358 5234 quod
1381 5170 1516 5233 eaquae
1539 5152 1599 5214 rite
1622 5159 1653 5215 et
1675 5151 1752 5234 legi·

357 5254 433 5318 time
455 5254 572 5317 donata
593 5259 626 5318 et
647 5254 762 5317 collata
776 5274 796 5317 a
809 5253 1006 5337 principibus
1025 5254 1146 5318 fuerint
1164 5256 1198 5318 in
1215 5261 1405 5339 perpetuum
1420 5255 1556 5319 debeant
1571 5255 1752 5340 perdurare,

358 5356 501 5421 eiusdem
522 5358 645 5421 comitis
663 5357 819 5421 Johannis
841 5357 943 5422 fidelis
965 5359 1065 5422 nostri
1088 5359 1181 5422 iustis
1202 5359 1350 5443 precibus
1373 5359 1517 5423 inclinati
1539 5360 1622 5443 ipsas
1644 5359 1752 5425 literas

514 5491 535 5555 ¹)
554 5489 647 5546 ΒΜ
663 5491 715 5560 fiir
731 5491 765 5547 Κ
778 5492 832 5547 laer
848 5492 980 5563 palmam.
