4064 6288
889 608 1046 704 Q-

420 791 532 847 Druck:
557 791 644 859 chtr
670 791 760 849 Oodea
782 793 852 861 VII,
875 798 901 862 4,
920 798 980 849 130.
1013 794 1126 849 Teutorh
1143 794 1351 850 (1111111111
1375 794 1447 851 Sco.
1470 797 1597 867 Urlcb.I‚
1620 802 1664 855 84.

368 879 581 949 Mittbeilunpcc
598 880 646 934 dee
663 880 795 935 Instituta
811 881 863 948 fair
879 885 975 935 datcrr.
996 881 1089 936 Gesclt.
1113 882 1144 948 V,
1163 886 1223 973 511.

421 1000 640 1071 1111111111
660 1000 750 1056 coca
772 1001 842 1069 vrr,
860 1005 964 1069 1158.

420 1175 600 1261 Stephanus
630 1177 681 1241 dei
710 1177 811 1261 gratia
839 1177 947 1241 iunior
975 1197 1035 1242 rer
1064 1178 1233 1262 Vngariae,
1267 1179 1335 1243 dur
1364 1181 1602 1248 Transssuaniae
1632 1189 1665 1248 et

216 1286 232 1337 5
267 1279 415 1344 dominus
445 1280 660 1345 Comanorum
693 1280 841 1346 omnibus
874 1301 1025 1365 praesens
1059 1283 1213 1366 scriptum
1245 1284 1436 1368 inspecturis
1466 1287 1602 1353 salutem
1630 1290 1664 1353 in

266 1385 409 1448 omnium
430 1385 596 1451 salvatore.
633 1387 722 1450 Inter
743 1390 865 1450 ceteras
887 1382 941 1468 do[
1097 1386 1138 1472 1¹)
1162 1394 1349 1452 ornamenta
1373 1390 1492 1473 regalia
1513 1392 1664 1457 thronum

265 1486 393 1553 decorat
413 1487 552 1573 regalem
573 1489 688 1554 nutrix
709 1489 867 1554 virtutum
888 1490 998 1574 pietas,
1020 1491 1196 1574 prudenter
1217 1493 1347 1555 intuens
1370 1499 1403 1557 et
1423 1486 1479 1578 pie
1491 1495 1664 1562 sublevans

264 1593 388 1676 inopias
418 1610 652 1676 oppressorum,
682 1593 758 1677 quia
783 1593 860 1657 dum
882 1594 1065 1678 provisione
1087 1595 1314 1659 moderationis
1335 1598 1451 1680 regalis
1473 1617 1665 1666 1011111111-

265 1697 433 1761 cutiuntur
454 1715 552 1760 onera
567 1701 704 1780 augetur
718 1716 874 1762 numerus
889 1703 921 1762 et
936 1698 977 1761 ad
991 1698 1185 1763 ferventiora
1198 1698 1359 1764 fidelitatis
1375 1700 1530 1785 obsequia
1550 1705 1666 1770 erescit

200 1802 233 1856 10
266 1800 397 1865 affectus
420 1806 452 1864 et
473 1800 633 1865 excitatur
656 1799 783 1865 devotio
807 1800 1032 1867 subiectorum.
1065 1803 1118 1866 Ad
1147 1803 1373 1867 universorum
1399 1806 1498 1889 igitur
1520 1809 1666 1872 notitiam

265 1903 417 1968 volumus
437 1903 615 1988 pervenire,
639 1904 726 1985 quod
748 1924 823 1968 cum
844 1901 998 1989 hosp[ites
1020 1905 1133 1990 nostri]
1157 1906 1196 1969 de
1216 1906 1342 1971 Karaho
1366 1914 1399 1972 et
1420 1909 1460 1973 de
1475 1909 1593 1995 Yguen
1607 1931 1666 1996 per

265 2007 438 2072 descensus
470 2007 641 2071 continuos
670 2009 825 2073 vaivodae
854 2009 1055 2074 Transiluani
1083 2030 1141 2095 pro
1165 2015 1307 2095 tempore
1329 2013 1497 2079 existentis
1520 2017 1665 2098 querela·

265 2118 378 2177 rentur
399 2111 573 2196 plurimum
596 2131 631 2176 se
653 2112 788 2196 gravari,
812 2113 950 2195 querelis
969 2114 1064 2178 etiem
1078 2113 1319 2198 propulsassent
1333 2116 1557 2199 frequentibus
1571 2140 1666 2185 auree

265 2221 400 2297 nostras,
428 2216 515 2297 quod
542 2216 712 2279 vioeiuder
741 2217 896 2280 vaivodae
926 2238 983 2301 pro
1013 2224 1155 2302 tempore
1185 2221 1380 2285 constitutus
1402 2240 1461 2285 suo
1484 2240 1540 2287 eos
1562 2229 1665 2288 astare

200 2324 231 2376 15
266 2319 459 2404 compellens
473 2320 600 2401 iudicio,
621 2319 784 2384 multoties
805 2318 945 2384 afficeret
966 2321 1095 2385 eosdem
1117 2321 1280 2388 laboribus
1302 2326 1508 2409 sumptuosis,
1529 2327 1666 2391 vaivoda

266 2425 361 2487 etiam
390 2424 477 2508 ipsos
499 2429 611 2487 contra
632 2423 810 2488 libertatem
832 2443 952 2506 eorum,
982 2424 1169 2508 placitantes
1191 2423 1252 2509 int[
1408 2427 1483 2514 ]m²)
1503 2431 1665 2495 evocando

266 2547 402 2593 examen
424 2528 614 2591 damnorum
636 2533 669 2591 et
688 2527 835 2591 laborum
857 2547 1030 2611 gravamen
1051 2529 1208 2612 irrogaret
1229 2531 1358 2614 eisdem,
1389 2552 1449 2597 nos
1471 2535 1665 2599 condescen-

266 2633 378 2696 dentes
394 2632 532 2714 querelis
547 2639 579 2695 et
593 2631 687 2695 iustis
701 2631 845 2694 inclinati
859 2632 1008 2715 precibus
1023 2634 1207 2716 eorundem,
1222 2636 1356 2718 gratiam
1371 2638 1417 2701 eis
1431 2637 1665 2722 infrascriptam

265 2735 399 2800 fecimus
420 2736 455 2798 in
476 2735 666 2820 praemissis.
703 2735 863 2799 Volumus
893 2737 991 2819 igitur
1013 2741 1045 2800 et
1067 2737 1144 2820 ipsis
1167 2739 1345 2822 hospitibus
1367 2742 1485 2805 nostris
1506 2743 1666 2806 irrevoca-

199 2840 234 2895 20
266 2838 372 2902 biliter
392 2837 605 2921 indulgemus,
636 2839 723 2921 quod
745 2839 855 2903 nullus
877 2841 1006 2905 omnino
1030 2841 1167 2904 vaivoda
1187 2842 1416 2908 Transiluanus
1438 2864 1590 2930 praesens
1613 2847 1666 2912 vel
1721 2878 1723 2883 ·

266 2943 395 3007 hrtnrus
425 2942 539 3007 debeat
561 2948 593 3006 et
614 2950 797 3027 praesumat
819 2945 1007 3008 descensum
1030 2944 1134 3009 facere
1157 2941 1168 3026 [
1376 2947 1502 3032 ]⁸)tuno
1528 2949 1666 3035 demum,

266 3066 340 3110 cum
355 3046 470 3128 aliqua,
494 3046 580 3128 quod
595 3047 686 3130 absit,
705 3049 811 3130 gravis
827 3052 859 3112 et
872 3048 1027 3131 inurgens
1042 3068 1141 3132 regno
1157 3055 1266 3114 nostro
1286 3051 1467 3117 immineret
1482 3054 1666 3139 adversitas,

267 3157 397 3235 propter
426 3151 518 3215 cuius
548 3152 768 3216 necessitatem
789 3152 971 3233 instantem,
1002 3153 1108 3237 ipsum
1131 3154 1300 3218 vaivodam
1322 3156 1429 3220 debita
1451 3157 1666 3223 sollieitudine

265 3255 484 3339 invigilantem
501 3255 678 3320 defensioni
693 3262 726 3319 et
740 3256 888 3320 remediis
899 3257 991 3340 regni
1005 3258 1107 3321 nostri
1118 3257 1317 3322 Transilnani
1334 3266 1494 3342 oporteret
1508 3262 1666 3327 divertere

199 3361 232 3416 25
267 3358 307 3421 ad
328 3358 506 3441 praedictos
534 3359 674 3443 hospites
703 3366 839 3443 nostros,
869 3380 943 3424 cum
969 3361 1063 3424 ineo
1087 3381 1164 3425 casu
1184 3361 1285 3445 ipsius
1307 3362 1466 3428 adventus
1488 3366 1667 3449 hospitibus

267 3462 386 3526 nostris
407 3462 577 3546 praedictis
599 3460 671 3544 affe[
902 3463 1009 3547 ]³)um
1039 3472 1071 3528 et
1094 3465 1234 3546 tutelam,
1264 3467 1297 3528 in
1329 3487 1393 3549 quo
1423 3488 1500 3532 casu
1530 3469 1667 3534 eundem

267 3565 512 3630 descendentem
525 3567 610 3631 inter
625 3585 680 3631 eos
695 3566 831 3631 libenter
849 3574 882 3631 et
895 3568 1067 3633 hberaliter
1081 3569 1306 3652 procurabunt.
1330 3570 1500 3636 Praeterea
1516 3573 1667 3637 volumus

267 3676 304 3733 ut
325 3669 470 3752 vaivoda,
493 3671 550 3752 qui
572 3690 659 3734 nuno
682 3677 731 3735 est
750 3671 800 3735 vel
815 3671 961 3735 fueritin
976 3672 1132 3754 faturum,
1155 3672 1256 3736 dictos
1271 3674 1412 3758 hospites
1426 3681 1553 3740 nostros
1569 3695 1667 3760 super

268 3792 471 3856 quacumque
493 3793 590 3838 causa
617 3774 777 3858 litigantes
804 3776 889 3840 inter
916 3795 950 3840 se
978 3776 1139 3840 iudicandi
1165 3796 1232 3840 non
1253 3777 1368 3842 habeat
1389 3778 1581 3862 facultatem,
1604 3781 1667 3843 nisi

200 3880 235 3935 ³0
268 3878 349 3941 forte
372 3878 424 3941 vel
445 3878 506 3961 ipsi
529 3878 669 3960 aliquem
691 3884 882 3943 extraneum
898 3879 950 3943 vel
966 3879 1082 3962 aliquis
1097 3886 1271 3944 extraneus
1288 3877 1411 3962 [contra
1426 3881 1493 3966 eos]
1510 3883 1665 3947 vaivodae

267 3978 445 4066 iudi[cium]
468 3986 624 4061 evocaret,
648 3982 818 4046 viceiudex
841 3989 947 4047 tamen
970 3983 1124 4047 vaivodae
1147 3984 1182 4046 in
1205 3983 1293 4047 nullo
1317 4004 1393 4049 casu
1416 3987 1501 4069 ipsos
1524 3987 1666 4070 hospites

267 4090 392 4149 nostros
414 4086 531 4169 poterit
544 4084 694 4148 iudicare.
723 4085 775 4147 Ad
798 4085 874 4149 haec
897 4107 971 4150 eum
994 4087 1068 4150 dicti
1091 4088 1232 4170 hospites
1254 4089 1356 4152 nostri
1377 4095 1493 4152 terram
1508 4110 1566 4173 pro
1582 4091 1665 4173 agri-

267 4189 393 4252 cultura
414 4194 447 4252 et
468 4209 529 4252 usu
549 4208 608 4252 suo
632 4187 841 4254 sufficientem
857 4209 922 4253 non
944 4190 1105 4271 haberent,
1129 4191 1290 4271 quandam
1305 4197 1423 4256 terram
1446 4194 1546 4256 nostri
1569 4194 1665 4256 castri

266 4292 416 4357 Albensis
438 4293 478 4356 ad
500 4298 642 4357 nostram
664 4293 863 4356 collationem
887 4294 1099 4376 pertinentem
1119 4293 1286 4377 Gyvmurd
1308 4303 1453 4360 vocatam
1476 4303 1508 4360 et
1529 4316 1664 4360 vacuam

201 4399 233 4454 35
267 4396 386 4461 eisdem
408 4399 624 4461 concessimus
646 4396 686 4459 de
705 4395 894 4460 liberalitate
917 4393 1039 4478 [nostra
1052 4397 1160 4481 ple]n0
1178 4400 1249 4463 iure
1263 4406 1417 4484 perpetuo
1432 4400 1665 4485 possidendam,

268 4509 301 4565 et
321 4502 403 4565 hanc
425 4507 542 4565 terram
564 4500 780 4564 concessimus
794 4500 913 4564 eisdem
929 4520 1002 4564 cum
1026 4501 1174 4566 omnibus
1196 4502 1386 4567 utilitatibus
1409 4510 1441 4569 et
1464 4505 1665 4589 pertinentiis

267 4605 334 4670 suis
355 4605 416 4669 sub
439 4605 558 4670 eisdem
572 4604 665 4669 metis
680 4610 714 4668 et
727 4604 880 4686 terminis,
896 4604 1014 4687 quibus
1028 4611 1122 4670 antea
1136 4606 1240 4671 fuerat
1255 4607 1396 4691 limitata,
1412 4615 1497 4673 rates
1512 4609 1666 4674 habentes

268 4708 461 4773 elevationes
488 4714 654 4789 metarum,
688 4727 769 4790 quas
798 4708 943 4772 homines
971 4710 1074 4773 nostri
1105 4710 1227 4775 Paulus
1257 4731 1364 4775 comes
1393 4713 1491 4777 frater
1518 4713 1666 4778 Andreae

267 4813 391 4876 comitis
413 4813 451 4877 de
474 4813 567 4895 Gyog
589 4817 622 4876 et
642 4810 737 4876 Levve
758 4811 883 4896 iobagio
906 4814 1001 4876 castri
1015 4813 1174 4897 Albensis,
1196 4815 1418 4899 praesentibus
1440 4816 1663 4899 iobagionibus

202 4918 236 4972 40
267 4917 362 4980 castri
378 4912 390 4998 [
597 4916 640 5001 1⁴)
655 4918 694 4982 de
710 4918 858 4982 mandato
873 4926 982 4983 nostro
999 4937 1096 5001 super
1110 4924 1195 4983 terra
1208 4920 1370 5003 praedicta
1383 4920 1467 4984 iuste
1483 4926 1516 4983 et
1526 4921 1665 4984 rationa-

266 5020 373 5085 biliter
394 5026 576 5086 erexerunt.
609 5019 713 5105 Super
734 5022 864 5086 decimis
886 5024 982 5087 etiam
996 5042 1085 5087 moro
1100 5022 1266 5087 Saxonum
1281 5024 1502 5109 persolvendis
1517 5030 1550 5089 et
1563 5024 1664 5090 libera

424 5195 444 5261 ¹)
461 5191 551 5246 Liielre
570 5193 583 5245 1
603 5191 764 5247 Centimetar
781 5192 855 5248 broit

422 5282 443 5347 ¹)
462 5278 479 5332 2
496 5278 664 5334 centimeter.

422 5366 444 5433 ⁸)
462 5367 478 5419 3
497 5365 665 5421 centimeter.

201 5449 235 5502 lo
423 5455 445 5521 ⁴)
462 5453 505 5507 to
523 5452 691 5508 Centimeter.

372 5587 563 5634 urkundenbuch.
