4084 6302
925 648 1079 744 ,mk

303 836 381 900 nibil
404 836 522 901 debent
544 835 660 901 habero
683 856 776 920 agere
806 838 840 901 in
869 838 947 922 ipsis
969 838 1054 921 agris
1075 837 1249 902 arabilibus
1271 844 1304 903 et
1325 838 1432 922 pratis,
1463 837 1519 902 sed
1541 838 1569 901 si
1591 836 1707 907 volunt

302 942 336 1005 in
359 941 543 1005 memoratis
573 942 657 1024 agris
688 948 720 1005 et
741 943 841 1025 pratis
871 942 987 1006 habere
1010 942 1186 1024 quidquam
1208 962 1311 1025 agere,
1342 944 1402 1006 hoo
1425 941 1520 1008 debet
1540 941 1611 1007 fieri
1633 962 1707 1007 oum

303 1045 431 1109 illorum
455 1045 494 1108 de
517 1044 772 1129 Schellenberg1)
796 1046 969 1110 voluntate.
1007 1046 1049 1110 Et
1081 1046 1109 1110 si
1138 1046 1219 1109 silva
1240 1066 1282 1110 ex
1305 1047 1366 1111 ista
1387 1046 1473 1110 diota
1492 1054 1583 1131 parte
1604 1047 1707 1132 ipsius

303 1150 439 1213 fortuitu
461 1147 678 1231 comburetur,
702 1168 743 1214 ex
767 1156 843 1214 tuno
864 1151 925 1233 ipsi
948 1150 988 1213 de
1009 1149 1209 1229 'l'lrolmaez'l
1231 1158 1304 1234 post
1326 1150 1426 1236 ipsam
1449 1151 1706 1216 combussionem

252 1262 268 1313 5
304 1273 362 1337 pro
385 1252 546 1335 aliquibus
568 1255 696 1337 pascuis
718 1260 750 1318 et
772 1273 830 1338 pro
846 1253 916 1317 aliis
940 1255 1076 1336 negotiis
1091 1255 1192 1338 ipsam
1207 1254 1320 1318 silvam
1344 1273 1408 1317 non
1425 1254 1542 1319 debent
1564 1255 1706 1336 introire,

303 1359 329 1422 si
359 1357 446 1422 ultra
467 1359 527 1421 hoo
549 1358 749 1439 iutraverint,
779 1358 839 1441 ipsi
855 1358 895 1421 de
908 1356 1165 1441 Schellenberg⁸)
1181 1358 1298 1423 debent
1319 1357 1452 1422 liberam
1474 1358 1590 1423 habere
1607 1358 1706 1423 taoul·

303 1468 400 1526 tatem
430 1462 559 1527 eosdem
582 1462 621 1525 de
643 1461 839 1540 Tholmaoz²l
870 1480 952 1544 quos
973 1462 1007 1525 in
1030 1463 1100 1546 ipsa
1121 1462 1288 1526 combusta
1320 1463 1402 1526 silva
1430 1463 1618 1546 reperierint
1647 1463 1706 1526 im·

304 1565 501 1650 pignorandi.
538 1564 618 1629 Item
642 1566 702 1628 hoo
732 1565 890 1629 adiectum
915 1572 972 1648 est
999 1567 1025 1630 si
1048 1567 1109 1649 ipsi
1132 1565 1171 1630 de
1194 1565 1448 1650 Schellenberg⁴l
1471 1566 1590 1631 habent
1611 1584 1705 1649 agere

304 1669 387 1734 ultra
418 1689 535 1751 aquam
563 1668 683 1751 aliquid
714 1687 796 1749 quae
818 1669 934 1733 dieitur
956 1670 1012 1733 Ait
1034 1671 1067 1732 iu
1098 1670 1186 1751 silva
1210 1670 1293 1733 siout
1314 1670 1457 1753 ipsorum
1488 1670 1706 1754 progenitores

236 1780 269 1833 10
305 1775 466 1856 negotiare
496 1773 685 1854 habuerunt
721 1773 806 1853 quod
838 1772 947 1837 nullus
982 1773 1068 1858 ipsos
1100 1772 1213 1836 debeat
1245 1773 1399 1856 impedire
1435 1774 1588 1857 pergendi
1622 1773 1707 1837 ultra

303 1897 449 1961 eampum
474 1877 528 1959 qui
551 1876 656 1939 Brooh
688 1876 870 1941 nominatur
901 1878 986 1941 ultra
1015 1879 1116 1961 ipsam
1147 1896 1263 1959 aquam
1285 1877 1342 1940 Alt
1363 1883 1581 1963 nuncupatam
1609 1897 1706 1961 nego-

304 1982 411 2047 tiandi.
444 1981 487 2044 Ut
509 1981 607 2062 igitur
629 1999 726 2062 supra
749 1986 852 2044 taetus
875 1988 967 2045 tenor
985 1988 1083 2063 rama,
1107 1981 1297 2045 inviolabilis
1321 1990 1353 2046 et
1375 1982 1601 2066 irrefragabilis
1622 1983 1708 2046 inter

303 2084 522 2171 praemissasll
553 2090 659 2168 partes
689 2104 725 2148 ao
757 2085 929 2149 earundem
953 2085 1085 2149 heredes
1108 2085 1327 2167 heredumque
1350 2105 1483 2150 suorum
1506 2105 1707 2151 successores

303 2190 487 2275 perenniter
516 2193 699 2273 perseveret
728 2194 761 2252 et
789 2207 830 2252 ne
852 2190 982 2271 possim)
1015 2189 1129 2253 amodo
1156 2189 1278 2252 ratione
1302 2188 1377 2253 dicti
1400 2191 1521 2255 tenoris
1543 2192 1706 2255 eontentio

237 2301 269 2350 li»
305 2294 452 2377 aliqualis
467 2293 615 2375 suboriri,
637 2293 670 2355 in
687 2293 780 2355 ouius
796 2291 842 2354 rei
857 2294 1042 2355 memoriam
1058 2300 1310 2377 perpetuamque
1325 2291 1507 2358 firmitatem
1522 2300 1707 2377 praesentes

304 2399 438 2461 fecimus
459 2396 529 2461 fieri
551 2403 583 2460 et
604 2396 705 2459 nostri
721 2394 889 2479 pendentis
905 2396 999 2479 sigilli
1016 2397 1192 2459 munimine
1207 2396 1406 2460 communiri.
1428 2396 1548 2461 Datum
1560 2396 1707 2479 Cybinio,

304 2503 449 2585 proxima
480 2508 595 2583 quarta
624 2502 702 2564 feria
735 2508 808 2583 post
843 2499 1032 2564 dominicam
1067 2501 1161 2583 qual)
1196 2507 1343 2564 cantatur
1353 2501 1374 2578 θ)
1408 2499 1588 2583 Inuooavit,
1622 2520 1706 2564 anno

304 2606 424 2670 domini
445 2584 477 2669 ll
500 2583 576 2671 CCC
604 2583 706 2670 XXX
729 2625 824 2670 nono.

958 2900 1053 2984 549.

236 3084 270 3137 20
383 3069 488 3136 1339
515 3065 674 3137 lbbraar
699 3070 757 3136 19.
785 3066 863 3138 Dos
886 3065 1187 3137 Grosswordeiuer
1204 3065 1349 3157 Kapital
1374 3064 1520 3155 beream,
1548 3065 1630 3135 does
1651 3065 1707 3135 dia

313 3186 488 3281 Vertreter
524 3188 583 3259 dos
621 3187 937 3278 siebeubdrpisobea
970 3187 1132 3278 Kapitels
1167 3185 1384 3278 &namecha
1418 3185 1563 3257 orbobea
1594 3184 1707 3271 <baben

301 3332 409 3401 papea
443 3309 499 3381 dia
525 3308 720 3400 Bosetamaq
751 3309 814 3380 der
846 3309 922 3381 dem
949 3309 1094 3400 Kapitel
1121 3308 1306 3399 pebbmpeu
1332 3306 1564 3396 Besitaaaqea
1589 3305 1705 3396 Baay,

304 3430 454 3503 Koanlod
478 3430 553 3501 aad
579 3428 776 3502 Sadoaokaa
804 3430 913 3500 darell
939 3429 1005 3500 dea
1040 3427 1235 3501 Woiwodaa
1264 3428 1422 3500 matos.

462 3593 539 3662 01⁴9.
557 3594 637 3663 Pery.
656 3593 865 3663 Kapilalorcbiu
884 3592 1052 3661 Korlaburp.
1073 3590 1169 3661 Sieyel,
1188 3590 1330 3660 apitzovol,
1349 3607 1408 3644 war
1426 3590 1458 3644 ia
1475 3589 1582 3644 weissen
1605 3589 1707 3645 Woeba

235 3684 269 3735 25
410 3684 466 3749 uus
479 3682 528 3735 der
547 3681 690 3735 Rbebseile
708 3680 897 3750 oufqedmiakt.

459 3857 527 3920 Nos
556 3857 731 3939 capitulum
762 3855 913 3918 ecelesiae
936 3854 1164 3935 Waradyensis
1194 3853 1307 3916 damus
1338 3873 1395 3936 pro
1427 3855 1588 3935 memoria,
1620 3854 1705 3936 quod

304 3962 491 4025 aecedentes
513 3960 553 4024 ad
576 3966 717 4023 nostram
740 3958 950 4042 praesentiam
978 3957 1105 4020 disereti
1127 3958 1188 4020 viri
1210 3958 1352 4040 magistri
1368 3957 1531 4022 lohannes
1554 3958 1705 4022 Albensis

305 4071 337 4129 et
357 4064 522 4129 Johannes
544 4063 583 4127 de
606 4062 673 4126 Ozd
696 4082 732 4125 ao
747 4061 912 4125 ladislaus
933 4061 1034 4125 lector
1057 4060 1207 4125 ecelesiae
1229 4066 1357 4125 nostrae
1380 4061 1419 4124 de
1440 4060 1583 4144 Wgaoba
1605 4062 1706 4125 arohi-

305 4168 429 4232 diaooni
451 4167 581 4230 nomine
603 4164 797 4228 honorabilis
819 4164 949 4248 capituli
976 4164 1127 4228 ecelesiae
1148 4164 1392 4229 Transsiluauae
1415 4170 1447 4228 et
1469 4184 1528 4229 suo
1552 4166 1675 4229 exstitit
1684 4164 1706 4241 ⁸)

236 4278 271 4331 30
306 4277 525 4356 protestatum,
542 4270 627 4351 quod
640 4289 714 4332 oum
726 4274 790 4332 tres
802 4268 896 4332 villae
908 4268 1010 4350 Bany,
1026 4267 1161 4331 Komlod
1176 4269 1351 4350 etAkanay
1367 4268 1400 4330 in
1413 4269 1565 4332 comitatu
1582 4268 1706 4333 deClus

306 4377 481 4440 existentes
503 4393 561 4458 per
583 4374 784 4437 donatiouem
810 4374 970 4453 quondam
994 4373 1119 4435 esuritis
1141 4371 1285 4452 Renoldi‚
1307 4371 1364 4435 filii
1378 4372 1536 4436 lobannis
1559 4373 1598 4435 de
1613 4373 1706 4449 Tele,

307 4478 519 4543 mediantibus
541 4478 641 4540 literis
657 4478 774 4539 nostn's
796 4483 829 4540 et
844 4476 1083 4540 confirmatione
1099 4477 1185 4557 regia
1208 4477 1425 4558 subsequente
1447 4476 1549 4540 eidem
1567 4476 1705 4560 capitulo

305 4582 529 4648 Transsiluano
555 4582 735 4666 pertineant
761 4586 793 4643 et
821 4581 984 4661 attineant,
1018 4599 1105 4643 nuno
1127 4579 1314 4663 magnificus
1337 4581 1387 4642 vir
1408 4579 1542 4643 Thomas
1573 4581 1708 4644 vaivoda

304 4686 550 4750 Transsiluauus
571 4691 604 4750 et
625 4703 731 4747 eomes
757 4683 796 4747 de
819 4683 942 4747 Zolnuk
966 4683 1142 4766 praedictas
1164 4689 1229 4747 tres
1260 4683 1351 4747 villas
1373 4688 1461 4747 tenet
1483 4689 1652 4768 occupatas
1675 4690 1708 4748 et

237 4840 271 4892 ab
463 4843 483 4906 ¹)
502 4842 584 4893 1372:
602 4835 789 4905 Sabellinberg.
809 4840 891 4890 1408:
908 4835 1119 4906 Schellenpemh.

461 4928 483 4989 ³)
502 4928 585 4979 1408:
601 4922 729 4978 Talmaoz.

461 5012 483 5079 ⁸)
502 5015 587 5065 1408:
603 5010 755 5079 Sohenberg
770 5010 901 5079 pranderi
918 5011 951 5064 in
968 5008 1146 5079 Sohslluberg.

461 5102 483 5167 ⁴)
502 5103 585 5153 1372.-
603 5096 790 5167 Sohellinberg.

462 5188 483 5254 ⁸)
501 5189 584 5240 1372:
602 5185 751 5255 promissas.
771 5188 854 5239 1412:
872 5183 1022 5254 permissas.

460 5276 483 5341 ⁰)
501 5277 584 5327 1403.-
601 5275 697 5342 posset

461 5363 483 5430 ¹)
506 5359 638 5430 erlaoe:
659 5351 684 5428 i.

461 5450 483 5517 ⁸)
501 5451 585 5503 1372:
603 5462 655 5516 quo
672 5445 782 5501 eapitur.
802 5449 885 5501 1408:
903 5461 955 5516 qua
972 5448 1100 5500 eantatur.
1120 5447 1203 5499 1412:
1221 5460 1273 5514 quo
1291 5446 1419 5499 matur.

460 5537 483 5604 ⁰)
505 5534 714 5604 Verbeaserunp.
