4106 6294
907 613 1062 711 *2-ξῖ-

282 806 472 883 vaivodae.¹)
508 806 728 889 Interrogatus
759 804 876 885 quibus
895 784 1136 886 praesentibus,
1167 799 1250 866 dixit
1276 804 1363 885 quod
1392 803 1511 867 lectore
1533 803 1684 869 eeclesiae

284 930 362 976 suae
384 917 417 976 et
438 910 548 973 multis
570 909 648 989 ains,
678 907 859 989 dequibus
889 926 955 970 non
984 907 1178 970 recordatur.
1221 906 1440 990 Interrogatus
1470 907 1525 988 qui
1552 908 1685 972 fuerunt

282 1015 394 1079 nuncii
416 1014 519 1077 dietae
541 1011 768 1093 universitatis,
799 1011 881 1074 dixJ't
903 1010 990 1091 quod
1013 1011 1114 1073 nescit
1137 1011 1176 1074 de
1199 1010 1292 1074 dietis
1305 1011 1441 1074 >nunciis
1464 1011 1521 1093 qui
1543 1013 1684 1094 fuerunt,

284 1118 340 1183 sed
363 1124 487 1181 tantum
504 1116 593 1193 seim)
616 1115 656 1178 de
678 1115 771 1179 dietis
785 1114 895 1195 literis,
919 1133 999 1195 quas
1013 1114 1082 1197 ipse
1098 1115 1188 1177 testis
1203 1113 1315 1177 habuit
1338 1120 1370 1178 et
1392 1113 1432 1177 de
1442 1114 1462 1192 3)
1486 1115 1570 1179 dioto
1586 1116 1684 1181 verbo

231 1230 248 1279 5
284 1221 404 1284 domini
427 1218 615 1296 vaivodae.⁴)
638 1219 858 1301 Interrogatus
882 1236 945 1298 quo
969 1236 1087 1300 mense,
1110 1218 1192 1281 dixit
1214 1237 1248 1281 se
1271 1237 1336 1280 non
1359 1219 1528 1301 reeordari,
1552 1220 1608 1282 sed
1624 1220 1686 1282 fuit

283 1329 355 1406 post
378 1323 572 1404 quindenam
594 1323 696 1386 saneti
718 1322 881 1399 Martirri.⁶l
919 1321 1000 1386 Item
1023 1320 1134 1399 dixite)
1158 1321 1244 1403 quod
1274 1321 1398 1384 audivit
1420 1322 1482 1385 diei
1504 1323 1538 1384 in
1561 1322 1684 1386 Oibinio

285 1427 370 1507 quod
393 1425 622 1510 proclamatum
645 1427 751 1489 fuerat
771 1425 815 1488 ibi
842 1445 899 1508 pro
922 1431 1012 1509 parte
1034 1425 1111 1488 dieti
1133 1426 1254 1488 domiui
1276 1426 1440 1509 vaivodae‚
1465 1427 1551 1507 quod
1574 1447 1685 1492 omnes

283 1536 414 1614 possent
435 1530 534 1594 bbere
556 1531 595 1593 ad
619 1531 740 1593 curiam
763 1530 884 1594 domini
905 1530 1001 1612 legati
1023 1529 1141 1593 venire.
1165 1528 1207 1593 Et
1227 1529 1295 1612 ipse
1311 1529 1406 1591 etiam
1429 1531 1519 1594 testis
1542 1530 1687 1595 similiter

283 1634 342 1697 boo
364 1633 439 1697 ieoit
461 1633 615 1717 publicari
623 1631 646 1711 7)
668 1633 786 1697 ibidem
808 1634 842 1695 in
865 1632 1044 1716 praesentia
1067 1632 1275 1711 sacerdotum,
1306 1631 1517 1714 plebanorum
1540 1638 1573 1696 et
1594 1633 1685 1697 oleri·

216 1745 250 1799 10
284 1757 394 1800 eorum
425 1737 568 1799 omnium
600 1738 656 1818 qui
686 1738 818 1800 fuerunt
847 1737 880 1799 in
911 1735 1055 1820 partibus
1077 1734 1148 1813 illis,
1181 1735 1316 1818 legendo
1347 1735 1424 1818 ipsis
1447 1736 1546 1800 dietas
1567 1737 1685 1819 literas,

285 1860 365 1922 quas
387 1862 406 1903 a
428 1842 511 1904 dicto
535 1840 663 1903 domino
687 1840 823 1904 vaivoda
838 1845 1009 1924 receperat,
1032 1845 1069 1901 ut
1091 1845 1141 1902 est
1163 1839 1292 1902 dictum.
1315 1837 1367 1901 Ex
1390 1840 1482 1903 ouius
1505 1842 1685 1905 securitatis
1740 1846 1746 1853 '

284 1963 380 2008 eausa
407 1943 546 2007 decanus
577 1944 615 2007 de
639 1943 762 2007 Oibinio
786 1950 818 2007 et
840 1990 849 2006 .
873 1990 880 2006 .
904 1944 1043 2007 nuncius
1075 1943 1186 2007 decani
1217 1944 1256 2006 de
1278 1942 1394 2006 Bresso
1426 1950 1586 2007 venerunt
1612 1965 1687 2009 oum

283 2048 352 2132 ipso
375 2054 465 2129 teste,
487 2048 616 2110 nomine
639 2066 750 2111 eorum
772 2053 805 2111 et
826 2046 960 2110 aliorum
984 2047 1128 2111 omnium
1157 2046 1357 2110 saeerdotum
1381 2046 1420 2110 de
1443 2046 1567 2111 Cibinio
1590 2054 1623 2113 et
1646 2049 1685 2113 de

283 2151 401 2214 Brasso
435 2150 475 2212 ad
509 2151 673 2214 domiuum
705 2150 976 2233 arehiepiscopum
1006 2149 1264 2234 Strigoniensem,
1299 2155 1332 2214 et
1365 2150 1392 2214 si
1424 2150 1478 2213 alii
1507 2151 1687 2217 voluissent

218 2264 250 2317 15
285 2254 395 2319 venire
424 2254 507 2318 bene
529 2259 561 2318 et
594 2254 693 2318 libere
727 2253 913 2337 potuissent,
943 2255 1096 2335 quoniam
1126 2255 1181 2336 qui
1215 2274 1289 2317 eum
1315 2273 1353 2318 eo
1383 2254 1522 2338 iverunt,
1555 2257 1688 2321 fuerunt

286 2357 376 2422 liberi
399 2362 431 2422 et
454 2358 566 2422 securi
593 2358 674 2422 Item
697 2358 911 2440 interrogatus
933 2377 1029 2441 super
1052 2358 1195 2441 articulo,
1227 2359 1283 2440 qui
1304 2358 1416 2441 incipit
1437 2358 1518 2422 Item
1541 2361 1629 2441 quod
1648 2361 1687 2425 de

286 2462 455 2545 praedietis
477 2469 509 2525 et
523 2468 629 2526 cetera
650 2461 733 2524 dixit
748 2480 824 2523 vera
846 2481 925 2543 esse,
949 2481 1031 2543 quae
1053 2462 1088 2525 in
1109 2463 1179 2545 ipso
1200 2462 1333 2526 articulo
1349 2463 1562 2526 eontinentur.
1584 2465 1687 2529 Inter-

286 2572 418 2650 rogatus
440 2566 600 2648 quomodo
624 2564 692 2647 soit
715 2564 797 2628 dixit
820 2565 905 2646 quod
928 2567 988 2629 seit
1009 2584 1067 2649 per
1081 2566 1149 2647 hoo,
1174 2567 1250 2648 quia
1270 2567 1339 2649 ipse
1361 2566 1482 2643 testis²l
1505 2567 1631 2650 publiea
1652 2569 1685 2632 in

287 2669 411 2733 Oibinio
432 2677 465 2733 et
486 2669 602 2733 Brasso
625 2669 700 2733 feeit
722 2668 822 2732 dietas
843 2668 951 2732 literas
977 2670 1132 2733 nunoieri.
1169 2669 1388 2752 Interrogatus
1416 2690 1436 2732 a
1464 2678 1586 2752 quanto
1609 2678 1688 2736 tern-

218 2783 253 2838 20
287 2794 364 2858 pore
386 2774 447 2838 tuit
469 2774 553 2836 dieta
579 2771 708 2856 publiea
737 2792 803 2835 vox
834 2773 980 2854 etfama,
1004 2773 1087 2836 dixit
1117 2773 1203 2853 quod
1226 2792 1245 2835 a
1266 2773 1427 2856 praedicto
1451 2778 1594 2858 tempore
1616 2782 1689 2859 post

288 2877 482 2960 quindenam
498 2878 598 2941 saneti
614 2876 773 2954 Martini'll
789 2877 874 2940 eitra
897 2876 1116 2960 Interrogatus
1133 2881 1212 2958 quot
1233 2876 1377 2940 homines
1392 2877 1514 2940 faciunt
1528 2878 1688 2961 publicam

287 3001 397 3046 vocem
429 2987 462 3046 et
482 2982 607 3063 famam,
641 2981 724 3044 dixit
753 2980 840 3062 quod
870 2986 937 3044 tota
966 2980 1167 3064 congregatio
1198 2981 1363 3043 hominum
1393 2980 1446 3043 vel
1475 2982 1576 3044 maior
1607 3001 1688 3065 pars.

286 3086 505 3167 Interrogatus
536 3105 631 3167 quam
661 3091 784 3169 partem
815 3084 912 3148 vellet
934 3083 1087 3165 obtinere,
1121 3083 1204 3147 dixit
1233 3088 1359 3147 tantum
1390 3103 1497 3167 unam,
1532 3092 1688 3167 quantum

287 3190 389 3256 aliam.
434 3189 654 3273 Interrogatus
677 3189 704 3253 si
727 3189 786 3251 hoo
808 3188 1025 3251 testimonium
1048 3188 1122 3252 tulit
1144 3188 1226 3267 odio,
1256 3205 1372 3271 amore,
1398 3188 1499 3271 pretio
1523 3194 1556 3251 et
1575 3193 1689 3271 cetera,

220 3301 254 3355 25
290 3294 372 3358 dirrit
394 3293 480 3375 quod
503 3313 578 3356 non.

442 3394 642 3459 Venerabilis
671 3394 704 3456 in
735 3394 859 3459 Christo
893 3403 984 3480 pater
1017 3396 1166 3460 dominus
1194 3395 1360 3459 Emericus
1390 3394 1558 3479 episeopus
1588 3397 1690 3460 Vara-

288 3500 406 3564 diensis
428 3500 560 3563 remisso
583 3498 643 3561 sibi
665 3506 862 3563 sacramento
886 3501 925 3564 de
945 3501 1109 3564 voluntate
1132 3506 1375 3583 procuratorum
1397 3500 1687 3583 utriusquepartis

288 3602 408 3681 estio)
437 3604 652 3685 interrogatus
683 3622 779 3685 super
808 3604 911 3685 primo
943 3604 1077 3669 artioulo
1109 3604 1164 3687 qui
1193 3603 1306 3685 incipit
1338 3602 1480 3666 Intendit
1501 3604 1636 3687 probare
1658 3609 1691 3667 et

288 3714 401 3789 cetera,
432 3707 514 3770 dixit
544 3725 620 3769 vera
642 3725 720 3787 esse,
752 3725 833 3787 quae
855 3708 890 3769 in
911 3709 981 3791 ipso
1004 3708 1137 3771 articulo
1167 3706 1380 3770 eontinentur.
1415 3706 1634 3789 Interrogatus
1655 3708 1690 3769 in

220 3817 255 3872 30
289 3830 386 3875 eausa
408 3811 557 3874 seientIae
579 3810 671 3890 dixit
695 3809 782 3891 quod
796 3810 856 3873 hoe
878 3830 962 3874 anno
986 3816 1059 3892 post
1080 3810 1197 3873 festum
1212 3809 1312 3872 saneti
1335 3809 1465 3872 Martini
1473 3808 1495 3886 ⁸)
1519 3810 1599 3872 vidit
1621 3810 1690 3893 ipse

289 3915 380 3979 testie
402 3914 556 3996 quasdam
578 3913 686 3979 literas
716 3932 884 3977 consessas
913 3933 970 3997 per
999 3913 1165 3976 dominum
1194 3912 1362 3975 vaivodam
1394 3913 1522 3976 decanis
1545 3918 1577 3976 et
1599 3931 1690 3996 prae—

289 4018 401 4101 positis
423 4037 459 4080 ao
488 4016 632 4100 plebanis
655 4017 694 4080 de
717 4016 861 4099 portibus
881 4015 1122 4097 Transsiluanis
1150 4020 1188 4079 ut
1209 4015 1308 4079 libere
1337 4023 1370 4079 et
1392 4021 1460 4079 tute
1492 4022 1623 4099 possent
1645 4017 1691 4079 ire

290 4126 322 4185 et
343 4121 446 4185 redire
467 4140 526 4203 per
547 4121 740 4184 territorium
771 4140 875 4202 suum,
899 4138 979 4201 quas
1001 4119 1108 4183 literas
1131 4119 1270 4182 ostendit
1297 4120 1358 4203 ipsi
1388 4119 1516 4182 domino
1543 4119 1691 4202 episeopo

290 4224 441 4287 Nicolaus
470 4225 670 4308 praepositus
693 4222 886 4305 OrodiensiS,
916 4230 993 4287 tuno
1015 4224 1173 4287 transiens
1203 4242 1261 4306 per
1281 4225 1387 4306 ipsum
1415 4224 1579 4287 dominum
1609 4224 1692 4306 epie-

221 4334 255 4387 35
291 4348 406 4411 oopunr
428 4328 631 4411 profecturus
654 4327 694 4390 ad
715 4327 955 4391 Transsiluanas
977 4332 1083 4409 partes
1104 4326 1289 4408 praedictas
1319 4326 1539 4409 Interrogatus
1562 4345 1626 4408 quo
1650 4328 1692 4390 si·

290 4431 365 4514 gillo
388 4436 479 4495 erant
501 4430 654 4513 sigillatae
685 4430 787 4493 diotae
808 4429 918 4493 literae
941 4434 974 4491 et
1003 4429 1144 4493 sierant
1170 4429 1296 4493 clausae
1319 4429 1371 4492 vel
1394 4450 1468 4511 non,
1499 4436 1531 4492 et
1552 4432 1580 4492 si
1602 4437 1693 4494 erant

290 4554 310 4597 a
331 4540 419 4617 tergo
443 4533 596 4616 sigillatae
618 4533 671 4597 vel
694 4534 793 4615 aliter,
816 4532 898 4596 dixit
920 4532 1005 4615 quod
1031 4531 1184 4615 sigillatae
1203 4539 1294 4596 erant
1315 4533 1418 4616 sigillo
1441 4539 1594 4597 consueto
1618 4534 1693 4597 dieti

292 4638 413 4702 domini
428 4638 582 4701 vaivodae
597 4657 617 4700 a
631 4644 719 4720 tergo
736 4643 768 4701 et
783 4642 874 4700 erant
887 4642 1040 4721 patentes.
1068 4635 1287 4719 Interrogatus
1302 4637 1342 4700 de
1360 4635 1439 4719 loeo,
1460 4637 1542 4699 dixit
1557 4637 1643 4719 quod
1658 4639 1692 4700 in

293 4742 433 4824 quodam
454 4741 583 4824 praedIo
600 4740 751 4804 ecelesiae
766 4758 852 4821 suae,
875 4740 963 4822 quod
977 4745 1111 4802 vocatur
1125 4739 1281 4804 Benenes.
1302 4738 1384 4803 Item
1400 4740 1489 4821 dixit,
1513 4741 1600 4823 quod
1621 4746 1695 4823 post

294 4847 552 4854 ———.—-——--—.

223 4876 259 4930 40
450 4878 471 4944 ¹)
493 4875 708 4945 Urapnlnple'ot:
725 4890 781 4943 sua,
799 4874 878 4929 donn
892 4874 960 4928 elder
977 4874 1026 4928 der
1039 4874 1114 4929 Zeile
1132 4874 1345 4943 nudrpetrogen:
1369 4874 1431 4927 dieti
1449 4875 1547 4928 domini
1558 4875 1692 4932 vaivodae.

448 4964 470 5031 ¹)
493 4962 578 5016 Ueder
597 4963 646 5017 der
664 4962 739 5016 Zeila
757 4960 965 5030 ooebpetrapen.

448 5050 470 5118 ⁸)
493 5048 611 5119 Vorlope
626 5048 755 5115 literatos:
772 5048 813 5101 de.

448 5137 470 5204 ⁴)
493 5136 554 5189 Von
572 5137 605 5189 de
623 5135 698 5189 dietis
716 5134 819 5187 nunciis
838 5132 881 5187 bis
897 5133 1024 5187 vaivodae
1043 5133 1100 5201 auf
1112 5134 1172 5188 dem
1190 5134 1277 5189 Rand
1294 5134 1501 5206 ooebyetropen.

450 5223 470 5291 ⁵)
489 5221 570 5276 Nacti
588 5220 738 5276 November
755 5224 798 5276 25.

449 5310 471 5375 ⁸)
490 5307 621 5375 Hieratis
632 5306 885 5377 durebqeetra'cleen:
906 5306 1087 5375 interrogatus.

449 5396 470 5463 ²)
493 5394 707 5464 Ursprrtnpta’clr:
724 5393 887 5463 proclamari.

450 5482 471 5551 ⁸)
489 5480 570 5535 Noetu
588 5480 739 5537 November
757 5485 799 5537 11.
