<?xml version="1.0" encoding="UTF-8"?>
<!DOCTYPE html PUBLIC "-//W3C//DTD XHTML 1.0 Transitional//EN"
    "http://www.w3.org/TR/xhtml1/DTD/xhtml1-transitional.dtd">
<html xmlns="http://www.w3.org/1999/xhtml" xml:lang="en" lang="en">
 <head>
  <title>
</title>
<meta http-equiv="Content-Type" content="text/html;charset=utf-8" />
  <meta name='ocr-system' content='tesseract 3.04.00' />
  <meta name='ocr-capabilities' content='ocr_page ocr_carea ocr_par ocr_line ocrx_word'/>
</head>
<body>
  <div class='ocr_page' id='page_1' title='image "./urkundenbuchzur00mlgoog_0071.png"; bbox 0 0 4048 6284; ppageno 0'>
   <div class='ocr_carea' id='block_1_1' title="bbox 1032 612 1088 674">
    <p class='ocr_par' dir='ltr' id='par_1_1' title="bbox 1032 612 1088 674">
     <span class='ocr_line' id='line_1_1' title="bbox 1032 612 1088 674; baseline 0 0"><span class='ocrx_word' id='word_1_1' title='bbox 1032 618 1035 625; x_wconf 83' lang='grc'><strong>’</strong></span> <span class='ocrx_word' id='word_1_2' title='bbox 1046 612 1088 674; x_wconf 84' lang='grc'>34</span> 
     </span>
    </p>
   </div>
   <div class='ocr_carea' id='block_1_2' title="bbox 466 785 1765 954">
    <p class='ocr_par' dir='ltr' id='par_1_2' title="bbox 466 785 1765 954">
     <span class='ocr_line' id='line_1_2' title="bbox 520 785 1765 872; baseline 0.007 -26"><span class='ocrx_word' id='word_1_3' title='bbox 520 795 555 848; x_wconf 78' lang='lat' dir='ltr'>ln</span> <span class='ocrx_word' id='word_1_4' title='bbox 572 797 712 852; x_wconf 61' lang='grc'>1111111111</span> <span class='ocrx_word' id='word_1_5' title='bbox 735 785 935 868; x_wconf 66' lang='lat' dir='ltr'>mesetzuny:</span> <span class='ocrx_word' id='word_1_6' title='bbox 962 798 1018 852; x_wconf 83' lang='lat' dir='ltr'>Die</span> <span class='ocrx_word' id='word_1_7' title='bbox 1042 798 1241 868; x_wconf 74' lang='lat' dir='ltr'>Siebeubatrper</span> <span class='ocrx_word' id='word_1_8' title='bbox 1259 798 1379 854; x_wconf 79' lang='lat' dir='ltr'>Suchaeu</span> <span class='ocrx_word' id='word_1_9' title='bbox 1397 805 1456 855; x_wconf 70' lang='lat'><em>149.</em></span> <span class='ocrx_word' id='word_1_10' title='bbox 1484 800 1597 855; x_wconf 79' lang='lat' dir='ltr'>Schular</span> <span class='ocrx_word' id='word_1_11' title='bbox 1620 819 1643 855; x_wconf 83' lang='lat' dir='ltr'>a.</span> <span class='ocrx_word' id='word_1_12' title='bbox 1662 802 1765 872; x_wconf 74' lang='lat' dir='ltr'>Libloy</span> 
     </span>
     <span class='ocr_line' id='line_1_3' title="bbox 466 875 1424 954; baseline 0.004 -17"><span class='ocrx_word' id='word_1_13' title='bbox 466 883 647 938; x_wconf 63' lang='lat' dir='ltr'>Materialieu</span> <span class='ocrx_word' id='word_1_14' title='bbox 664 889 690 951; x_wconf 87' lang='lat'>3,</span> <span class='ocrx_word' id='word_1_15' title='bbox 707 888 742 938; x_wconf 85' lang='lat'>33</span> <span class='ocrx_word' id='word_1_16' title='bbox 760 885 819 938; x_wconf 79' lang='lat' dir='ltr'>und</span> <span class='ocrx_word' id='word_1_17' title='bbox 837 884 908 938; x_wconf 67' lang='lat' dir='ltr'>Stet.</span> <span class='ocrx_word' id='word_1_18' title='bbox 928 875 1172 954; x_wconf 76' lang='lat' dir='ltr'>Reclstspeachichte</span> <span class='ocrx_word' id='word_1_19' title='bbox 1189 890 1215 939; x_wconf 85' lang='lat'>2.</span> <span class='ocrx_word' id='word_1_20' title='bbox 1228 888 1302 952; x_wconf 74' lang='lat' dir='ltr'>Acti.</span> <span class='ocrx_word' id='word_1_21' title='bbox 1321 888 1347 953; x_wconf 89' lang='lat' dir='ltr'>I,</span> <span class='ocrx_word' id='word_1_22' title='bbox 1366 892 1424 941; x_wconf 80' lang='lat'><strong><em>115.</em></strong></span> 
     </span>
    </p>
   </div>
   <div class='ocr_carea' id='block_1_3' title="bbox 467 1005 1765 1161">
    <p class='ocr_par' dir='ltr' id='par_1_3' title="bbox 467 1005 1765 1161">
     <span class='ocr_line' id='line_1_4' title="bbox 519 1005 1765 1074; baseline 0.005 -15"><span class='ocrx_word' id='word_1_23' title='bbox 519 1005 631 1073; x_wconf 71' lang='lat' dir='ltr'>Reyest:</span> <span class='ocrx_word' id='word_1_24' title='bbox 654 1005 744 1060; x_wconf 79' lang='lat' dir='ltr'>Ssubd</span> <span class='ocrx_word' id='word_1_25' title='bbox 762 1006 837 1060; x_wconf 61' lang='lat' dir='ltr'>siat.</span> <span class='ocrx_word' id='word_1_26' title='bbox 856 1007 1000 1060; x_wconf 67' lang='lat' dir='ltr'>obtenditur</span> <span class='ocrx_word' id='word_1_27' title='bbox 1018 1008 1044 1074; x_wconf 83' lang='grc' dir='ltr'>Ι,</span> <span class='ocrx_word' id='word_1_28' title='bbox 1068 1012 1093 1061; x_wconf 86' lang='grc'>5.</span> <span class='ocrx_word' id='word_1_29' title='bbox 1126 1008 1275 1062; x_wconf 79' lang='lat' dir='ltr'>Fabritiua</span> <span class='ocrx_word' id='word_1_30' title='bbox 1297 1009 1379 1062; x_wconf 84' lang='lat' dir='ltr'>Urtb.</span> <span class='ocrx_word' id='word_1_31' title='bbox 1399 1014 1423 1063; x_wconf 86' lang='lat'>1.</span> <span class='ocrx_word' id='word_1_32' title='bbox 1458 1009 1666 1064; x_wconf 77' lang='lat' dir='ltr'>Vereiuaorctiu</span> <span class='ocrx_word' id='word_1_33' title='bbox 1687 1012 1765 1065; x_wconf 83' lang='lat' dir='ltr'>Neue</span> 
     </span>
     <span class='ocr_line' id='line_1_5' title="bbox 467 1090 719 1161; baseline 0.004 -17"><span class='ocrx_word' id='word_1_34' title='bbox 467 1090 555 1161; x_wconf 65' lang='lat' dir='ltr'>Foloe</span> <span class='ocrx_word' id='word_1_35' title='bbox 572 1091 641 1158; x_wconf 84' lang='lat' dir='ltr'>XV,</span> <span class='ocrx_word' id='word_1_36' title='bbox 659 1095 719 1147; x_wconf 87' lang='lat'><strong><em>169.</em></strong></span> 
     </span>
    </p>
   </div>
   <div class='ocr_carea' id='block_1_4' title="bbox 351 1265 1831 5293">
    <p class='ocr_par' dir='ltr' id='par_1_4' title="bbox 351 1265 1831 5293">
     <span class='ocr_line' id='line_1_6' title="bbox 516 1265 1814 1337; baseline 0.003 -8"><span class='ocrx_word' id='word_1_37' title='bbox 516 1265 556 1330; x_wconf 89' lang='lat' dir='ltr'>In</span> <span class='ocrx_word' id='word_1_38' title='bbox 585 1268 714 1331; x_wconf 90' lang='lat' dir='ltr'>nomine</span> <span class='ocrx_word' id='word_1_39' title='bbox 744 1274 872 1332; x_wconf 70' lang='lat' dir='ltr'>sanctam</span> <span class='ocrx_word' id='word_1_40' title='bbox 903 1270 1052 1334; x_wconf 84' lang='lat' dir='ltr'>trinitatis</span> <span class='ocrx_word' id='word_1_41' title='bbox 1082 1278 1115 1334; x_wconf 89' lang='lat' dir='ltr'>et</span> <span class='ocrx_word' id='word_1_42' title='bbox 1143 1271 1326 1335; x_wconf 77' lang='lat' dir='ltr'>individuae</span> <span class='ocrx_word' id='word_1_43' title='bbox 1355 1272 1495 1336; x_wconf 88' lang='lat' dir='ltr'>unitatis.</span> <span class='ocrx_word' id='word_1_44' title='bbox 1535 1273 1682 1336; x_wconf 79' lang='lat' dir='ltr'><strong>Andreas</strong></span> <span class='ocrx_word' id='word_1_45' title='bbox 1711 1273 1763 1337; x_wconf 89' lang='lat' dir='ltr'>dei</span> <span class='ocrx_word' id='word_1_46' title='bbox 1798 1284 1814 1333; x_wconf 80' lang='lat'>5</span> 
     </span>
     <span class='ocr_line' id='line_1_7' title="bbox 363 1370 1762 1457; baseline 0.005 -24"><span class='ocrx_word' id='word_1_47' title='bbox 363 1371 465 1453; x_wconf 83' lang='lat' dir='ltr'>gratia</span> <span class='ocrx_word' id='word_1_48' title='bbox 485 1370 679 1454; x_wconf 83' lang='lat' dir='ltr'>Hungariae‚</span> <span class='ocrx_word' id='word_1_49' title='bbox 709 1370 897 1452; x_wconf 72' lang='lat' dir='ltr'>Dalmaciae,</span> <span class='ocrx_word' id='word_1_50' title='bbox 921 1372 1078 1454; x_wconf 78' lang='lat' dir='ltr'>Graeciae,</span> <span class='ocrx_word' id='word_1_51' title='bbox 1104 1374 1231 1456; x_wconf 73' lang='lat' dir='ltr'>Romae,</span> <span class='ocrx_word' id='word_1_52' title='bbox 1261 1374 1399 1457; x_wconf 75' lang='lat' dir='ltr'>Sennea,</span> <span class='ocrx_word' id='word_1_53' title='bbox 1430 1376 1579 1440; x_wconf 84' lang='lat' dir='ltr'>Galhciae</span> <span class='ocrx_word' id='word_1_54' title='bbox 1608 1376 1762 1441; x_wconf 91' lang='lat' dir='ltr'>Lodome-</span> 
     </span>
     <span class='ocr_line' id='line_1_8' title="bbox 360 1474 1762 1564; baseline 0.004 -26"><span class='ocrx_word' id='word_1_55' title='bbox 360 1474 491 1557; x_wconf 90' lang='lat' dir='ltr'>riaeque</span> <span class='ocrx_word' id='word_1_56' title='bbox 507 1494 566 1539; x_wconf 92' lang='lat' dir='ltr'>rex</span> <span class='ocrx_word' id='word_1_57' title='bbox 589 1475 623 1538; x_wconf 92' lang='lat' dir='ltr'>in</span> <span class='ocrx_word' id='word_1_58' title='bbox 637 1482 836 1559; x_wconf 86' lang='lat' dir='ltr'>perpetuum.</span> <span class='ocrx_word' id='word_1_59' title='bbox 859 1474 949 1540; x_wconf 87' lang='lat' dir='ltr'>Sicut</span> <span class='ocrx_word' id='word_1_60' title='bbox 963 1477 1002 1539; x_wconf 91' lang='lat' dir='ltr'>ad</span> <span class='ocrx_word' id='word_1_61' title='bbox 1025 1478 1163 1561; x_wconf 77' lang='lat' dir='ltr'>regalem</span> <span class='ocrx_word' id='word_1_62' title='bbox 1185 1480 1323 1562; x_wconf 85' lang='lat' dir='ltr'>pertinet</span> <span class='ocrx_word' id='word_1_63' title='bbox 1342 1480 1536 1563; x_wconf 84' lang='lat' dir='ltr'>dignitatem,</span> <span class='ocrx_word' id='word_1_64' title='bbox 1552 1481 1762 1564; x_wconf 89' lang='lat' dir='ltr'>superborum</span> 
     </span>
     <span class='ocr_line' id='line_1_9' title="bbox 360 1579 1762 1668; baseline 0.004 -26"><span class='ocrx_word' id='word_1_65' title='bbox 360 1579 592 1642; x_wconf 80' lang='lat' dir='ltr'>contumaciam</span> <span class='ocrx_word' id='word_1_66' title='bbox 606 1585 753 1662; x_wconf 90' lang='lat' dir='ltr'>potenter</span> <span class='ocrx_word' id='word_1_67' title='bbox 768 1580 954 1663; x_wconf 82' lang='lat' dir='ltr'>opprimere,</span> <span class='ocrx_word' id='word_1_68' title='bbox 970 1581 1015 1643; x_wconf 91' lang='lat' dir='ltr'>sic</span> <span class='ocrx_word' id='word_1_69' title='bbox 1031 1582 1126 1645; x_wconf 89' lang='lat' dir='ltr'>etiam</span> <span class='ocrx_word' id='word_1_70' title='bbox 1141 1583 1260 1665; x_wconf 84' lang='lat' dir='ltr'>regiam</span> <span class='ocrx_word' id='word_1_71' title='bbox 1276 1584 1366 1647; x_wconf 91' lang='lat' dir='ltr'>decet</span> <span class='ocrx_word' id='word_1_72' title='bbox 1382 1584 1617 1667; x_wconf 78' lang='lat' dir='ltr'>benignitatem,</span> <span class='ocrx_word' id='word_1_73' title='bbox 1633 1604 1762 1668; x_wconf 89' lang='lat' dir='ltr'>oppres·</span> 
     </span>
     <span class='ocr_line' id='line_1_10' title="bbox 360 1682 1762 1752; baseline 0.004 -6"><span class='ocrx_word' id='word_1_74' title='bbox 360 1683 466 1746; x_wconf 84' lang='lat' dir='ltr'>aiones</span> <span class='ocrx_word' id='word_1_75' title='bbox 488 1682 657 1746; x_wconf 81' lang='lat' dir='ltr'>humilium</span> <span class='ocrx_word' id='word_1_76' title='bbox 685 1684 930 1747; x_wconf 83' lang='lat' dir='ltr'>misericorditer</span> <span class='ocrx_word' id='word_1_77' title='bbox 960 1684 1128 1749; x_wconf 86' lang='lat' dir='ltr'>sublevare</span> <span class='ocrx_word' id='word_1_78' title='bbox 1158 1695 1191 1749; x_wconf 90' lang='lat' dir='ltr'>et</span> <span class='ocrx_word' id='word_1_79' title='bbox 1219 1685 1361 1750; x_wconf 88' lang='lat' dir='ltr'>fidelium</span> <span class='ocrx_word' id='word_1_80' title='bbox 1392 1689 1496 1751; x_wconf 87' lang='lat' dir='ltr'>metiri</span> <span class='ocrx_word' id='word_1_81' title='bbox 1518 1688 1707 1752; x_wconf 84' lang='lat' dir='ltr'>famulatum</span> <span class='ocrx_word' id='word_1_82' title='bbox 1730 1696 1762 1752; x_wconf 89' lang='lat' dir='ltr'>et</span> 
     </span>
     <span class='ocr_line' id='line_1_11' title="bbox 359 1787 1831 1875; baseline 0.002 -25"><span class='ocrx_word' id='word_1_83' title='bbox 359 1788 534 1870; x_wconf 90' lang='lat' dir='ltr'>unicuique</span> <span class='ocrx_word' id='word_1_84' title='bbox 563 1788 740 1851; x_wconf 90' lang='lat' dir='ltr'>secundum</span> <span class='ocrx_word' id='word_1_85' title='bbox 769 1787 898 1871; x_wconf 90' lang='lat' dir='ltr'>propria</span> <span class='ocrx_word' id='word_1_86' title='bbox 927 1788 1040 1851; x_wconf 86' lang='lat' dir='ltr'>merita</span> <span class='ocrx_word' id='word_1_87' title='bbox 1068 1789 1288 1853; x_wconf 88' lang='lat' dir='ltr'>retributionis</span> <span class='ocrx_word' id='word_1_88' title='bbox 1310 1791 1442 1873; x_wconf 82' lang='lat' dir='ltr'>gratiam</span> <span class='ocrx_word' id='word_1_89' title='bbox 1464 1793 1626 1875; x_wconf 89' lang='lat' dir='ltr'>impertiri.</span> <span class='ocrx_word' id='word_1_90' title='bbox 1660 1795 1760 1856; x_wconf 87' lang='lat' dir='ltr'>Acce·</span> <span class='ocrx_word' id='word_1_91' title='bbox 1798 1800 1831 1853; x_wconf 88' lang='lat'>10</span> 
     </span>
     <span class='ocr_line' id='line_1_12' title="bbox 360 1890 1761 1975; baseline 0.003 -21"><span class='ocrx_word' id='word_1_92' title='bbox 360 1891 472 1956; x_wconf 85' lang='lat' dir='ltr'>dentes</span> <span class='ocrx_word' id='word_1_93' title='bbox 500 1893 598 1975; x_wconf 81' lang='lat' dir='ltr'>igitur</span> <span class='ocrx_word' id='word_1_94' title='bbox 626 1890 736 1955; x_wconf 91' lang='lat' dir='ltr'>fideles</span> <span class='ocrx_word' id='word_1_95' title='bbox 764 1893 907 1975; x_wconf 85' lang='lat' dir='ltr'>hospites</span> <span class='ocrx_word' id='word_1_96' title='bbox 936 1893 1038 1956; x_wconf 89' lang='lat' dir='ltr'>nostri</span> <span class='ocrx_word' id='word_1_97' title='bbox 1065 1892 1273 1957; x_wconf 81' lang='lat' dir='ltr'>Theuthonici</span> <span class='ocrx_word' id='word_1_98' title='bbox 1303 1893 1512 1957; x_wconf 87' lang='lat' dir='ltr'>Ultrasiluani</span> <span class='ocrx_word' id='word_1_99' title='bbox 1545 1896 1688 1958; x_wconf 82' lang='lat' dir='ltr'>universi</span> <span class='ocrx_word' id='word_1_100' title='bbox 1721 1896 1761 1958; x_wconf 85' lang='lat' dir='ltr'>ad</span> 
     </span>
     <span class='ocr_line' id='line_1_13' title="bbox 359 1995 1761 2083; baseline 0.002 -24"><span class='ocrx_word' id='word_1_101' title='bbox 359 1996 456 2079; x_wconf 90' lang='lat' dir='ltr'>pedes</span> <span class='ocrx_word' id='word_1_102' title='bbox 486 1996 659 2060; x_wconf 84' lang='lat' dir='ltr'>maiestatis</span> <span class='ocrx_word' id='word_1_103' title='bbox 688 2002 815 2060; x_wconf 88' lang='lat' dir='ltr'>nostrae</span> <span class='ocrx_word' id='word_1_104' title='bbox 844 1995 1006 2059; x_wconf 88' lang='lat' dir='ltr'>humiliter</span> <span class='ocrx_word' id='word_1_105' title='bbox 1036 1997 1128 2059; x_wconf 90' lang='lat' dir='ltr'>nobis</span> <span class='ocrx_word' id='word_1_106' title='bbox 1150 2005 1384 2079; x_wconf 79' lang='lat' dir='ltr'>conquerentes</span> <span class='ocrx_word' id='word_1_107' title='bbox 1414 2018 1473 2061; x_wconf 90' lang='lat' dir='ltr'>sua</span> <span class='ocrx_word' id='word_1_108' title='bbox 1496 1999 1663 2080; x_wconf 88' lang='lat' dir='ltr'>questione</span> <span class='ocrx_word' id='word_1_109' title='bbox 1686 2019 1761 2083; x_wconf 92' lang='lat' dir='ltr'>sup-</span> 
     </span>
     <span class='ocr_line' id='line_1_14' title="bbox 359 2098 1762 2185; baseline 0.003 -23"><span class='ocrx_word' id='word_1_110' title='bbox 359 2098 483 2183; x_wconf 82' lang='lat' dir='ltr'>pliciter</span> <span class='ocrx_word' id='word_1_111' title='bbox 503 2099 597 2164; x_wconf 87' lang='lat' dir='ltr'>nobis</span> <span class='ocrx_word' id='word_1_112' title='bbox 618 2105 888 2182; x_wconf 79' lang='lat' dir='ltr'>monstraverunt,</span> <span class='ocrx_word' id='word_1_113' title='bbox 904 2100 991 2182; x_wconf 92' lang='lat' dir='ltr'>qnod</span> <span class='ocrx_word' id='word_1_114' title='bbox 1005 2100 1134 2184; x_wconf 93' lang='lat' dir='ltr'>penitus</span> <span class='ocrx_word' id='word_1_115' title='bbox 1156 2120 1175 2163; x_wconf 90' lang='lat' dir='ltr'>a</span> <span class='ocrx_word' id='word_1_116' title='bbox 1197 2121 1257 2164; x_wconf 91' lang='lat' dir='ltr'>sua</span> <span class='ocrx_word' id='word_1_117' title='bbox 1270 2101 1415 2167; x_wconf 89' lang='lat' dir='ltr'>libertate</span> <span class='ocrx_word' id='word_1_118' title='bbox 1435 2122 1500 2185; x_wconf 91' lang='lat' dir='ltr'>qua</span> <span class='ocrx_word' id='word_1_119' title='bbox 1515 2104 1620 2166; x_wconf 86' lang='lat' dir='ltr'>vocati</span> <span class='ocrx_word' id='word_1_120' title='bbox 1634 2102 1762 2166; x_wconf 76' lang='lat' dir='ltr'>fuerant</span> 
     </span>
     <span class='ocr_line' id='line_1_15' title="bbox 359 2202 1762 2288; baseline 0.002 -23"><span class='ocrx_word' id='word_1_121' title='bbox 359 2222 378 2265; x_wconf 86' lang='lat' dir='ltr'>a</span> <span class='ocrx_word' id='word_1_122' title='bbox 399 2203 541 2286; x_wconf 91' lang='lat' dir='ltr'>piissimo</span> <span class='ocrx_word' id='word_1_123' title='bbox 564 2222 639 2286; x_wconf 85' lang='lat' dir='ltr'>rege</span> <span class='ocrx_word' id='word_1_124' title='bbox 654 2202 762 2284; x_wconf 86' lang='lat' dir='ltr'>Geysa</span> <span class='ocrx_word' id='word_1_125' title='bbox 783 2223 843 2267; x_wconf 88' lang='lat' dir='ltr'>avo</span> <span class='ocrx_word' id='word_1_126' title='bbox 866 2210 975 2267; x_wconf 85' lang='lat' dir='ltr'>nostro</span> <span class='ocrx_word' id='word_1_127' title='bbox 998 2204 1202 2285; x_wconf 71' lang='lat' dir='ltr'>excidissent</span> <span class='ocrx_word' id='word_1_128' title='bbox 1226 2205 1286 2269; x_wconf 87' lang='lat' dir='ltr'>nisi</span> <span class='ocrx_word' id='word_1_129' title='bbox 1309 2224 1406 2288; x_wconf 91' lang='lat' dir='ltr'>snper</span> <span class='ocrx_word' id='word_1_130' title='bbox 1428 2225 1483 2270; x_wconf 93' lang='lat' dir='ltr'>eos</span> <span class='ocrx_word' id='word_1_131' title='bbox 1505 2206 1653 2269; x_wconf 86' lang='lat' dir='ltr'>maiestas</span> <span class='ocrx_word' id='word_1_132' title='bbox 1674 2207 1762 2288; x_wconf 84' lang='lat' dir='ltr'>regia</span> 
     </span>
     <span class='ocr_line' id='line_1_16' title="bbox 359 2306 1828 2393; baseline 0.001 -24"><span class='ocrx_word' id='word_1_133' title='bbox 359 2307 470 2371; x_wconf 78' lang='lat' dir='ltr'>ocrdos</span> <span class='ocrx_word' id='word_1_134' title='bbox 491 2306 602 2371; x_wconf 87' lang='lat' dir='ltr'>solitae</span> <span class='ocrx_word' id='word_1_135' title='bbox 624 2307 752 2390; x_wconf 88' lang='lat' dir='ltr'>pictatis</span> <span class='ocrx_word' id='word_1_136' title='bbox 781 2313 909 2371; x_wconf 90' lang='lat' dir='ltr'>nostrae</span> <span class='ocrx_word' id='word_1_137' title='bbox 939 2309 1084 2391; x_wconf 84' lang='lat' dir='ltr'>aperiret,</span> <span class='ocrx_word' id='word_1_138' title='bbox 1107 2308 1194 2371; x_wconf 90' lang='lat' dir='ltr'>unde</span> <span class='ocrx_word' id='word_1_139' title='bbox 1216 2327 1292 2391; x_wconf 90' lang='lat' dir='ltr'>prae</span> <span class='ocrx_word' id='word_1_140' title='bbox 1314 2310 1412 2373; x_wconf 88' lang='lat' dir='ltr'>nimia</span> <span class='ocrx_word' id='word_1_141' title='bbox 1432 2311 1629 2393; x_wconf 87' lang='lat' dir='ltr'>paupertatis</span> <span class='ocrx_word' id='word_1_142' title='bbox 1651 2311 1759 2393; x_wconf 87' lang='lat' dir='ltr'>inopia</span> <span class='ocrx_word' id='word_1_143' title='bbox 1794 2319 1828 2371; x_wconf 83' lang='lat'>15</span> 
     </span>
     <span class='ocr_line' id='line_1_17' title="bbox 358 2410 1759 2496; baseline 0.001 -22"><span class='ocrx_word' id='word_1_144' title='bbox 358 2410 485 2474; x_wconf 92' lang='lat' dir='ltr'>nullum</span> <span class='ocrx_word' id='word_1_145' title='bbox 507 2411 664 2474; x_wconf 84' lang='lat' dir='ltr'>maiestati</span> <span class='ocrx_word' id='word_1_146' title='bbox 679 2411 784 2493; x_wconf 84' lang='lat' dir='ltr'>regiae</span> <span class='ocrx_word' id='word_1_147' title='bbox 807 2411 973 2474; x_wconf 83' lang='lat' dir='ltr'>servitium</span> <span class='ocrx_word' id='word_1_148' title='bbox 988 2418 1136 2494; x_wconf 89' lang='lat' dir='ltr'>poteraut</span> <span class='ocrx_word' id='word_1_149' title='bbox 1157 2413 1319 2495; x_wconf 89' lang='lat' dir='ltr'>impertiri.</span> <span class='ocrx_word' id='word_1_150' title='bbox 1342 2412 1373 2475; x_wconf 93' lang='lat' dir='ltr'>N</span> <span class='ocrx_word' id='word_1_151' title='bbox 1374 2432 1409 2476; x_wconf 90' lang='lat' dir='ltr'>os</span> <span class='ocrx_word' id='word_1_152' title='bbox 1423 2414 1522 2496; x_wconf 81' lang='lat' dir='ltr'>igitur</span> <span class='ocrx_word' id='word_1_153' title='bbox 1535 2414 1629 2477; x_wconf 90' lang='lat' dir='ltr'>iustis</span> <span class='ocrx_word' id='word_1_154' title='bbox 1648 2433 1759 2477; x_wconf 89' lang='lat' dir='ltr'>eornm</span> 
     </span>
     <span class='ocr_line' id='line_1_18' title="bbox 358 2513 1759 2600; baseline 0.001 -23"><span class='ocrx_word' id='word_1_155' title='bbox 358 2515 566 2596; x_wconf 88' lang='lat' dir='ltr'>querimoniis</span> <span class='ocrx_word' id='word_1_156' title='bbox 596 2534 690 2578; x_wconf 87' lang='lat' dir='ltr'>aures</span> <span class='ocrx_word' id='word_1_157' title='bbox 721 2513 833 2578; x_wconf 91' lang='lat' dir='ltr'>solitae</span> <span class='ocrx_word' id='word_1_158' title='bbox 862 2515 989 2597; x_wconf 88' lang='lat' dir='ltr'>pietatis</span> <span class='ocrx_word' id='word_1_159' title='bbox 1019 2515 1209 2579; x_wconf 85' lang='lat' dir='ltr'>inclinantes</span> <span class='ocrx_word' id='word_1_160' title='bbox 1235 2516 1275 2578; x_wconf 91' lang='lat' dir='ltr'>ad</span> <span class='ocrx_word' id='word_1_161' title='bbox 1297 2516 1513 2599; x_wconf 86' lang='lat' dir='ltr'>praesentium</span> <span class='ocrx_word' id='word_1_162' title='bbox 1543 2524 1759 2600; x_wconf 90' lang='lat' dir='ltr'>posterorum-</span> 
     </span>
     <span class='ocr_line' id='line_1_19' title="bbox 360 2616 1760 2704; baseline 0.001 -23"><span class='ocrx_word' id='word_1_163' title='bbox 360 2637 423 2701; x_wconf 93' lang='lat' dir='ltr'>que</span> <span class='ocrx_word' id='word_1_164' title='bbox 432 2616 453 2697; x_wconf 90' lang='lat'>¹)</span> <span class='ocrx_word' id='word_1_165' title='bbox 476 2619 621 2682; x_wconf 79' lang='lat' dir='ltr'>nahtam</span> <span class='ocrx_word' id='word_1_166' title='bbox 652 2618 802 2681; x_wconf 89' lang='lat' dir='ltr'>volumus</span> <span class='ocrx_word' id='word_1_167' title='bbox 832 2618 990 2700; x_wconf 72' lang='lat' dir='ltr'>devenire,</span> <span class='ocrx_word' id='word_1_168' title='bbox 1022 2619 1109 2701; x_wconf 94' lang='lat' dir='ltr'>quod</span> <span class='ocrx_word' id='word_1_169' title='bbox 1139 2638 1198 2682; x_wconf 91' lang='lat' dir='ltr'>nos</span> <span class='ocrx_word' id='word_1_170' title='bbox 1227 2626 1465 2683; x_wconf 88' lang='lat' dir='ltr'>antecessorum</span> <span class='ocrx_word' id='word_1_171' title='bbox 1495 2628 1676 2683; x_wconf 89' lang='lat' dir='ltr'>nostrorum</span> <span class='ocrx_word' id='word_1_172' title='bbox 1698 2621 1760 2704; x_wconf 91' lang='lat' dir='ltr'>piis</span> 
     </span>
     <span class='ocr_line' id='line_1_20' title="bbox 359 2721 1759 2806; baseline 0.002 -22"><span class='ocrx_word' id='word_1_173' title='bbox 359 2722 502 2805; x_wconf 79' lang='lat' dir='ltr'>vestigiis</span> <span class='ocrx_word' id='word_1_174' title='bbox 523 2722 725 2786; x_wconf 87' lang='lat' dir='ltr'>inhaerentes</span> <span class='ocrx_word' id='word_1_175' title='bbox 746 2721 872 2805; x_wconf 88' lang='lat' dir='ltr'>pietatis</span> <span class='ocrx_word' id='word_1_176' title='bbox 894 2721 972 2785; x_wconf 92' lang='lat' dir='ltr'>moti</span> <span class='ocrx_word' id='word_1_177' title='bbox 994 2721 1170 2786; x_wconf 85' lang='lat' dir='ltr'>visceribus</span> <span class='ocrx_word' id='word_1_178' title='bbox 1192 2723 1358 2806; x_wconf 85' lang='lat' dir='ltr'>pristinam</span> <span class='ocrx_word' id='word_1_179' title='bbox 1381 2724 1427 2787; x_wconf 93' lang='lat' dir='ltr'>eis</span> <span class='ocrx_word' id='word_1_180' title='bbox 1448 2724 1644 2788; x_wconf 89' lang='lat' dir='ltr'>reddidimus</span> <span class='ocrx_word' id='word_1_181' title='bbox 1665 2724 1759 2788; x_wconf 89' lang='lat' dir='ltr'>liber-</span> 
     </span>
     <span class='ocr_line' id='line_1_21' title="bbox 357 2825 1829 2910; baseline -0.001 -20"><span class='ocrx_word' id='word_1_182' title='bbox 357 2831 462 2890; x_wconf 80' lang='lat' dir='ltr'>tatem.</span> <span class='ocrx_word' id='word_1_183' title='bbox 489 2825 539 2889; x_wconf 90' lang='lat' dir='ltr'>Ita</span> <span class='ocrx_word' id='word_1_184' title='bbox 554 2832 659 2889; x_wconf 91' lang='lat' dir='ltr'>tamen</span> <span class='ocrx_word' id='word_1_185' title='bbox 683 2825 770 2908; x_wconf 88' lang='lat' dir='ltr'>quod</span> <span class='ocrx_word' id='word_1_186' title='bbox 791 2826 963 2888; x_wconf 81' lang='lat' dir='ltr'>universus</span> <span class='ocrx_word' id='word_1_187' title='bbox 977 2825 1117 2909; x_wconf 86' lang='lat' dir='ltr'>populus</span> <span class='ocrx_word' id='word_1_188' title='bbox 1135 2827 1290 2910; x_wconf 89' lang='lat' dir='ltr'>incipiens</span> <span class='ocrx_word' id='word_1_189' title='bbox 1312 2847 1332 2888; x_wconf 90' lang='lat' dir='ltr'>a</span> <span class='ocrx_word' id='word_1_190' title='bbox 1344 2827 1460 2891; x_wconf 84' lang='lat' dir='ltr'>Waras</span> <span class='ocrx_word' id='word_1_191' title='bbox 1474 2846 1578 2908; x_wconf 91' lang='lat' dir='ltr'>usque</span> <span class='ocrx_word' id='word_1_192' title='bbox 1600 2828 1634 2890; x_wconf 92' lang='lat' dir='ltr'>in</span> <span class='ocrx_word' id='word_1_193' title='bbox 1648 2826 1759 2892; x_wconf 86' lang='lat' dir='ltr'>Boralt</span> <span class='ocrx_word' id='word_1_194' title='bbox 1794 2834 1829 2888; x_wconf 81' lang='lat'>20</span> 
     </span>
     <span class='ocr_line' id='line_1_22' title="bbox 356 2926 1759 3014; baseline 0.001 -21"><span class='ocrx_word' id='word_1_195' title='bbox 356 2947 430 2993; x_wconf 92' lang='lat' dir='ltr'>cum</span> <span class='ocrx_word' id='word_1_196' title='bbox 460 2935 546 2993; x_wconf 88' lang='lat' dir='ltr'>terra</span> <span class='ocrx_word' id='word_1_197' title='bbox 567 2926 759 3009; x_wconf 81' lang='lat' dir='ltr'>Syctdorum</span> <span class='ocrx_word' id='word_1_198' title='bbox 789 2933 891 2992; x_wconf 88' lang='lat' dir='ltr'>terrae</span> <span class='ocrx_word' id='word_1_199' title='bbox 914 2928 1017 2992; x_wconf 84' lang='lat' dir='ltr'>Sabus</span> <span class='ocrx_word' id='word_1_200' title='bbox 1047 2937 1080 2993; x_wconf 89' lang='lat' dir='ltr'>et</span> <span class='ocrx_word' id='word_1_201' title='bbox 1108 2936 1194 2994; x_wconf 89' lang='lat' dir='ltr'>terra</span> <span class='ocrx_word' id='word_1_202' title='bbox 1215 2929 1340 2994; x_wconf 79' lang='lat' dir='ltr'>Danaus</span> <span class='ocrx_word' id='word_1_203' title='bbox 1369 2950 1455 2994; x_wconf 89' lang='lat' dir='ltr'>unus</span> <span class='ocrx_word' id='word_1_204' title='bbox 1485 2931 1528 2994; x_wconf 88' lang='lat' dir='ltr'>sit</span> <span class='ocrx_word' id='word_1_205' title='bbox 1556 2931 1695 3014; x_wconf 86' lang='lat' dir='ltr'>populus</span> <span class='ocrx_word' id='word_1_206' title='bbox 1726 2938 1759 2995; x_wconf 88' lang='lat' dir='ltr'>et</span> 
     </span>
     <span class='ocr_line' id='line_1_23' title="bbox 356 3029 1757 3118; baseline 0.001 -23"><span class='ocrx_word' id='word_1_207' title='bbox 356 3029 416 3095; x_wconf 90' lang='lat' dir='ltr'>sub</span> <span class='ocrx_word' id='word_1_208' title='bbox 453 3051 519 3095; x_wconf 95' lang='lat' dir='ltr'>uno</span> <span class='ocrx_word' id='word_1_209' title='bbox 552 3032 657 3095; x_wconf 88' lang='lat' dir='ltr'>iudice</span> <span class='ocrx_word' id='word_1_210' title='bbox 690 3037 897 3114; x_wconf 73' lang='lat' dir='ltr'>censeantur,</span> <span class='ocrx_word' id='word_1_211' title='bbox 936 3032 1084 3096; x_wconf 89' lang='lat' dir='ltr'>omnibus</span> <span class='ocrx_word' id='word_1_212' title='bbox 1117 3033 1319 3098; x_wconf 87' lang='lat' dir='ltr'>comitatibus</span> <span class='ocrx_word' id='word_1_213' title='bbox 1353 3040 1478 3118; x_wconf 88' lang='lat' dir='ltr'>praeter</span> <span class='ocrx_word' id='word_1_214' title='bbox 1511 3033 1757 3116; x_wconf 84' lang='lat' dir='ltr'>Chybiniensem</span> 
     </span>
     <span class='ocr_line' id='line_1_24' title="bbox 356 3135 1757 3218; baseline 0.001 -18"><span class='ocrx_word' id='word_1_215' title='bbox 356 3135 554 3200; x_wconf 87' lang='lat' dir='ltr'>cessantibus</span> <span class='ocrx_word' id='word_1_216' title='bbox 584 3135 743 3199; x_wconf 89' lang='lat' dir='ltr'>radicitus.</span> <span class='ocrx_word' id='word_1_217' title='bbox 789 3135 902 3200; x_wconf 83' lang='lat' dir='ltr'>Comes</span> <span class='ocrx_word' id='word_1_218' title='bbox 925 3156 1001 3200; x_wconf 87' lang='lat' dir='ltr'>vero</span> <span class='ocrx_word' id='word_1_219' title='bbox 1032 3137 1227 3218; x_wconf 89' lang='lat' dir='ltr'>quicumque</span> <span class='ocrx_word' id='word_1_220' title='bbox 1257 3137 1354 3200; x_wconf 85' lang='lat' dir='ltr'>fuerit</span> <span class='ocrx_word' id='word_1_221' title='bbox 1380 3137 1603 3218; x_wconf 84' lang='lat' dir='ltr'>Chyhiniensis</span> <span class='ocrx_word' id='word_1_222' title='bbox 1632 3138 1757 3202; x_wconf 92' lang='lat' dir='ltr'>nullum</span> 
     </span>
     <span class='ocr_line' id='line_1_25' title="bbox 356 3238 1758 3324; baseline 0.002 -22"><span class='ocrx_word' id='word_1_223' title='bbox 356 3245 540 3322; x_wconf 85' lang='lat' dir='ltr'>praesumat</span> <span class='ocrx_word' id='word_1_224' title='bbox 561 3244 702 3303; x_wconf 83' lang='lat' dir='ltr'>statuere</span> <span class='ocrx_word' id='word_1_225' title='bbox 723 3241 758 3302; x_wconf 93' lang='lat' dir='ltr'>in</span> <span class='ocrx_word' id='word_1_226' title='bbox 779 3240 948 3324; x_wconf 87' lang='lat' dir='ltr'>praedictis</span> <span class='ocrx_word' id='word_1_227' title='bbox 971 3240 1182 3319; x_wconf 66' lang='lat' dir='ltr'>comitatibus</span> <span class='ocrx_word' id='word_1_228' title='bbox 1204 3240 1265 3302; x_wconf 90' lang='lat' dir='ltr'>nisi</span> <span class='ocrx_word' id='word_1_229' title='bbox 1288 3241 1330 3303; x_wconf 92' lang='lat' dir='ltr'>sit</span> <span class='ocrx_word' id='word_1_230' title='bbox 1344 3240 1428 3302; x_wconf 87' lang='lat' dir='ltr'>infra</span> <span class='ocrx_word' id='word_1_231' title='bbox 1449 3259 1504 3304; x_wconf 88' lang='lat' dir='ltr'>eos</span> <span class='ocrx_word' id='word_1_232' title='bbox 1513 3238 1534 3315; x_wconf 85' lang='lat'>¹)</span> <span class='ocrx_word' id='word_1_233' title='bbox 1557 3241 1709 3321; x_wconf 77' lang='lat' dir='ltr'>residens,</span> <span class='ocrx_word' id='word_1_234' title='bbox 1725 3248 1758 3305; x_wconf 86' lang='lat' dir='ltr'>et</span> 
     </span>
     <span class='ocr_line' id='line_1_26' title="bbox 354 3342 1827 3427; baseline 0.001 -22"><span class='ocrx_word' id='word_1_235' title='bbox 354 3344 460 3427; x_wconf 91' lang='lat' dir='ltr'>ipsum</span> <span class='ocrx_word' id='word_1_236' title='bbox 483 3342 594 3427; x_wconf 90' lang='lat' dir='ltr'>populi</span> <span class='ocrx_word' id='word_1_237' title='bbox 616 3343 742 3427; x_wconf 77' lang='lat' dir='ltr'>eligant,</span> <span class='ocrx_word' id='word_1_238' title='bbox 771 3344 827 3425; x_wconf 92' lang='lat' dir='ltr'>qui</span> <span class='ocrx_word' id='word_1_239' title='bbox 850 3344 964 3407; x_wconf 90' lang='lat' dir='ltr'>melius</span> <span class='ocrx_word' id='word_1_240' title='bbox 986 3343 1147 3407; x_wconf 85' lang='lat' dir='ltr'>videbitur</span> <span class='ocrx_word' id='word_1_241' title='bbox 1168 3344 1328 3426; x_wconf 78' lang='lat' dir='ltr'>expedire,</span> <span class='ocrx_word' id='word_1_242' title='bbox 1351 3362 1410 3405; x_wconf 89' lang='lat' dir='ltr'>nec</span> <span class='ocrx_word' id='word_1_243' title='bbox 1432 3344 1527 3407; x_wconf 89' lang='lat' dir='ltr'>etiam</span> <span class='ocrx_word' id='word_1_244' title='bbox 1549 3345 1583 3406; x_wconf 91' lang='lat' dir='ltr'>in</span> <span class='ocrx_word' id='word_1_245' title='bbox 1605 3345 1757 3408; x_wconf 88' lang='lat' dir='ltr'>comitatu</span> <span class='ocrx_word' id='word_1_246' title='bbox 1793 3352 1827 3407; x_wconf 79' lang='lat'>25</span> 
     </span>
     <span class='ocr_line' id='line_1_27' title="bbox 356 3446 1757 3530; baseline 0.001 -20"><span class='ocrx_word' id='word_1_247' title='bbox 356 3446 563 3529; x_wconf 84' lang='lat' dir='ltr'>Chybinieusi</span> <span class='ocrx_word' id='word_1_248' title='bbox 595 3447 710 3529; x_wconf 90' lang='lat' dir='ltr'>aliquis</span> <span class='ocrx_word' id='word_1_249' title='bbox 743 3448 859 3512; x_wconf 88' lang='lat' dir='ltr'>audeat</span> <span class='ocrx_word' id='word_1_250' title='bbox 889 3466 1072 3530; x_wconf 88' lang='lat' dir='ltr'>comparare</span> <span class='ocrx_word' id='word_1_251' title='bbox 1102 3447 1245 3530; x_wconf 87' lang='lat' dir='ltr'>pecunia.</span> <span class='ocrx_word' id='word_1_252' title='bbox 1283 3447 1334 3509; x_wconf 87' lang='lat' dir='ltr'>Ad</span> <span class='ocrx_word' id='word_1_253' title='bbox 1364 3446 1491 3510; x_wconf 89' lang='lat' dir='ltr'>lucrum</span> <span class='ocrx_word' id='word_1_254' title='bbox 1520 3467 1597 3510; x_wconf 88' lang='lat' dir='ltr'>vero</span> <span class='ocrx_word' id='word_1_255' title='bbox 1630 3454 1757 3512; x_wconf 86' lang='lat' dir='ltr'>nostrae</span> 
     </span>
     <span class='ocr_line' id='line_1_28' title="bbox 356 3551 1757 3635; baseline 0.001 -22"><span class='ocrx_word' id='word_1_256' title='bbox 356 3570 499 3614; x_wconf 86' lang='lat' dir='ltr'>camerae</span> <span class='ocrx_word' id='word_1_257' title='bbox 522 3551 714 3634; x_wconf 84' lang='lat' dir='ltr'>quingentas</span> <span class='ocrx_word' id='word_1_258' title='bbox 736 3571 858 3615; x_wconf 83' lang='lat' dir='ltr'>marcas</span> <span class='ocrx_word' id='word_1_259' title='bbox 880 3553 1002 3634; x_wconf 82' lang='lat' dir='ltr'>argenti</span> <span class='ocrx_word' id='word_1_260' title='bbox 1033 3552 1108 3614; x_wconf 90' lang='lat' dir='ltr'>dare</span> <span class='ocrx_word' id='word_1_261' title='bbox 1131 3558 1301 3613; x_wconf 86' lang='lat' dir='ltr'>teneantur</span> <span class='ocrx_word' id='word_1_262' title='bbox 1322 3552 1496 3631; x_wconf 84' lang='lat' dir='ltr'>annuatim,</span> <span class='ocrx_word' id='word_1_263' title='bbox 1520 3551 1644 3614; x_wconf 90' lang='lat' dir='ltr'>nullum</span> <span class='ocrx_word' id='word_1_264' title='bbox 1667 3570 1757 3635; x_wconf 90' lang='lat' dir='ltr'>prae·</span> 
     </span>
     <span class='ocr_line' id='line_1_29' title="bbox 355 3654 1756 3738; baseline -0.001 -20"><span class='ocrx_word' id='word_1_265' title='bbox 355 3655 469 3720; x_wconf 87' lang='lat' dir='ltr'>dialem</span> <span class='ocrx_word' id='word_1_266' title='bbox 492 3656 543 3718; x_wconf 83' lang='lat' dir='ltr'>vel</span> <span class='ocrx_word' id='word_1_267' title='bbox 566 3655 741 3737; x_wconf 89' lang='lat' dir='ltr'>quemhhet</span> <span class='ocrx_word' id='word_1_268' title='bbox 762 3655 860 3719; x_wconf 90' lang='lat' dir='ltr'>alium</span> <span class='ocrx_word' id='word_1_269' title='bbox 883 3654 1034 3718; x_wconf 88' lang='lat' dir='ltr'>volumus</span> <span class='ocrx_word' id='word_1_270' title='bbox 1064 3654 1147 3717; x_wconf 80' lang='lat' dir='ltr'>infra</span> <span class='ocrx_word' id='word_1_271' title='bbox 1176 3654 1328 3717; x_wconf 89' lang='lat' dir='ltr'>terminos</span> <span class='ocrx_word' id='word_1_272' title='bbox 1359 3655 1534 3718; x_wconf 79' lang='lat' dir='ltr'>eortmdem</span> <span class='ocrx_word' id='word_1_273' title='bbox 1556 3656 1695 3738; x_wconf 90' lang='lat' dir='ltr'>positum</span> <span class='ocrx_word' id='word_1_274' title='bbox 1717 3654 1756 3718; x_wconf 86' lang='lat' dir='ltr'>ab</span> 
     </span>
     <span class='ocr_line' id='line_1_30' title="bbox 355 3758 1757 3842; baseline -0.001 -20"><span class='ocrx_word' id='word_1_275' title='bbox 355 3760 413 3822; x_wconf 89' lang='lat' dir='ltr'>hac</span> <span class='ocrx_word' id='word_1_276' title='bbox 436 3759 566 3823; x_wconf 81' lang='lat' dir='ltr'>excludi</span> <span class='ocrx_word' id='word_1_277' title='bbox 588 3759 774 3841; x_wconf 79' lang='lat' dir='ltr'>redditione,</span> <span class='ocrx_word' id='word_1_278' title='bbox 797 3760 857 3823; x_wconf 88' lang='lat' dir='ltr'>nisi</span> <span class='ocrx_word' id='word_1_279' title='bbox 882 3760 936 3841; x_wconf 91' lang='lat' dir='ltr'>qui</span> <span class='ocrx_word' id='word_1_280' title='bbox 960 3778 1057 3842; x_wconf 91' lang='lat' dir='ltr'>super</span> <span class='ocrx_word' id='word_1_281' title='bbox 1080 3758 1138 3821; x_wconf 89' lang='lat' dir='ltr'>hoc</span> <span class='ocrx_word' id='word_1_282' title='bbox 1161 3758 1298 3840; x_wconf 85' lang='lat' dir='ltr'>gaudeat</span> <span class='ocrx_word' id='word_1_283' title='bbox 1319 3758 1484 3840; x_wconf 80' lang='lat' dir='ltr'>privilegio</span> <span class='ocrx_word' id='word_1_284' title='bbox 1507 3758 1642 3841; x_wconf 89' lang='lat' dir='ltr'>speciali.</span> <span class='ocrx_word' id='word_1_285' title='bbox 1686 3758 1757 3821; x_wconf 89' lang='lat' dir='ltr'>Hoc</span> 
     </span>
     <span class='ocr_line' id='line_1_31' title="bbox 354 3861 1827 3945; baseline -0.001 -20"><span class='ocrx_word' id='word_1_286' title='bbox 354 3863 450 3925; x_wconf 88' lang='lat' dir='ltr'>etiam</span> <span class='ocrx_word' id='word_1_287' title='bbox 481 3863 599 3925; x_wconf 71' lang='lat' dir='ltr'>eudem</span> <span class='ocrx_word' id='word_1_288' title='bbox 629 3864 843 3945; x_wconf 80' lang='lat' dir='ltr'>concedimus,</span> <span class='ocrx_word' id='word_1_289' title='bbox 874 3863 960 3944; x_wconf 90' lang='lat' dir='ltr'>quod</span> <span class='ocrx_word' id='word_1_290' title='bbox 990 3863 1134 3945; x_wconf 73' lang='lat' dir='ltr'>pecunia</span> <span class='ocrx_word' id='word_1_291' title='bbox 1165 3881 1263 3942; x_wconf 89' lang='lat' dir='ltr'>quam</span> <span class='ocrx_word' id='word_1_292' title='bbox 1291 3861 1384 3924; x_wconf 89' lang='lat' dir='ltr'>nohis</span> <span class='ocrx_word' id='word_1_293' title='bbox 1415 3862 1539 3926; x_wconf 81' lang='lat' dir='ltr'>solvere</span> <span class='ocrx_word' id='word_1_294' title='bbox 1562 3861 1757 3926; x_wconf 89' lang='lat' dir='ltr'>tenebuntur</span> <span class='ocrx_word' id='word_1_295' title='bbox 1792 3871 1827 3923; x_wconf 85' lang='lat'>30</span> 
     </span>
     <span class='ocr_line' id='line_1_32' title="bbox 355 3966 1757 4049; baseline -0.001 -20"><span class='ocrx_word' id='word_1_296' title='bbox 355 3984 414 4030; x_wconf 89' lang='lat' dir='ltr'>seu</span> <span class='ocrx_word' id='word_1_297' title='bbox 436 3966 677 4049; x_wconf 82' lang='lat' dir='ltr'>dignoscuntur,</span> <span class='ocrx_word' id='word_1_298' title='bbox 707 3987 782 4030; x_wconf 90' lang='lat' dir='ltr'>cum</span> <span class='ocrx_word' id='word_1_299' title='bbox 804 3967 894 4031; x_wconf 89' lang='lat' dir='ltr'>nullo</span> <span class='ocrx_word' id='word_1_300' title='bbox 917 3967 978 4031; x_wconf 86' lang='lat' dir='ltr'>alio</span> <span class='ocrx_word' id='word_1_301' title='bbox 1001 3966 1142 4049; x_wconf 89' lang='lat' dir='ltr'>pondere</span> <span class='ocrx_word' id='word_1_302' title='bbox 1172 3966 1233 4028; x_wconf 88' lang='lat' dir='ltr'>nisi</span> <span class='ocrx_word' id='word_1_303' title='bbox 1265 3985 1339 4028; x_wconf 92' lang='lat' dir='ltr'>cum</span> <span class='ocrx_word' id='word_1_304' title='bbox 1361 3985 1467 4028; x_wconf 82' lang='lat' dir='ltr'>marca</span> <span class='ocrx_word' id='word_1_305' title='bbox 1488 3971 1639 4049; x_wconf 81' lang='lat' dir='ltr'>argentea</span> <span class='ocrx_word' id='word_1_306' title='bbox 1661 3985 1757 4048; x_wconf 91' lang='lat' dir='ltr'>quam</span> 
     </span>
     <span class='ocr_line' id='line_1_33' title="bbox 353 4069 1756 4154; baseline 0.001 -22"><span class='ocrx_word' id='word_1_307' title='bbox 353 4070 513 4153; x_wconf 91' lang='lat' dir='ltr'>piissimae</span> <span class='ocrx_word' id='word_1_308' title='bbox 535 4070 762 4133; x_wconf 88' lang='lat' dir='ltr'>recordationis</span> <span class='ocrx_word' id='word_1_309' title='bbox 784 4078 875 4154; x_wconf 88' lang='lat' dir='ltr'>pater</span> <span class='ocrx_word' id='word_1_310' title='bbox 896 4078 1006 4134; x_wconf 89' lang='lat' dir='ltr'>noster</span> <span class='ocrx_word' id='word_1_311' title='bbox 1019 4070 1098 4132; x_wconf 89' lang='lat' dir='ltr'>Bela</span> <span class='ocrx_word' id='word_1_312' title='bbox 1119 4069 1239 4132; x_wconf 90' lang='lat' dir='ltr'>eisdem</span> <span class='ocrx_word' id='word_1_313' title='bbox 1254 4070 1420 4132; x_wconf 89' lang='lat' dir='ltr'>coustituit</span> <span class='ocrx_word' id='word_1_314' title='bbox 1443 4069 1589 4133; x_wconf 84' lang='lat' dir='ltr'>videlicet</span> <span class='ocrx_word' id='word_1_315' title='bbox 1608 4071 1756 4151; x_wconf 90' lang='lat' dir='ltr'>quintum</span> 
     </span>
     <span class='ocr_line' id='line_1_34' title="bbox 354 4172 1756 4258; baseline -0.001 -22"><span class='ocrx_word' id='word_1_316' title='bbox 354 4173 520 4237; x_wconf 90' lang='lat' dir='ltr'>dimidium</span> <span class='ocrx_word' id='word_1_317' title='bbox 551 4173 706 4236; x_wconf 85' lang='lat' dir='ltr'>fertonem</span> <span class='ocrx_word' id='word_1_318' title='bbox 729 4173 953 4256; x_wconf 84' lang='lat' dir='ltr'>Ohybiniensis</span> <span class='ocrx_word' id='word_1_319' title='bbox 981 4173 1131 4258; x_wconf 88' lang='lat' dir='ltr'>ponderis</span> <span class='ocrx_word' id='word_1_320' title='bbox 1154 4193 1226 4235; x_wconf 89' lang='lat' dir='ltr'>cum</span> <span class='ocrx_word' id='word_1_321' title='bbox 1250 4172 1432 4237; x_wconf 84' lang='lat' dir='ltr'>Coloniensi</span> <span class='ocrx_word' id='word_1_322' title='bbox 1462 4173 1600 4253; x_wconf 80' lang='lat' dir='ltr'>denario,</span> <span class='ocrx_word' id='word_1_323' title='bbox 1630 4192 1671 4237; x_wconf 90' lang='lat' dir='ltr'>ne</span> <span class='ocrx_word' id='word_1_324' title='bbox 1694 4173 1756 4235; x_wconf 88' lang='lat' dir='ltr'>dis-</span> 
     </span>
     <span class='ocr_line' id='line_1_35' title="bbox 354 4276 1757 4360; baseline 0.001 -21"><span class='ocrx_word' id='word_1_325' title='bbox 354 4285 484 4360; x_wconf 89' lang='lat' dir='ltr'>crepent</span> <span class='ocrx_word' id='word_1_326' title='bbox 513 4278 557 4340; x_wconf 85' lang='lat' dir='ltr'>in¹</span> <span class='ocrx_word' id='word_1_327' title='bbox 577 4284 695 4341; x_wconf 85' lang='lat' dir='ltr'>statera</span> <span class='ocrx_word' id='word_1_328' title='bbox 724 4278 848 4343; x_wconf 84' lang='lat' dir='ltr'>solvere</span> <span class='ocrx_word' id='word_1_329' title='bbox 880 4286 1058 4343; x_wconf 88' lang='lat' dir='ltr'>teneantur.</span> <span class='ocrx_word' id='word_1_330' title='bbox 1096 4276 1232 4339; x_wconf 88' lang='lat' dir='ltr'>Nunciis</span> <span class='ocrx_word' id='word_1_331' title='bbox 1263 4295 1348 4355; x_wconf 73' lang='lat' dir='ltr'>vero,</span> <span class='ocrx_word' id='word_1_332' title='bbox 1384 4296 1465 4358; x_wconf 88' lang='lat' dir='ltr'>quos</span> <span class='ocrx_word' id='word_1_333' title='bbox 1495 4277 1582 4359; x_wconf 84' lang='lat' dir='ltr'>regia</span> <span class='ocrx_word' id='word_1_334' title='bbox 1611 4277 1757 4340; x_wconf 85' lang='lat' dir='ltr'>maiestas</span> 
     </span>
     <span class='ocr_line' id='line_1_36' title="bbox 353 4379 1825 4464; baseline -0.002 -21"><span class='ocrx_word' id='word_1_335' title='bbox 353 4380 394 4443; x_wconf 87' lang='lat' dir='ltr'>ad</span> <span class='ocrx_word' id='word_1_336' title='bbox 416 4380 533 4444; x_wconf 84' lang='lat' dir='ltr'>dictam</span> <span class='ocrx_word' id='word_1_337' title='bbox 562 4382 730 4464; x_wconf 88' lang='lat' dir='ltr'>pecuniam</span> <span class='ocrx_word' id='word_1_338' title='bbox 760 4381 969 4463; x_wconf 84' lang='lat' dir='ltr'>colligendam</span> <span class='ocrx_word' id='word_1_339' title='bbox 992 4380 1148 4459; x_wconf 82' lang='lat' dir='ltr'>statuerit,</span> <span class='ocrx_word' id='word_1_340' title='bbox 1178 4379 1312 4461; x_wconf 81' lang='lat' dir='ltr'>singulis</span> <span class='ocrx_word' id='word_1_341' title='bbox 1342 4379 1463 4461; x_wconf 74' lang='lat' dir='ltr'>diebus,</span> <span class='ocrx_word' id='word_1_342' title='bbox 1493 4379 1610 4462; x_wconf 89' lang='lat' dir='ltr'>quibus</span> <span class='ocrx_word' id='word_1_343' title='bbox 1638 4379 1755 4444; x_wconf 92' lang='lat' dir='ltr'>ibidem</span> <span class='ocrx_word' id='word_1_344' title='bbox 1791 4389 1825 4440; x_wconf 80' lang='lat'>35</span> 
     </span>
     <span class='ocr_line' id='line_1_37' title="bbox 354 4483 1755 4566; baseline -0.001 -20"><span class='ocrx_word' id='word_1_345' title='bbox 354 4503 475 4547; x_wconf 87' lang='lat' dir='ltr'>moram</span> <span class='ocrx_word' id='word_1_346' title='bbox 506 4484 648 4566; x_wconf 83' lang='lat' dir='ltr'>fecerint,</span> <span class='ocrx_word' id='word_1_347' title='bbox 682 4492 747 4548; x_wconf 91' lang='lat' dir='ltr'>tres</span> <span class='ocrx_word' id='word_1_348' title='bbox 777 4485 900 4548; x_wconf 91' lang='lat' dir='ltr'>lotoues</span> <span class='ocrx_word' id='word_1_349' title='bbox 934 4504 990 4566; x_wconf 93' lang='lat' dir='ltr'>pro</span> <span class='ocrx_word' id='word_1_350' title='bbox 1025 4502 1137 4546; x_wconf 89' lang='lat' dir='ltr'>eorum</span> <span class='ocrx_word' id='word_1_351' title='bbox 1167 4484 1318 4566; x_wconf 86' lang='lat' dir='ltr'>expensis</span> <span class='ocrx_word' id='word_1_352' title='bbox 1348 4483 1473 4546; x_wconf 87' lang='lat' dir='ltr'>solvere</span> <span class='ocrx_word' id='word_1_353' title='bbox 1503 4502 1568 4546; x_wconf 91' lang='lat' dir='ltr'>non</span> <span class='ocrx_word' id='word_1_354' title='bbox 1599 4490 1755 4547; x_wconf 86' lang='lat' dir='ltr'>recusent.</span> 
     </span>
     <span class='ocr_line' id='line_1_38' title="bbox 354 4586 1756 4671; baseline -0.001 -20"><span class='ocrx_word' id='word_1_355' title='bbox 354 4587 472 4651; x_wconf 82' lang='lat' dir='ltr'>Milites</span> <span class='ocrx_word' id='word_1_356' title='bbox 494 4607 571 4651; x_wconf 78' lang='lat' dir='ltr'>vero</span> <span class='ocrx_word' id='word_1_357' title='bbox 603 4589 770 4671; x_wconf 85' lang='lat' dir='ltr'>quingenti</span> <span class='ocrx_word' id='word_1_358' title='bbox 800 4588 883 4650; x_wconf 84' lang='lat' dir='ltr'>infra</span> <span class='ocrx_word' id='word_1_359' title='bbox 913 4607 1048 4670; x_wconf 82' lang='lat' dir='ltr'>regnum</span> <span class='ocrx_word' id='word_1_360' title='bbox 1079 4588 1119 4650; x_wconf 90' lang='lat' dir='ltr'>ad</span> <span class='ocrx_word' id='word_1_361' title='bbox 1149 4587 1232 4670; x_wconf 81' lang='lat' dir='ltr'>regis</span> <span class='ocrx_word' id='word_1_362' title='bbox 1255 4586 1492 4670; x_wconf 86' lang='lat' dir='ltr'>expeditionem</span> <span class='ocrx_word' id='word_1_363' title='bbox 1514 4587 1634 4650; x_wconf 86' lang='lat' dir='ltr'>servire</span> <span class='ocrx_word' id='word_1_364' title='bbox 1657 4586 1756 4670; x_wconf 91' lang='lat' dir='ltr'>depu-</span> 
     </span>
     <span class='ocr_line' id='line_1_39' title="bbox 352 4688 1755 4773; baseline 0 -20"><span class='ocrx_word' id='word_1_365' title='bbox 352 4698 470 4773; x_wconf 74' lang='lat' dir='ltr'>tentur,</span> <span class='ocrx_word' id='word_1_366' title='bbox 492 4699 586 4755; x_wconf 87' lang='lat' dir='ltr'>extra</span> <span class='ocrx_word' id='word_1_367' title='bbox 604 4710 681 4755; x_wconf 86' lang='lat' dir='ltr'>vero</span> <span class='ocrx_word' id='word_1_368' title='bbox 704 4710 840 4773; x_wconf 77' lang='lat' dir='ltr'>regnum</span> <span class='ocrx_word' id='word_1_369' title='bbox 862 4696 1001 4770; x_wconf 81' lang='lat' dir='ltr'>centnm,</span> <span class='ocrx_word' id='word_1_370' title='bbox 1024 4689 1050 4752; x_wconf 90' lang='lat' dir='ltr'>si</span> <span class='ocrx_word' id='word_1_371' title='bbox 1074 4710 1132 4753; x_wconf 87' lang='lat' dir='ltr'>rex</span> <span class='ocrx_word' id='word_1_372' title='bbox 1155 4690 1188 4752; x_wconf 89' lang='lat' dir='ltr'>in</span> <span class='ocrx_word' id='word_1_373' title='bbox 1212 4688 1340 4773; x_wconf 87' lang='lat' dir='ltr'>propria</span> <span class='ocrx_word' id='word_1_374' title='bbox 1361 4691 1614 4773; x_wconf 57' lang='lat' dir='ltr'>persanaiverit,</span> <span class='ocrx_word' id='word_1_375' title='bbox 1637 4691 1755 4754; x_wconf 76' lang='lat' dir='ltr'>sivero</span> 
     </span>
     <span class='ocr_line' id='line_1_40' title="bbox 352 4794 1756 4878; baseline -0.001 -20"><span class='ocrx_word' id='word_1_376' title='bbox 352 4801 444 4859; x_wconf 89' lang='lat' dir='ltr'>extra</span> <span class='ocrx_word' id='word_1_377' title='bbox 465 4814 600 4878; x_wconf 81' lang='lat' dir='ltr'>regnum</span> <span class='ocrx_word' id='word_1_378' title='bbox 623 4795 823 4878; x_wconf 82' lang='lat' dir='ltr'>iohagiunam</span> <span class='ocrx_word' id='word_1_379' title='bbox 845 4794 967 4857; x_wconf 89' lang='lat' dir='ltr'>miserit</span> <span class='ocrx_word' id='word_1_380' title='bbox 989 4794 1056 4857; x_wconf 91' lang='lat' dir='ltr'>sive</span> <span class='ocrx_word' id='word_1_381' title='bbox 1079 4795 1112 4856; x_wconf 92' lang='lat' dir='ltr'>in</span> <span class='ocrx_word' id='word_1_382' title='bbox 1135 4794 1329 4857; x_wconf 89' lang='lat' dir='ltr'>adiutorium</span> <span class='ocrx_word' id='word_1_383' title='bbox 1352 4794 1442 4856; x_wconf 85' lang='lat' dir='ltr'>amici</span> <span class='ocrx_word' id='word_1_384' title='bbox 1466 4795 1516 4856; x_wconf 89' lang='lat' dir='ltr'>sui</span> <span class='ocrx_word' id='word_1_385' title='bbox 1539 4794 1607 4856; x_wconf 84' lang='lat' dir='ltr'>sive</span> <span class='ocrx_word' id='word_1_386' title='bbox 1629 4795 1663 4855; x_wconf 92' lang='lat' dir='ltr'>in</span> <span class='ocrx_word' id='word_1_387' title='bbox 1682 4813 1756 4876; x_wconf 93' lang='lat' dir='ltr'>pro·</span> 
     </span>
     <span class='ocr_line' id='line_1_41' title="bbox 351 4897 1824 4982; baseline -0.003 -21"><span class='ocrx_word' id='word_1_388' title='bbox 351 4899 429 4982; x_wconf 89' lang='lat' dir='ltr'>priis</span> <span class='ocrx_word' id='word_1_389' title='bbox 451 4900 587 4982; x_wconf 85' lang='lat' dir='ltr'>negotiis</span> <span class='ocrx_word' id='word_1_390' title='bbox 617 4898 852 4981; x_wconf 82' lang='lat' dir='ltr'>quinquaginta</span> <span class='ocrx_word' id='word_1_391' title='bbox 880 4898 1100 4960; x_wconf 89' lang='lat' dir='ltr'>tautummodo</span> <span class='ocrx_word' id='word_1_392' title='bbox 1123 4897 1240 4961; x_wconf 89' lang='lat' dir='ltr'>milites</span> <span class='ocrx_word' id='word_1_393' title='bbox 1265 4897 1391 4959; x_wconf 90' lang='lat' dir='ltr'>mittere</span> <span class='ocrx_word' id='word_1_394' title='bbox 1414 4902 1584 4960; x_wconf 88' lang='lat' dir='ltr'>teneantur</span> <span class='ocrx_word' id='word_1_395' title='bbox 1605 4916 1664 4960; x_wconf 91' lang='lat' dir='ltr'>uec</span> <span class='ocrx_word' id='word_1_396' title='bbox 1686 4897 1754 4980; x_wconf 84' lang='lat' dir='ltr'>regi</span> <span class='ocrx_word' id='word_1_397' title='bbox 1787 4904 1824 4957; x_wconf 81' lang='lat'>40</span> 
     </span>
     <span class='ocr_line' id='line_1_42' title="bbox 352 5000 1753 5086; baseline -0.001 -21"><span class='ocrx_word' id='word_1_398' title='bbox 352 5001 437 5065; x_wconf 88' lang='lat' dir='ltr'>ultra</span> <span class='ocrx_word' id='word_1_399' title='bbox 457 5003 637 5086; x_wconf 86' lang='lat' dir='ltr'>praefatum</span> <span class='ocrx_word' id='word_1_400' title='bbox 659 5021 829 5066; x_wconf 88' lang='lat' dir='ltr'>numerum</span> <span class='ocrx_word' id='word_1_401' title='bbox 852 5000 1014 5083; x_wconf 88' lang='lat' dir='ltr'>postulare</span> <span class='ocrx_word' id='word_1_402' title='bbox 1036 5000 1130 5064; x_wconf 85' lang='lat' dir='ltr'>liceat</span> <span class='ocrx_word' id='word_1_403' title='bbox 1151 5020 1210 5064; x_wconf 89' lang='lat' dir='ltr'>nec</span> <span class='ocrx_word' id='word_1_404' title='bbox 1232 5001 1293 5084; x_wconf 91' lang='lat' dir='ltr'>ipsi</span> <span class='ocrx_word' id='word_1_405' title='bbox 1316 5001 1411 5064; x_wconf 89' lang='lat' dir='ltr'>etiam</span> <span class='ocrx_word' id='word_1_406' title='bbox 1433 5002 1558 5065; x_wconf 86' lang='lat' dir='ltr'>mittere</span> <span class='ocrx_word' id='word_1_407' title='bbox 1575 5007 1753 5065; x_wconf 90' lang='lat' dir='ltr'>teneantur.</span> 
     </span>
     <span class='ocr_line' id='line_1_43' title="bbox 353 5104 1755 5188; baseline -0.001 -19"><span class='ocrx_word' id='word_1_408' title='bbox 353 5104 540 5169; x_wconf 87' lang='lat' dir='ltr'>Sacerdotes</span> <span class='ocrx_word' id='word_1_409' title='bbox 561 5124 638 5169; x_wconf 87' lang='lat' dir='ltr'>vero</span> <span class='ocrx_word' id='word_1_410' title='bbox 661 5125 738 5169; x_wconf 92' lang='lat' dir='ltr'>suos</span> <span class='ocrx_word' id='word_1_411' title='bbox 760 5106 859 5170; x_wconf 92' lang='lat' dir='ltr'>libere</span> <span class='ocrx_word' id='word_1_412' title='bbox 881 5104 1000 5188; x_wconf 85' lang='lat' dir='ltr'>ehgant</span> <span class='ocrx_word' id='word_1_413' title='bbox 1021 5111 1054 5169; x_wconf 92' lang='lat' dir='ltr'>et</span> <span class='ocrx_word' id='word_1_414' title='bbox 1076 5104 1193 5169; x_wconf 89' lang='lat' dir='ltr'>electos</span> <span class='ocrx_word' id='word_1_415' title='bbox 1215 5110 1455 5186; x_wconf 86' lang='lat' dir='ltr'>repraesentent</span> <span class='ocrx_word' id='word_1_416' title='bbox 1477 5111 1509 5168; x_wconf 91' lang='lat' dir='ltr'>et</span> <span class='ocrx_word' id='word_1_417' title='bbox 1523 5105 1601 5187; x_wconf 92' lang='lat' dir='ltr'>ipsis</span> <span class='ocrx_word' id='word_1_418' title='bbox 1617 5105 1755 5169; x_wconf 89' lang='lat' dir='ltr'>decimas</span> 
     </span>
     <span class='ocr_line' id='line_1_44' title="bbox 351 5208 1754 5293; baseline 0 -21"><span class='ocrx_word' id='word_1_419' title='bbox 351 5209 536 5293; x_wconf 89' lang='lat' dir='ltr'>persolvant</span> <span class='ocrx_word' id='word_1_420' title='bbox 558 5215 591 5272; x_wconf 92' lang='lat' dir='ltr'>et</span> <span class='ocrx_word' id='word_1_421' title='bbox 613 5208 652 5272; x_wconf 90' lang='lat' dir='ltr'>de</span> <span class='ocrx_word' id='word_1_422' title='bbox 674 5210 762 5272; x_wconf 91' lang='lat' dir='ltr'>omni</span> <span class='ocrx_word' id='word_1_423' title='bbox 783 5210 854 5273; x_wconf 92' lang='lat' dir='ltr'>iure</span> <span class='ocrx_word' id='word_1_424' title='bbox 875 5208 1088 5272; x_wconf 89' lang='lat' dir='ltr'>ecclesiastico</span> <span class='ocrx_word' id='word_1_425' title='bbox 1107 5208 1285 5272; x_wconf 90' lang='lat' dir='ltr'>secundum</span> <span class='ocrx_word' id='word_1_426' title='bbox 1307 5208 1472 5288; x_wconf 89' lang='lat' dir='ltr'>antiquam</span> <span class='ocrx_word' id='word_1_427' title='bbox 1490 5208 1754 5272; x_wconf 89' lang='lat' dir='ltr'>cousuetudinem</span> 
     </span>
    </p>
   </div>
   <div class='ocr_carea' id='block_1_5' title="bbox 506 5378 1823 5538">
    <p class='ocr_par' dir='ltr' id='par_1_5' title="bbox 506 5378 1823 5538">
     <span class='ocr_line' id='line_1_45' title="bbox 508 5378 1090 5448; baseline -0.005 -15"><span class='ocrx_word' id='word_1_428' title='bbox 508 5383 529 5447; x_wconf 86' lang='lat'>¹)</span> <span class='ocrx_word' id='word_1_429' title='bbox 551 5378 684 5447; x_wconf 71' lang='lat' dir='ltr'>Vcrlcpe:</span> <span class='ocrx_word' id='word_1_430' title='bbox 700 5378 876 5448; x_wconf 85' lang='lat' dir='ltr'>praesentiam</span> <span class='ocrx_word' id='word_1_431' title='bbox 894 5380 1090 5448; x_wconf 81' lang='lat' dir='ltr'>poetarumque.</span> 
     </span>
     <span class='ocr_line' id='line_1_46' title="bbox 506 5464 1823 5538; baseline 0.001 -20"><span class='ocrx_word' id='word_1_432' title='bbox 506 5469 529 5538; x_wconf 70' lang='lat'>¹)</span> <span class='ocrx_word' id='word_1_433' title='bbox 551 5464 685 5536; x_wconf 66' lang='lat' dir='ltr'>Vorzape:</span> <span class='ocrx_word' id='word_1_434' title='bbox 703 5481 756 5519; x_wconf 85' lang='lat' dir='ltr'>eas.</span> <span class='ocrx_word' id='word_1_435' title='bbox 1787 5465 1823 5519; x_wconf 78' lang='lat'>45</span> 
     </span>
    </p>
   </div>
   <div class='ocr_carea' id='block_1_6' title="bbox 0 0 2028 6281">
    <p class='ocr_par' dir='ltr' id='par_1_6' title="bbox 0 0 2028 6281">
     <span class='ocr_line' id='line_1_47' title="bbox 0 0 2028 6281; baseline 0 0"><span class='ocrx_word' id='word_1_436' title='bbox 0 0 2028 6281; x_wconf 95' lang='lat' dir='ltr'> </span> 
     </span>
    </p>
   </div>
  </div>
 </body>
</html>
