4084 6302
979 579 1133 676 332-

359 763 502 829 siluanae
523 766 753 831 rationabiliter
775 767 935 851 pertinere
957 769 1123 833 evidenter
1145 770 1324 835 declaravit
1348 771 1470 835 Verum
1487 772 1564 854 quia
1585 793 1644 837 nos
1667 793 1757 857 prae-

359 868 508 953 scriptam
520 870 685 935 ecclesiam
701 871 785 935 beati
797 871 971 953 Mychaelis
983 872 1162 955 archangeli
1175 874 1214 937 ad
1230 876 1330 938 instar
1341 875 1474 939 aliorum
1488 895 1600 959 regum
1615 878 1755 961 priorum

358 973 598 1056 progenitorum
621 979 804 1038 nostrorum
835 975 963 1058 speciali
986 978 1088 1059 gratia
1109 978 1213 1060 regiae
1235 979 1361 1061 pietatis
1388 981 1540 1063 prosequi
1562 980 1757 1044 intendimus

359 1081 392 1140 et
413 1076 559 1160 amplecti
589 1078 790 1160 alienamque
821 1078 905 1142 bona
926 1079 965 1142 ab
997 1080 1106 1145 eadem
1138 1083 1255 1145 nostris
1277 1082 1309 1144 in
1334 1082 1530 1166 temporibus
1561 1090 1687 1148 nostrae
1709 1092 1758 1148 est

361 1180 549 1245 intentionis
571 1182 605 1245 in
628 1187 745 1246 statum
766 1183 936 1265 pristinum
959 1185 1113 1266 revocari,
1136 1192 1341 1249 memoratam
1357 1188 1589 1270 possessionem
1605 1188 1757 1252 Zelathna
1792 1197 1811 1245 5

359 1302 433 1347 oum
455 1283 605 1348 omnibus
628 1285 817 1350 utilitatibus
847 1292 879 1351 et
908 1288 1108 1371 pertinentiis
1138 1308 1196 1352 seu
1219 1290 1394 1354 attinentiis
1425 1290 1492 1354 suis
1515 1291 1674 1355 universis
1696 1292 1756 1355 sub

359 1388 504 1452 terminis
527 1394 559 1453 et
580 1394 737 1454 metarum
760 1389 1002 1455 limitationibus
1024 1393 1175 1475 antiquis,
1202 1393 1314 1475 utique
1337 1394 1377 1456 ad
1398 1395 1623 1478 proprietatem
1655 1396 1757 1460 dieue

359 1492 511 1557 ecclesiae
532 1492 775 1559 Transsiluanae
805 1496 1027 1578 pertinentem,
1061 1497 1100 1560 de
1123 1496 1270 1561 manibus
1293 1497 1509 1579 quorumlibet
1530 1505 1755 1582 occupatorum

360 1600 527 1660 retractum
551 1597 620 1661 sine
642 1598 835 1681 praeiudicio
851 1599 931 1663 iuris
953 1600 1047 1664 alieni
1063 1600 1166 1665 eidem
1188 1601 1339 1665 ecclesiae
1361 1602 1455 1685 pleno
1478 1603 1548 1666 iure
1563 1607 1596 1666 et
1617 1602 1757 1666 dominio

360 1698 512 1764 duximus
545 1702 784 1766 restituendam.
830 1702 934 1779 Quare
964 1703 1107 1767 fidelitati
1142 1710 1264 1768 vestrae
1298 1705 1527 1788 praecipientes
1562 1705 1756 1775 mandamus,
1798 1713 1829 1764 10

361 1811 522 1887 quatenus
544 1826 621 1869 mox
635 1808 771 1891 receptis
785 1808 1008 1891 praesentibus
1024 1812 1165 1871 vestrum
1181 1809 1313 1872 mittatis
1329 1809 1488 1873 hominem
1504 1829 1561 1892 pro
1578 1810 1758 1873 testimonio

359 1908 423 1974 fide
438 1910 580 1993 dignum,
597 1930 660 1992 quo
677 1918 845 1995 praesente
860 1911 1023 1992 Nyoolaus
1038 1910 1125 1976 iilius
1140 1911 1315 1976 Salamonis
1331 1912 1370 1976 de
1386 1912 1514 1977 Kelnulr
1529 1913 1580 1976 vel
1596 1913 1759 1977 lohannes

359 2012 572 2098 filiungrini
595 2014 635 2079 de
650 2014 786 2098 Koppan
809 2021 865 2079 aut
884 2015 1047 2096 Nycolaus
1070 2015 1174 2079 dictus
1188 2016 1299 2079 Buriw
1315 2016 1354 2079 de
1369 2016 1462 2099 Gyog
1484 2017 1554 2081 aliis
1576 2016 1760 2081 absentibus

363 2118 457 2181 homo
479 2123 589 2181 noster
618 2118 658 2181 ad
689 2119 801 2182 faciem
824 2119 1003 2202 praedictae
1026 2118 1236 2202 possessionis
1265 2118 1443 2182 accedendo
1468 2120 1581 2185 vicinis
1603 2127 1635 2185 et
1656 2140 1760 2185 come-

365 2221 467 2285 taneis
490 2222 557 2285 suis
578 2220 718 2304 legitime
740 2224 924 2286 convocatis
939 2230 971 2287 et
992 2222 1213 2305 praesentibus
1229 2242 1285 2305 per
1300 2228 1425 2286 veteres
1440 2230 1472 2287 et
1494 2225 1643 2307 antiquas
1658 2232 1758 2289 metas
1797 2232 1828 2281 15

363 2324 464 2407 ipsam
486 2324 714 2389 reambulando
738 2344 839 2388 novas
861 2326 953 2388 iuxta
975 2332 1099 2389 veteres
1122 2325 1178 2388 ubi
1201 2344 1329 2389 necesse
1349 2326 1446 2389 tuerit
1467 2329 1617 2410 erigendo
1641 2334 1760 2392 statuat

361 2427 495 2492 eandem
525 2427 663 2511 capitulo
694 2428 874 2511 praedictae
904 2429 1054 2492 ecclesiae
1076 2429 1319 2493 'lhanssssuanae
1349 2437 1503 2514 perpetuo
1527 2432 1758 2514 possidendam,

362 2532 388 2596 si
417 2551 483 2595 non
513 2531 610 2595 tuerit
639 2531 880 2613 contradictum,
910 2532 1158 2596 contradictores
1189 2551 1265 2596 vero
1296 2533 1323 2596 si
1354 2534 1410 2615 qui
1440 2535 1621 2599 exstiterint
1650 2543 1760 2599 contra

361 2637 467 2719 ipsum
489 2636 664 2719 capitulum
679 2637 755 2699 citet
774 2636 815 2700 ad
829 2637 1041 2719 praesentiam
1056 2636 1197 2700 eiusdem
1212 2636 1348 2701 Thomas
1363 2637 1518 2701 vaivodae
1533 2637 1572 2701 ad
1589 2639 1759 2703 terminum

361 2747 601 2826 competentem.
645 2741 687 2804 Et
716 2746 789 2824 post
817 2741 894 2804 haec
924 2740 1008 2803 diem
1037 2745 1070 2803 et
1099 2741 1204 2802 locum
1227 2741 1394 2822 citationis,
1430 2741 1560 2804 nomina
1592 2742 1758 2806 citatorum
1795 2748 1831 2802 20

362 2850 395 2909 et
416 2846 588 2909 terminum
611 2845 806 2928 assignatum
829 2864 866 2907 ac
889 2845 987 2908 totius
1009 2844 1083 2907 tacti
1106 2844 1218 2908 seriem
1236 2863 1310 2907 cum
1332 2845 1480 2909 cursibus
1495 2850 1653 2910 metarum
1675 2846 1759 2909 dioto

361 2948 498 3012 Thomas
525 2947 680 3011 vaivodae
711 2946 846 3010 fideliter
875 2948 1062 3011 rescribatis.
1100 2946 1217 3011 Datum
1248 2949 1282 3011 in
1305 2948 1509 3031 Wyssegrad,
1539 2950 1573 3012 in
1605 2949 1761 3013 dominica

362 3051 539 3133 Invoeavit,
561 3070 646 3115 auno
669 3050 789 3114 domini
812 3027 844 3113 ll
868 3028 947 3114 0Οό
967 3029 1069 3115 XXX
1091 3056 1192 3114 sexto.

1015 3343 1108 3429 520.

440 3514 548 3583 1336
569 3510 678 3581 Mdra
704 3514 741 3580 2.
775 3509 852 3581 Dos
878 3508 1158 3600 Weisseoburper
1175 3510 1321 3600 Kopitel
1337 3509 1482 3601 besam,
1510 3512 1592 3582 dues
1608 3511 1759 3597 Jobonn,
1796 3528 1831 3581 25

364 3624 537 3703 Mortia’s
577 3629 684 3718 Solus,
725 3631 943 3722 Eiaaproclae
983 3630 1097 3702 erbabt
1133 3653 1241 3741 papea
1279 3631 1514 3704 omscbiedeac
1555 3630 1762 3723 Uedorpm'ffe

362 3751 545 3843 Hsaaiaps
570 3775 634 3824 ooo
660 3750 882 3839 Jolcobsdorf.

523 3916 599 3985 Θήρ.
623 3916 704 3985 Perp.
736 3915 839 3984 Unpor.
858 3914 1116 3968 Nottooalmuaeton
1142 3916 1294 3983 Budapeat.
1330 3914 1426 3984 Stoyci,
1450 3916 1538 3981 nand,
1566 3916 1762 3970 Darcbmeaaer

468 4008 512 4058 &2
526 4003 693 4070 centimeter,
710 4002 817 4056 usioses
832 4001 941 4069 Wocba,
953 4002 1009 4068 auf
1016 4001 1065 4055 der
1077 4001 1220 4056 Rhotaeite
1233 4002 1420 4071 auspedrdctt.
1444 4001 1715 4069 Uosaoluiftkopa'tol,
1735 4002 1764 4055 Ε

468 4090 577 4145 umal:
601 4089 631 4156 [†
643 4088 671 4158 S]
690 4087 853 4142 CAPITVLI
871 4087 1057 4156 [ECCLJESIE
1074 4088 1371 4157 TRANSSILVMNEJ.
1399 4089 1437 4142 In
1453 4089 1513 4141 dem
1532 4088 1677 4157 Siaqalfald
1693 4090 1761 4142 mebi
1796 4092 1832 4144 30

469 4176 605 4246 Bruma
617 4174 738 4229 Mioboel
750 4175 807 4241 auf
813 4175 899 4228 mnam
911 4175 1050 4241 Drocbeo,
1068 4175 1101 4228 in
1112 4175 1165 4228 den
1178 4175 1290 4229 Booten
1302 4175 1439 4229 manethon
1451 4175 1510 4228 eina
1523 4173 1617 4228 Lanae
1630 4175 1761 4228 stosaead.

349 4322 354 4336 ,
469 4263 529 4318 Der
541 4262 624 4330 Kops
637 4262 684 4315 dos
697 4260 828 4314 Drocban
846 4261 961 4327 befindet
978 4260 1035 4315 sict
1047 4261 1141 4315 reobts.
1161 4261 1336 4331 Abpebitdat:
1355 4261 1478 4330 Mapyor
1490 4260 1641 4315 tontuetmi
1659 4261 1705 4313 tdr
1718 4261 1761 4327 ΙΙ,

468 4349 590 4419 Anhang
608 4347 661 4402 Nr.
673 4352 716 4403 29.

521 4470 632 4524 Druck:
652 4467 737 4539 Nopy
757 4468 822 4524 Ood.
840 4468 1048 4537 Aadepoocnaa'a
1066 4468 1129 4536 III,
1146 4472 1207 4524 259.

520 4628 588 4693 Nos
618 4627 792 4712 capitulum
822 4626 973 4692 ecclesiae
995 4626 1236 4690 Transsiluanae
1266 4627 1379 4691 damus
1401 4645 1458 4710 pro
1481 4627 1640 4705 memoria,
1672 4627 1760 4709 quod
1795 4636 1829 4688 35

364 4734 528 4798 lohannes
560 4732 645 4795 iilius
667 4730 795 4794 Martini
825 4732 969 4796 serviens
998 4737 1030 4795 et
1058 4730 1221 4794 familiaris
1242 4730 1398 4794 lobannis
1423 4730 1469 4793 tili
1490 4730 1602 4794 Jacobi
1624 4730 1670 4793 fili
1693 4732 1763 4814 Apu

366 4856 423 4920 pro
453 4835 566 4900 eodem
586 4834 734 4898 «iohanne
764 4832 892 4896 domino
923 4854 981 4897 suo
1013 4841 1046 4899 et
1074 4854 1132 4917 pro
1155 4836 1227 4916 Apa
1256 4833 1321 4897 filio
1350 4834 1462 4898 iacobi
1492 4835 1589 4897 tratre
1620 4835 1762 4899 eiusdem

366 4939 488 5004 domini
503 4937 555 5002 sui
570 4956 675 5001 coram
699 4937 791 5001 nobis
807 4938 1001 5001 constitutus
1023 4937 1104 5001 dixit
1126 4943 1158 5001 et
1180 4938 1354 5020 proposuit,
1378 4938 1464 5020 quod
1487 4958 1559 5001 cum
1582 4938 1764 5021 praedictus

365 5043 529 5107 lohannes
551 5042 700 5105 dominus
716 5061 795 5105 suus
811 5047 843 5104 et
853 5043 926 5124 Apa
947 5040 1045 5103 frater
1066 5039 1208 5104 eiusdem
1231 5059 1304 5102 cum
1319 5040 1490 5123 Henningo
1507 5040 1546 5104 de
1563 5041 1638 5104 villa
1651 5040 1763 5104 Jacobi

366 5145 551 5209 fuissentin
570 5164 666 5208 causa
680 5150 713 5209 et
734 5145 843 5209 eadem
860 5164 956 5207 causa
970 5143 1010 5207 de
1025 5143 1189 5207 voluntate
1203 5144 1341 5226 partium
1357 5163 1463 5207 eoram
1479 5144 1597 5207 vicario
1613 5150 1645 5207 et
1659 5143 1763 5208 iudice
1798 5153 1833 5206 40

367 5248 487 5313 domini
508 5248 610 5312 nostri
633 5248 771 5331 episcopi
802 5246 915 5311 fuisset
944 5246 985 5310 ad
1014 5252 1142 5311 octavas
1165 5247 1292 5330 Georgii
1323 5248 1471 5329 martyris
1501 5267 1588 5310 nuno
1618 5248 1763 5331 proxime

367 5356 520 5417 venturas
527 5350 549 5429 ¹)
571 5356 749 5434 prorogata,
771 5351 855 5414 idem
873 5349 1065 5434 Henningus
1087 5371 1161 5414 oum
1184 5350 1390 5433 complicibus
1405 5351 1472 5415 suis
1493 5351 1577 5415 inira
1591 5351 1763 5416 terminum

523 5487 543 5556 ¹)
561 5483 626 5540 Mol
642 5489 668 5539 1.
