4064 6288
976 625 1018 688 83

966 812 1029 895 et.

373 971 549 1044 1260110
566 974 684 1045 1270.
711 971 755 1043 L.
779 972 966 1046 Gaardian
991 975 1055 1046 der
1071 973 1265 1046 Menariae
1291 976 1366 1047 000
1381 974 1424 1045 L.
1445 973 1615 1068 Sabprior
1632 977 1696 1048 der

295 1092 656 1185 Prodeambulare
681 1091 794 1179 Wiea,
822 1093 1008 1187 beatdta'pcn
1033 1095 1090 1167 dic
1115 1093 1279 1166 Urbtmde
1306 1095 1365 1167 dae
1382 1096 1516 1187 Kbaipa
1532 1095 1696 1169 Andreas

296 1213 351 1283 II.
378 1235 443 1285 000
468 1216 573 1285 1222
599 1212 666 1285 Nr.
697 1217 744 1286 31
761 1215 833 1302 fio
858 1215 924 1287 dea
950 1216 1131 1288 0001001100
1163 1213 1288 1288 Ordea.

242 1376 260 1429 b
452 1376 1013 1449 Ortp.Perp.StaolearcbiaKbaipsberp.
1030 1380 1079 1433 Aa
1090 1379 1369 1449 Perpameatatreifen
1379 1380 1446 1434 awai
1455 1379 1551 1450 Siepal,
1566 1381 1695 1436 »00110011

398 1461 520 1516 emeca
537 1462 597 1516 aad
613 1462 813 1517 aabmdllebs

450 1581 562 1651 Rapaci:
580 1582 701 1638 Streldh
717 1584 838 1638 Tabulae
854 1588 912 1639 169.
931 1584 1061 1653 darmite,
1078 1585 1190 1640 001010
1207 1584 1475 1656 0000010900ὼο
1491 1587 1548 1655 bot,
1566 1593 1632 1642 aetat
1649 1588 1695 1643 die

402 1668 533 1724 Urbuade
548 1670 581 1724 10
598 1670 643 1724 die
660 1669 747 1725 Jebre
766 1674 835 1726 1260
852 1670 895 1724 bia
914 1675 990 1728 1270.

449 1843 571 1909 Illustri
593 1845 721 1908 domino
740 1845 836 1910 Belae
858 1846 925 1929 regi
947 1846 1107 1929 Vngariae
1125 1844 1159 1910 L
1182 1845 1353 1929 gordianus
1375 1846 1510 1910 fratrum
1531 1846 1693 1912 Minorum

226 1952 261 2006 10
295 1952 327 2010 et
348 1944 381 2010 L
405 1946 553 2031 subprior
575 1947 709 2012 fratrum
724 1948 984 2013 Praedicatorum
1005 1949 1039 2011 in
1057 1948 1197 2013 Wienna
1219 1950 1379 2014 orationes
1400 1955 1433 2013 01
1454 1951 1539 2014 vitae
1561 1951 1694 2034 gloriam

294 2050 512 2134 sempiternae.
535 2050 671 2116 Noverit
692 2052 916 2116 dominationis
942 2057 1067 2116 vestrae
1091 2051 1268 2116 sublimitas
1290 2072 1350 2117 noa
1371 2053 1537 2138 privilegia
1558 2054 1693 2119 tranum

293 2153 457 2238 hospitalis
479 2160 608 2219 sanctae
629 2154 747 2219 Mariae
761 2155 1030 2219 Theotunioorum
1051 2155 1321 2220 iherosolimitani
1343 2157 1530 2241 inspexisse,
1554 2176 1692 2239 quorum

293 2263 386 2321 tenor
407 2262 440 2322 01
461 2259 657 2323 continentia
686 2264 736 2322 est
756 2277 814 2342 per
836 2257 944 2320 omnia
964 2258 997 2320 in
1020 2257 1097 2321 haec
1125 2257 1231 2322 verba
1268 2257 1372 2342 (Folpt
1393 2259 1442 2322 die
1472 2257 1619 2324 Urlaoede
1641 2260 1693 2324 dea

292 2357 412 2443 Konips
425 2359 569 2424 Andreae
591 2359 639 2426 11.
662 2382 720 2425 000
741 2361 831 2424 1222
844 2359 902 2424 Nr.
922 2360 987 2442 31.)
1015 2360 1065 2424 Ne
1087 2367 1194 2424 autem
1217 2361 1425 2427 excellentiae
1447 2370 1572 2428 vestrae
1595 2383 1692 2448 super

225 2469 257 2523 15
291 2463 352 2527 hoc
380 2463 502 2546 aliquid
535 2464 674 2548 ambigui
706 2470 889 2549 generetur,
922 2463 1032 2528 literae
1065 2465 1224 2548 praesenti
1258 2465 1361 2548 sigilla
1396 2472 1507 2530 nostra
1539 2467 1692 2532 duximus

293 2566 489 2650 apponenda

958 2756 1023 2839 92.

367 2916 675 2989 126011013οθ.
706 2918 781 2990 Dae
802 2917 1082 3011 Weisseabaoyer
1100 2919 1245 3011 Kopitel
1266 2919 1412 3012 1000001,
1440 2921 1522 2994 daea
1540 2920 1692 2995 8000110

289 3038 364 3109 aoid
388 3037 483 3109 Paul
507 3037 564 3110 die
592 3045 688 3111 1000
713 3039 893 3112 Maurucb
916 3040 1079 3129 aalwasl
1104 3039 1223 3112 baben.

222 3199 256 3257 20
451 3199 675 3272 Uacollatbnda‘qe
692 3202 837 3271 Abadvrift
860 3220 912 3259 aaa
930 3204 990 3258 dan
1007 3203 1081 3258 Jabr
1099 3206 1168 3258 1638
1191 3203 1224 3256 in
1240 3203 1301 3258 dem
1323 3203 1547 3275 Weaanburyer
1564 3204 1690 3274 Kapitol-

388 3289 528 3359 protolroll
546 3294 588 3344 11.
606 3290 731 3345 Jocama
748 3290 867 3358 Balacri,
890 3290 994 3360 linear.
1006 3289 1215 3344 Laadeaarebia
1230 3289 1382 3359 Badopast.
1400 3291 1461 3345 Der
1478 3290 1621 3346 Scbrciber
1637 3307 1691 3345 oon

393 3378 463 3429 1688
478 3374 527 3428 bat
545 3375 589 3428 ala
606 3375 698 3446 Qaelle
719 3376 765 3431 ein
782 3377 1012 3447 Perpamcatbest
1036 3377 1094 3430 viar
1111 3376 1228 3443 Blatter,
1252 3376 1299 3431 dea
1322 3376 1546 3445 Weisseabaryer
1564 3376 1690 3446 Kapitol-

392 3463 514 3517 orcbieee
526 3464 642 3518 1000111.
660 3495 695 3504 -
713 3464 769 3519 Die
785 3463 915 3520 Urbande
932 3464 969 3516 iat
980 3462 1204 3516 wabracbeialicb
1220 3478 1270 3516 vor
1281 3462 1341 3516 000
1352 3462 1440 3517 Jabre
1452 3467 1521 3517 1300
1534 3464 1689 3533 caeparum

390 3549 510 3615 worden,
527 3550 588 3603 weil
605 3550 676 3603 narb
693 3550 739 3604 die
756 3549 878 3603 cadmo
899 3549 932 3601 10
948 3549 1009 3602 dem
1025 3553 1182 3617 personatos
1199 3547 1448 3616 Kapitelprotolcoll
1465 3549 1617 3617 atcbeaden,
1637 3565 1691 3602 aaa

220 3633 254 3688 25
392 3634 468 3689 einer
486 3633 578 3704 Qualia
594 3635 800 3688 wabrardo„
822 3633 1041 3689 Urkaadcateate
1057 3634 1090 3686 ia
1107 3633 1181 3687 dicae
1200 3633 1262 3687 aar
1278 3633 1403 3703 perores.

444 3859 572 3872 .....
596 3809 682 3891 quod
705 3807 846 3873 Sumbur
866 3816 899 3873 et
920 3807 1022 3872 Paulo
1044 3806 1117 3871 filiis
1139 3807 1227 3872 Petri
1255 3808 1295 3872 de
1317 3826 1434 3891 genere
1456 3807 1597 3872 Sumbur
1618 3827 1690 3892 per-

287 3911 439 3976 sonaliter
460 3932 566 3976 coram
581 3912 674 3976 nobis
697 3912 898 3993 constitutus,
920 3912 1004 3974 idem
1020 3910 1142 3974 Paulus
1164 3917 1228 3975 tam
1245 3930 1303 3996 pro
1325 3917 1416 3996 parte
1438 3931 1497 3975 sua
1513 3930 1608 3993 quam
1630 3931 1689 3996 pro

287 4021 376 4099 parte
398 4016 576 4081 Alexandri
606 4015 713 4078 1101110
742 4014 792 4078 sui
822 4014 998 4078 venditioni
1026 4014 1204 4078 medietatis
1234 4020 1337 4078 terrae
1366 4014 1511 4098 ipsorum
1532 4013 1689 4078 Mauruch

287 4125 418 4184 vocatae
440 4121 474 4183 in
490 4119 634 4184 districtu
658 4117 697 4182 de
712 4116 847 4182 Doboka
868 4119 1036 4183 existentis
1057 4118 1242 4202 peripsum
1264 4115 1405 4181 Sumbur
1426 4118 1527 4182 tactae
1548 4119 1688 4202 primum

220 4226 255 4280 10
287 4241 344 4305 pro
368 4222 535 4286 duodecim
557 4220 673 4285 marcis
694 4220 814 4285 Jacobo
837 4227 870 4285 01
890 4221 1009 4286 Joauni
1030 4221 1104 4285 filiis
1126 4220 1248 4284 Marani
1276 4240 1313 4283 ac
1335 4220 1468 4284 Alberto
1490 4220 1556 4283 filio
1579 4220 1687 4303 Myko,

287 4344 412 4389 necnon
434 4327 577 4410 ipsorum
607 4325 854 4407 successoribus,
882 4326 958 4390 item
985 4326 1123 4389 decursu
1155 4324 1308 4407 temporis
1337 4323 1482 4387 similiter
1511 4323 1688 4386 venditioni

286 4428 417 4493 alterius
427 4448 485 4494 seu
500 4429 646 4493 residuae
660 4427 838 4493 medietatis
852 4435 1031 4513 praetactae
1043 4434 1146 4492 lemae
1157 4425 1315 4490 Mouruch
1329 4444 1387 4510 per
1397 4425 1535 4489 eundem
1547 4424 1689 4490 Sumbur

285 4532 386 4597 factae
407 4552 465 4617 pro
490 4531 672 4615 quindecim
694 4531 809 4595 marcis
822 4531 943 4596 Jacobo
967 4537 999 4597 et
1014 4531 1132 4596 Joanni
1155 4536 1228 4595 ante
1249 4530 1341 4594 dictis
1363 4548 1539 4611 eorumque
1561 4548 1688 4593 succes-

286 4635 412 4699 soribus
434 4654 471 4699 ac
485 4635 699 4719 particulatim
712 4635 747 4697 in
769 4635 929 4719 prioribus
951 4633 1201 4719 privilegialibus
1224 4633 1324 4697 literis
1339 4633 1457 4697 nostris
1472 4631 1590 4696 exinde
1611 4651 1688 4696 con-

219 4742 252 4797 30
286 4737 377 4802 100110
391 4737 558 4802 manifeste
573 4737 742 4821 colligitur,
765 4744 797 4802 01
819 4738 864 4803 sic
886 4737 1063 4801 venditioni
1085 4737 1192 4802 totalis
1206 4741 1399 4801 memoratae
1414 4741 1517 4800 terrae
1531 4734 1688 4799 Mauruoh

286 4840 388 4905 iactae
410 4846 443 4905 01
464 4840 598 4922 habitae,
624 4841 659 4904 in
680 4841 832 4905 universo
854 4860 913 4925 pro
936 4841 1049 4924 viginti
1077 4846 1110 4905 et
1132 4846 1253 4925 septem
1275 4839 1389 4903 marcis
1410 4858 1468 4923 per
1489 4838 1687 4922 praedictum

285 4941 426 5008 Sumbur
443 4944 537 5028 plene
552 4944 689 5028 acceptis
703 4962 897 5008 eonsensum
919 4950 952 5009 et
965 4964 1132 5009 assensum
1154 4942 1309 5007 exhibuit
1330 4941 1412 5006 Item
1434 4941 1530 5006 iidem
1546 4940 1687 5005 Sumbur

285 5052 317 5111 et
338 5046 460 5111 Paulus
482 5065 576 5131 saepe
599 5048 675 5111 dicti
690 5053 933 5132 assumpserunt
954 5067 988 5113 se
1011 5047 1218 5132 expedituros
1239 5045 1376 5130 propriis
1390 5044 1553 5109 laboribus
1575 5049 1608 5108 et
1629 5063 1687 5107 ex-

283 5150 391 5233 pensis
412 5149 568 5214 Jacobum
599 5157 632 5215 et
652 5150 811 5215 loannem
833 5151 1011 5235 praedictos
1040 5151 1079 5215 ab
1103 5150 1199 5233 omni,
1230 5168 1327 5232 quam
1349 5153 1461 5211 contra
1486 5167 1541 5212 eos
1563 5147 1687 5211 ratione

215 5258 252 5315 40
285 5252 384 5336 ipsius
413 5258 518 5317 terrae
539 5253 705 5318 Mowruch
735 5273 888 5338 processu
918 5256 1070 5338 temporis
1095 5272 1153 5339 per
1183 5252 1366 5336 quempiam
1396 5251 1473 5315 oriri
1502 5252 1686 5333 contingere

285 5357 432 5420 actiones
462 5356 503 5421 ln
532 5357 625 5421 cuius
648 5406 776 5422 .....
807 5362 841 5423 01
862 5358 1041 5442 specialiter
1062 5357 1101 5421 ab
1127 5356 1359 5438 inquietatione
1379 5354 1558 5418 Alexandri
1580 5354 1686 5418 trabis

285 5459 426 5542 ipsorum
447 5461 627 5544 praenotati
649 5510 779 5525 .....

1550 5578 1582 5635 6*
