<?xml version="1.0" encoding="UTF-8"?>
<!DOCTYPE html PUBLIC "-//W3C//DTD XHTML 1.0 Transitional//EN"
    "http://www.w3.org/TR/xhtml1/DTD/xhtml1-transitional.dtd">
<html xmlns="http://www.w3.org/1999/xhtml" xml:lang="en" lang="en">
 <head>
  <title>
</title>
<meta http-equiv="Content-Type" content="text/html;charset=utf-8" />
  <meta name='ocr-system' content='tesseract 3.04.00' />
  <meta name='ocr-capabilities' content='ocr_page ocr_carea ocr_par ocr_line ocrx_word'/>
</head>
<body>
  <div class='ocr_page' id='page_1' title='image "./urkundenbuchzur00mlgoog_0394.png"; bbox 0 0 4106 6294; ppageno 0'>
   <div class='ocr_carea' id='block_1_1' title="bbox 923 568 1077 665">
    <p class='ocr_par' dir='ltr' id='par_1_1' title="bbox 923 568 1077 665">
     <span class='ocr_line' id='line_1_1' title="bbox 923 568 1077 665; baseline 0 -33"><span class='ocrx_word' id='word_1_1' title='bbox 923 568 1077 665; x_wconf 39' lang='lat' dir='ltr'>*em-</span> 
     </span>
    </p>
   </div>
   <div class='ocr_carea' id='block_1_2' title="bbox 951 774 1044 858">
    <p class='ocr_par' dir='ltr' id='par_1_2' title="bbox 951 774 1044 858">
     <span class='ocr_line' id='line_1_2' title="bbox 951 774 1044 858; baseline 0.022 -2"><span class='ocrx_word' id='word_1_2' title='bbox 951 774 1044 858; x_wconf 73' lang='lat'><strong>365.</strong></span> 
     </span>
    </p>
   </div>
   <div class='ocr_carea' id='block_1_3' title="bbox 298 936 1700 1150">
    <p class='ocr_par' dir='ltr' id='par_1_3' title="bbox 298 936 1700 1150">
     <span class='ocr_line' id='line_1_3' title="bbox 374 936 1700 1029; baseline 0.005 -24"><span class='ocrx_word' id='word_1_3' title='bbox 374 937 473 1006; x_wconf 84' lang='lat'><strong><em>1319</em></strong></span> <span class='ocrx_word' id='word_1_4' title='bbox 498 936 581 1007; x_wconf 80' lang='lat' dir='ltr'>Mai</span> <span class='ocrx_word' id='word_1_5' title='bbox 608 939 666 1008; x_wconf 87' lang='lat'>13.</span> <span class='ocrx_word' id='word_1_6' title='bbox 699 938 817 1029; x_wconf 75' lang='lat' dir='ltr'>Ko&#39;oip</span> <span class='ocrx_word' id='word_1_7' title='bbox 842 939 938 1011; x_wconf 84' lang='lat' dir='ltr'>Kcrl</span> <span class='ocrx_word' id='word_1_8' title='bbox 962 945 1047 1011; x_wconf 70' lang='lat' dir='ltr'>aetat</span> <span class='ocrx_word' id='word_1_9' title='bbox 1071 938 1247 1028; x_wconf 73' lang='lat' dir='ltr'>Mopister</span> <span class='ocrx_word' id='word_1_10' title='bbox 1274 937 1392 1010; x_wconf 79' lang='lat' dir='ltr'>Simon</span> <span class='ocrx_word' id='word_1_11' title='bbox 1418 939 1545 1011; x_wconf 65' lang='lat' dir='ltr'>meda</span> <span class='ocrx_word' id='word_1_12' title='bbox 1570 939 1608 1011; x_wconf 79' lang='lat' dir='ltr'>ia</span> <span class='ocrx_word' id='word_1_13' title='bbox 1634 939 1700 1011; x_wconf 82' lang='lat' dir='ltr'>den</span> 
     </span>
     <span class='ocr_line' id='line_1_4' title="bbox 298 1057 1630 1150; baseline 0.002 -21"><span class='ocrx_word' id='word_1_14' title='bbox 298 1057 417 1130; x_wconf 74' lang='lat' dir='ltr'>Recita</span> <span class='ocrx_word' id='word_1_15' title='bbox 441 1081 506 1130; x_wconf 82' lang='lat' dir='ltr'>voa</span> <span class='ocrx_word' id='word_1_16' title='bbox 536 1057 795 1150; x_wconf 65' lang='lat' dir='ltr'>Grosascbmea,</span> <span class='ocrx_word' id='word_1_17' title='bbox 822 1058 1015 1131; x_wconf 72' lang='lat' dir='ltr'>Passaact</span> <span class='ocrx_word' id='word_1_18' title='bbox 1039 1060 1114 1131; x_wconf 80' lang='lat' dir='ltr'>aad</span> <span class='ocrx_word' id='word_1_19' title='bbox 1138 1058 1287 1131; x_wconf 81' lang='lat' dir='ltr'>onderer</span> <span class='ocrx_word' id='word_1_20' title='bbox 1317 1058 1538 1148; x_wconf 60' lang='lat' dir='ltr'>&amp;antestet</span> <span class='ocrx_word' id='word_1_21' title='bbox 1564 1060 1630 1131; x_wconf 77' lang='lat' dir='ltr'>eia.</span> 
     </span>
    </p>
   </div>
   <div class='ocr_carea' id='block_1_4' title="bbox 247 1203 1699 1360">
    <p class='ocr_par' dir='ltr' id='par_1_4' title="bbox 247 1203 1699 1360">
     <span class='ocr_line' id='line_1_5' title="bbox 454 1203 1699 1275; baseline 0.001 -17"><span class='ocrx_word' id='word_1_22' title='bbox 454 1203 658 1274; x_wconf 73' lang='lat' dir='ltr'>Eiayeocbaltet</span> <span class='ocrx_word' id='word_1_23' title='bbox 683 1220 737 1259; x_wconf 78' lang='lat' dir='ltr'>voa</span> <span class='ocrx_word' id='word_1_24' title='bbox 759 1205 820 1260; x_wconf 78' lang='lat' dir='ltr'>dem</span> <span class='ocrx_word' id='word_1_25' title='bbox 848 1204 1073 1275; x_wconf 70' lang='lat' dir='ltr'>Weicaeaburqer</span> <span class='ocrx_word' id='word_1_26' title='bbox 1095 1204 1211 1274; x_wconf 75' lang='lat' dir='ltr'>Kopitel</span> <span class='ocrx_word' id='word_1_27' title='bbox 1234 1208 1310 1272; x_wconf 77' lang='lat'><strong><em>1320,</em></strong></span> <span class='ocrx_word' id='word_1_28' title='bbox 1340 1204 1416 1275; x_wconf 68' lang='lat' dir='ltr'>Oria.</span> <span class='ocrx_word' id='word_1_29' title='bbox 1446 1204 1550 1275; x_wconf 66' lang='lat' dir='ltr'>naqa.</span> <span class='ocrx_word' id='word_1_30' title='bbox 1575 1205 1699 1259; x_wconf 81' lang='lat' dir='ltr'>Laudes·</span> 
     </span>
     <span class='ocr_line' id='line_1_6' title="bbox 247 1290 667 1360; baseline 0.002 -15"><span class='ocrx_word' id='word_1_31' title='bbox 247 1294 264 1345; x_wconf 83' lang='lat'>5</span> <span class='ocrx_word' id='word_1_32' title='bbox 403 1290 498 1345; x_wconf 78' lang='lat' dir='ltr'>arctio</span> <span class='ocrx_word' id='word_1_33' title='bbox 515 1290 667 1360; x_wconf 82' lang='lat' dir='ltr'>Budcpest.</span> 
     </span>
    </p>
   </div>
   <div class='ocr_carea' id='block_1_5' title="bbox 456 1411 938 1482">
    <p class='ocr_par' dir='ltr' id='par_1_5' title="bbox 456 1411 938 1482">
     <span class='ocr_line' id='line_1_7' title="bbox 456 1411 938 1482; baseline 0.006 -16"><span class='ocrx_word' id='word_1_34' title='bbox 456 1411 569 1482; x_wconf 64' lang='lat' dir='ltr'>apa.-</span> <span class='ocrx_word' id='word_1_35' title='bbox 587 1412 674 1480; x_wconf 72' lang='lat' dir='ltr'>reja</span> <span class='ocrx_word' id='word_1_36' title='bbox 694 1412 785 1469; x_wconf 68' lang='lat' dir='ltr'>cota</span> <span class='ocrx_word' id='word_1_37' title='bbox 802 1414 860 1481; x_wconf 89' lang='lat' dir='ltr'>xr,</span> <span class='ocrx_word' id='word_1_38' title='bbox 877 1417 938 1469; x_wconf 76' lang='lat' dir='ltr'>reo.</span> 
     </span>
    </p>
   </div>
   <div class='ocr_carea' id='block_1_6' title="bbox 234 1586 1711 5599">
    <p class='ocr_par' dir='ltr' id='par_1_6' title="bbox 455 1586 1701 1673">
     <span class='ocr_line' id='line_1_8' title="bbox 455 1586 1701 1673; baseline 0.002 -23"><span class='ocrx_word' id='word_1_39' title='bbox 455 1586 594 1653; x_wconf 91' lang='lat' dir='ltr'>Karolus</span> <span class='ocrx_word' id='word_1_40' title='bbox 617 1589 668 1653; x_wconf 95' lang='lat' dir='ltr'>dei</span> <span class='ocrx_word' id='word_1_41' title='bbox 689 1590 791 1672; x_wconf 83' lang='lat' dir='ltr'>gratia</span> <span class='ocrx_word' id='word_1_42' title='bbox 805 1589 999 1673; x_wconf 85' lang='lat' dir='ltr'>Hungariae,</span> <span class='ocrx_word' id='word_1_43' title='bbox 1022 1588 1212 1670; x_wconf 76' lang='lat' dir='ltr'>Dalmaoiae,</span> <span class='ocrx_word' id='word_1_44' title='bbox 1235 1588 1393 1671; x_wconf 82' lang='lat' dir='ltr'>Oroaciae,</span> <span class='ocrx_word' id='word_1_45' title='bbox 1411 1588 1539 1673; x_wconf 79' lang='lat' dir='ltr'>Rumae,</span> <span class='ocrx_word' id='word_1_46' title='bbox 1561 1587 1701 1671; x_wconf 83' lang='lat' dir='ltr'>Semiae,</span> 
     </span>
    </p>

    <p class='ocr_par' dir='ltr' id='par_1_7' title="bbox 299 1690 1702 1880">
     <span class='ocr_line' id='line_1_9' title="bbox 301 1690 1702 1775; baseline 0.003 -21"><span class='ocrx_word' id='word_1_47' title='bbox 301 1691 458 1769; x_wconf 73' lang='lat' dir='ltr'>Galliciae,</span> <span class='ocrx_word' id='word_1_48' title='bbox 480 1690 695 1775; x_wconf 81' lang='lat' dir='ltr'>Lodomeriae,</span> <span class='ocrx_word' id='word_1_49' title='bbox 720 1692 889 1757; x_wconf 66' lang='lat' dir='ltr'>(lomaniae</span> <span class='ocrx_word' id='word_1_50' title='bbox 911 1693 1146 1775; x_wconf 85' lang='lat' dir='ltr'>Bnlgariaeque</span> <span class='ocrx_word' id='word_1_51' title='bbox 1172 1712 1231 1757; x_wconf 91' lang='lat' dir='ltr'>rex</span> <span class='ocrx_word' id='word_1_52' title='bbox 1254 1693 1403 1757; x_wconf 89' lang='lat' dir='ltr'>omnibus</span> <span class='ocrx_word' id='word_1_53' title='bbox 1418 1692 1534 1757; x_wconf 80' lang='lat' dir='ltr'>Christi</span> <span class='ocrx_word' id='word_1_54' title='bbox 1554 1692 1702 1758; x_wconf 89' lang='lat' dir='ltr'>fidelibus</span> 
     </span>
     <span class='ocr_line' id='line_1_10' title="bbox 299 1796 1701 1880; baseline 0.001 -21"><span class='ocrx_word' id='word_1_55' title='bbox 299 1801 500 1879; x_wconf 77' lang='lat' dir='ltr'>praesentem</span> <span class='ocrx_word' id='word_1_56' title='bbox 522 1797 669 1880; x_wconf 76' lang='lat' dir='ltr'>paginam</span> <span class='ocrx_word' id='word_1_57' title='bbox 692 1797 885 1879; x_wconf 91' lang='lat' dir='ltr'>inspecturis</span> <span class='ocrx_word' id='word_1_58' title='bbox 907 1796 1043 1861; x_wconf 87' lang='lat' dir='ltr'>salutem</span> <span class='ocrx_word' id='word_1_59' title='bbox 1066 1797 1100 1860; x_wconf 92' lang='lat' dir='ltr'>in</span> <span class='ocrx_word' id='word_1_60' title='bbox 1123 1798 1266 1861; x_wconf 89' lang='lat' dir='ltr'>omnium</span> <span class='ocrx_word' id='word_1_61' title='bbox 1289 1796 1454 1861; x_wconf 82' lang='lat' dir='ltr'>salvatore.</span> <span class='ocrx_word' id='word_1_62' title='bbox 1480 1797 1523 1862; x_wconf 83' lang='lat' dir='ltr'>Et</span> <span class='ocrx_word' id='word_1_63' title='bbox 1544 1797 1701 1861; x_wconf 87' lang='lat' dir='ltr'>virtutum</span> 
     </span>
    </p>

    <p class='ocr_par' dir='ltr' id='par_1_8' title="bbox 234 1899 1703 2399">
     <span class='ocr_line' id='line_1_11' title="bbox 234 1899 1702 1985; baseline 0.003 -26"><span class='ocrx_word' id='word_1_64' title='bbox 234 1904 267 1958; x_wconf 93' lang='lat'>10</span> <span class='ocrx_word' id='word_1_65' title='bbox 301 1901 441 1982; x_wconf 89' lang='lat' dir='ltr'>praemia</span> <span class='ocrx_word' id='word_1_66' title='bbox 470 1906 548 1963; x_wconf 89' lang='lat' dir='ltr'>sunt</span> <span class='ocrx_word' id='word_1_67' title='bbox 577 1899 781 1964; x_wconf 87' lang='lat' dir='ltr'>benemeritis</span> <span class='ocrx_word' id='word_1_68' title='bbox 811 1900 981 1964; x_wconf 88' lang='lat' dir='ltr'>tribuendo</span> <span class='ocrx_word' id='word_1_69' title='bbox 1002 1906 1035 1964; x_wconf 93' lang='lat' dir='ltr'>et</span> <span class='ocrx_word' id='word_1_70' title='bbox 1056 1900 1133 1963; x_wconf 90' lang='lat' dir='ltr'>boni</span> <span class='ocrx_word' id='word_1_71' title='bbox 1155 1899 1195 1963; x_wconf 86' lang='lat' dir='ltr'>ad</span> <span class='ocrx_word' id='word_1_72' title='bbox 1217 1901 1406 1963; x_wconf 84' lang='lat' dir='ltr'>exercitium</span> <span class='ocrx_word' id='word_1_73' title='bbox 1431 1901 1598 1985; x_wconf 73' lang='lat' dir='ltr'><strong>probitatis</strong></span> <span class='ocrx_word' id='word_1_74' title='bbox 1618 1901 1702 1964; x_wconf 87' lang='lat' dir='ltr'>invi-</span> 
     </span>
     <span class='ocr_line' id='line_1_12' title="bbox 302 2002 1702 2089; baseline 0.001 -23"><span class='ocrx_word' id='word_1_75' title='bbox 302 2003 389 2066; x_wconf 87' lang='lat' dir='ltr'>tandi</span> <span class='ocrx_word' id='word_1_76' title='bbox 405 2008 490 2086; x_wconf 75' lang='lat' dir='ltr'>sunt,</span> <span class='ocrx_word' id='word_1_77' title='bbox 506 2004 599 2086; x_wconf 87' lang='lat' dir='ltr'>quasi</span> <span class='ocrx_word' id='word_1_78' title='bbox 614 2002 805 2086; x_wconf 88' lang='lat' dir='ltr'>quibusdam</span> <span class='ocrx_word' id='word_1_79' title='bbox 820 2004 1009 2068; x_wconf 90' lang='lat' dir='ltr'>muneribus</span> <span class='ocrx_word' id='word_1_80' title='bbox 1023 2003 1177 2067; x_wconf 85' lang='lat' dir='ltr'>illecturis</span> <span class='ocrx_word' id='word_1_81' title='bbox 1192 2004 1468 2069; x_wconf 83' lang='lat' dir='ltr'>exhortationibus</span> <span class='ocrx_word' id='word_1_82' title='bbox 1478 2006 1702 2089; x_wconf 86' lang='lat' dir='ltr'>praemiorum,</span> 
     </span>
     <span class='ocr_line' id='line_1_13' title="bbox 301 2107 1703 2192; baseline 0.001 -22"><span class='ocrx_word' id='word_1_83' title='bbox 301 2127 376 2172; x_wconf 93' lang='lat' dir='ltr'>cum</span> <span class='ocrx_word' id='word_1_84' title='bbox 397 2127 449 2172; x_wconf 88' lang='lat' dir='ltr'>res</span> <span class='ocrx_word' id='word_1_85' title='bbox 472 2108 575 2171; x_wconf 90' lang='lat' dir='ltr'>omnis</span> <span class='ocrx_word' id='word_1_86' title='bbox 596 2126 654 2191; x_wconf 94' lang='lat' dir='ltr'>per</span> <span class='ocrx_word' id='word_1_87' title='bbox 676 2107 865 2171; x_wconf 82' lang='lat' dir='ltr'>exercitium</span> <span class='ocrx_word' id='word_1_88' title='bbox 886 2109 1018 2192; x_wconf 87' lang='lat' dir='ltr'>recipiat</span> <span class='ocrx_word' id='word_1_89' title='bbox 1039 2108 1272 2171; x_wconf 87' lang='lat' dir='ltr'>incrementum</span> <span class='ocrx_word' id='word_1_90' title='bbox 1295 2113 1328 2172; x_wconf 89' lang='lat' dir='ltr'>et</span> <span class='ocrx_word' id='word_1_91' title='bbox 1349 2110 1523 2173; x_wconf 86' lang='lat' dir='ltr'>exercitata</span> <span class='ocrx_word' id='word_1_92' title='bbox 1544 2109 1647 2172; x_wconf 88' lang='lat' dir='ltr'>virtus</span> <span class='ocrx_word' id='word_1_93' title='bbox 1662 2109 1703 2172; x_wconf 92' lang='lat' dir='ltr'>ad</span> 
     </span>
     <span class='ocr_line' id='line_1_14' title="bbox 301 2209 1703 2296; baseline 0 -21"><span class='ocrx_word' id='word_1_94' title='bbox 301 2211 417 2275; x_wconf 92' lang='lat' dir='ltr'>summi</span> <span class='ocrx_word' id='word_1_95' title='bbox 439 2209 501 2275; x_wconf 89' lang='lat' dir='ltr'>loci</span> <span class='ocrx_word' id='word_1_96' title='bbox 523 2211 649 2275; x_wconf 85' lang='lat' dir='ltr'>fastidia</span> <span class='ocrx_word' id='word_1_97' title='bbox 671 2231 747 2275; x_wconf 91' lang='lat' dir='ltr'>suos</span> <span class='ocrx_word' id='word_1_98' title='bbox 769 2213 924 2295; x_wconf 76' lang='lat' dir='ltr'>provebat</span> <span class='ocrx_word' id='word_1_99' title='bbox 945 2230 1152 2295; x_wconf 84' lang='lat' dir='ltr'>possessores</span> <span class='ocrx_word' id='word_1_100' title='bbox 1176 2212 1389 2295; x_wconf 85' lang='lat' dir='ltr'>Amplitudini</span> <span class='ocrx_word' id='word_1_101' title='bbox 1408 2231 1483 2296; x_wconf 86' lang='lat' dir='ltr'>ergo</span> <span class='ocrx_word' id='word_1_102' title='bbox 1506 2213 1612 2296; x_wconf 81' lang='lat' dir='ltr'>regiae</span> <span class='ocrx_word' id='word_1_103' title='bbox 1626 2231 1703 2276; x_wconf 92' lang='lat' dir='ltr'>con-</span> 
     </span>
     <span class='ocr_line' id='line_1_15' title="bbox 301 2314 1703 2399; baseline 0.002 -22"><span class='ocrx_word' id='word_1_104' title='bbox 301 2315 392 2378; x_wconf 84' lang='lat' dir='ltr'>venit</span> <span class='ocrx_word' id='word_1_105' title='bbox 412 2315 587 2378; x_wconf 88' lang='lat' dir='ltr'>maiestatis</span> <span class='ocrx_word' id='word_1_106' title='bbox 609 2316 696 2378; x_wconf 85' lang='lat' dir='ltr'>viros</span> <span class='ocrx_word' id='word_1_107' title='bbox 711 2314 871 2380; x_wconf 88' lang='lat' dir='ltr'>fidelitatis</span> <span class='ocrx_word' id='word_1_108' title='bbox 888 2315 1022 2399; x_wconf 81' lang='lat' dir='ltr'>dapibus</span> <span class='ocrx_word' id='word_1_109' title='bbox 1037 2316 1182 2397; x_wconf 80' lang='lat' dir='ltr'>refectos,</span> <span class='ocrx_word' id='word_1_110' title='bbox 1205 2334 1282 2379; x_wconf 90' lang='lat' dir='ltr'>suae</span> <span class='ocrx_word' id='word_1_111' title='bbox 1297 2315 1452 2381; x_wconf 86' lang='lat' dir='ltr'>extollere</span> <span class='ocrx_word' id='word_1_112' title='bbox 1466 2315 1703 2381; x_wconf 88' lang='lat' dir='ltr'>munificentiae</span> 
     </span>
    </p>

    <p class='ocr_par' dir='ltr' id='par_1_9' title="bbox 235 2418 1704 2919">
     <span class='ocr_line' id='line_1_16' title="bbox 235 2418 1703 2504; baseline 0.005 -28"><span class='ocrx_word' id='word_1_113' title='bbox 235 2425 267 2476; x_wconf 81' lang='lat'>15</span> <span class='ocrx_word' id='word_1_114' title='bbox 303 2418 469 2482; x_wconf 83' lang='lat' dir='ltr'>donativis.</span> <span class='ocrx_word' id='word_1_115' title='bbox 504 2418 642 2483; x_wconf 84' lang='lat' dir='ltr'>Proinde</span> <span class='ocrx_word' id='word_1_116' title='bbox 665 2419 705 2483; x_wconf 86' lang='lat' dir='ltr'>ad</span> <span class='ocrx_word' id='word_1_117' title='bbox 727 2420 952 2484; x_wconf 87' lang='lat' dir='ltr'>universorum</span> <span class='ocrx_word' id='word_1_118' title='bbox 976 2426 1041 2482; x_wconf 80' lang='lat' dir='ltr'>tam</span> <span class='ocrx_word' id='word_1_119' title='bbox 1062 2419 1279 2503; x_wconf 83' lang='lat' dir='ltr'>praesentium</span> <span class='ocrx_word' id='word_1_120' title='bbox 1303 2438 1400 2501; x_wconf 88' lang='lat' dir='ltr'>qnam</span> <span class='ocrx_word' id='word_1_121' title='bbox 1421 2426 1621 2504; x_wconf 85' lang='lat' dir='ltr'>posterorum</span> <span class='ocrx_word' id='word_1_122' title='bbox 1645 2440 1703 2484; x_wconf 90' lang='lat' dir='ltr'>no-</span> 
     </span>
     <span class='ocr_line' id='line_1_17' title="bbox 302 2522 1704 2607; baseline 0.001 -20"><span class='ocrx_word' id='word_1_123' title='bbox 302 2524 403 2587; x_wconf 86' lang='lat' dir='ltr'>titiam</span> <span class='ocrx_word' id='word_1_124' title='bbox 425 2523 536 2586; x_wconf 86' lang='lat' dir='ltr'>barum</span> <span class='ocrx_word' id='word_1_125' title='bbox 560 2524 642 2587; x_wconf 89' lang='lat' dir='ltr'>serie</span> <span class='ocrx_word' id='word_1_126' title='bbox 657 2524 808 2588; x_wconf 86' lang='lat' dir='ltr'>volumus</span> <span class='ocrx_word' id='word_1_127' title='bbox 822 2524 1000 2607; x_wconf 88' lang='lat' dir='ltr'>pervenire,</span> <span class='ocrx_word' id='word_1_128' title='bbox 1024 2523 1111 2606; x_wconf 90' lang='lat' dir='ltr'>quod</span> <span class='ocrx_word' id='word_1_129' title='bbox 1125 2525 1276 2607; x_wconf 77' lang='lat' dir='ltr'>magister</span> <span class='ocrx_word' id='word_1_130' title='bbox 1290 2522 1413 2605; x_wconf 84' lang='lat' dir='ltr'>Symon</span> <span class='ocrx_word' id='word_1_131' title='bbox 1427 2523 1514 2589; x_wconf 91' lang='lat' dir='ltr'>filius</span> <span class='ocrx_word' id='word_1_132' title='bbox 1529 2524 1704 2607; x_wconf 84' lang='lat' dir='ltr'>Mycbaelis</span> 
     </span>
     <span class='ocr_line' id='line_1_18' title="bbox 302 2626 1704 2694; baseline 0.002 -3"><span class='ocrx_word' id='word_1_133' title='bbox 302 2646 409 2691; x_wconf 88' lang='lat' dir='ltr'>comes</span> <span class='ocrx_word' id='word_1_134' title='bbox 431 2627 470 2690; x_wconf 93' lang='lat' dir='ltr'>de</span> <span class='ocrx_word' id='word_1_135' title='bbox 493 2626 627 2690; x_wconf 82' lang='lat' dir='ltr'>Sumlou</span> <span class='ocrx_word' id='word_1_136' title='bbox 650 2632 682 2690; x_wconf 91' lang='lat' dir='ltr'>et</span> <span class='ocrx_word' id='word_1_137' title='bbox 704 2628 743 2691; x_wconf 91' lang='lat' dir='ltr'>de</span> <span class='ocrx_word' id='word_1_138' title='bbox 765 2626 912 2691; x_wconf 87' lang='lat' dir='ltr'>Karasou</span> <span class='ocrx_word' id='word_1_139' title='bbox 934 2627 1070 2692; x_wconf 89' lang='lat' dir='ltr'>dilectus</span> <span class='ocrx_word' id='word_1_140' title='bbox 1092 2633 1125 2691; x_wconf 91' lang='lat' dir='ltr'>et</span> <span class='ocrx_word' id='word_1_141' title='bbox 1145 2626 1248 2692; x_wconf 88' lang='lat' dir='ltr'>fidelis</span> <span class='ocrx_word' id='word_1_142' title='bbox 1270 2633 1380 2692; x_wconf 90' lang='lat' dir='ltr'>noster</span> <span class='ocrx_word' id='word_1_143' title='bbox 1401 2628 1441 2692; x_wconf 89' lang='lat' dir='ltr'>ad</span> <span class='ocrx_word' id='word_1_144' title='bbox 1463 2634 1591 2694; x_wconf 87' lang='lat' dir='ltr'>nostrae</span> <span class='ocrx_word' id='word_1_145' title='bbox 1606 2630 1704 2694; x_wconf 85' lang='lat' dir='ltr'>maie·</span> 
     </span>
     <span class='ocr_line' id='line_1_19' title="bbox 303 2731 1704 2817; baseline 0.002 -23"><span class='ocrx_word' id='word_1_146' title='bbox 303 2731 393 2794; x_wconf 85' lang='lat' dir='ltr'>statis</span> <span class='ocrx_word' id='word_1_147' title='bbox 416 2732 570 2794; x_wconf 87' lang='lat' dir='ltr'>accedens</span> <span class='ocrx_word' id='word_1_148' title='bbox 592 2731 803 2817; x_wconf 87' lang='lat' dir='ltr'>praesentiam</span> <span class='ocrx_word' id='word_1_149' title='bbox 830 2737 863 2795; x_wconf 93' lang='lat' dir='ltr'>et</span> <span class='ocrx_word' id='word_1_150' title='bbox 884 2751 961 2796; x_wconf 91' lang='lat' dir='ltr'>suae</span> <span class='ocrx_word' id='word_1_151' title='bbox 982 2731 1143 2796; x_wconf 85' lang='lat' dir='ltr'>fidelitatis</span> <span class='ocrx_word' id='word_1_152' title='bbox 1166 2732 1296 2796; x_wconf 80' lang='lat' dir='ltr'>servitia</span> <span class='ocrx_word' id='word_1_153' title='bbox 1317 2734 1356 2796; x_wconf 87' lang='lat' dir='ltr'>ab</span> <span class='ocrx_word' id='word_1_154' title='bbox 1381 2732 1456 2797; x_wconf 90' lang='lat' dir='ltr'>olim</span> <span class='ocrx_word' id='word_1_155' title='bbox 1478 2752 1611 2817; x_wconf 83' lang='lat' dir='ltr'>magnae</span> <span class='ocrx_word' id='word_1_156' title='bbox 1633 2733 1704 2797; x_wconf 94' lang='lat' dir='ltr'>dili-</span> 
     </span>
     <span class='ocr_line' id='line_1_20' title="bbox 304 2834 1704 2919; baseline 0.002 -21"><span class='ocrx_word' id='word_1_157' title='bbox 304 2835 429 2918; x_wconf 82' lang='lat' dir='ltr'>gentiae</span> <span class='ocrx_word' id='word_1_158' title='bbox 451 2834 557 2898; x_wconf 88' lang='lat' dir='ltr'>studio</span> <span class='ocrx_word' id='word_1_159' title='bbox 581 2835 673 2899; x_wconf 87' lang='lat' dir='ltr'>nobis</span> <span class='ocrx_word' id='word_1_160' title='bbox 703 2835 848 2918; x_wconf 86' lang='lat' dir='ltr'>impensa</span> <span class='ocrx_word' id='word_1_161' title='bbox 869 2854 1085 2900; x_wconf 85' lang='lat' dir='ltr'>rememorans</span> <span class='ocrx_word' id='word_1_162' title='bbox 1108 2841 1140 2899; x_wconf 93' lang='lat' dir='ltr'>et</span> <span class='ocrx_word' id='word_1_163' title='bbox 1162 2854 1328 2919; x_wconf 87' lang='lat' dir='ltr'>exponens</span> <span class='ocrx_word' id='word_1_164' title='bbox 1355 2837 1509 2918; x_wconf 85' lang='lat' dir='ltr'>quasdam</span> <span class='ocrx_word' id='word_1_165' title='bbox 1531 2837 1624 2901; x_wconf 86' lang='lat' dir='ltr'>villas</span> <span class='ocrx_word' id='word_1_166' title='bbox 1646 2856 1704 2901; x_wconf 92' lang='lat' dir='ltr'>seu</span> 
     </span>
    </p>

    <p class='ocr_par' dir='ltr' id='par_1_10' title="bbox 234 2939 1706 3959">
     <span class='ocr_line' id='line_1_21' title="bbox 234 2939 1703 3025; baseline 0.005 -27"><span class='ocrx_word' id='word_1_167' title='bbox 234 2943 269 2998; x_wconf 81' lang='lat'>20</span> <span class='ocrx_word' id='word_1_168' title='bbox 302 2939 528 3022; x_wconf 80' lang='lat' dir='ltr'>possessiones,</span> <span class='ocrx_word' id='word_1_169' title='bbox 558 2939 642 3002; x_wconf 91' lang='lat' dir='ltr'>sicut</span> <span class='ocrx_word' id='word_1_170' title='bbox 664 2939 746 3003; x_wconf 89' lang='lat' dir='ltr'>dixit</span> <span class='ocrx_word' id='word_1_171' title='bbox 767 2939 829 3003; x_wconf 88' lang='lat' dir='ltr'>sibi</span> <span class='ocrx_word' id='word_1_172' title='bbox 849 2940 920 3003; x_wconf 89' lang='lat' dir='ltr'>iure</span> <span class='ocrx_word' id='word_1_173' title='bbox 942 2940 1132 3003; x_wconf 83' lang='lat' dir='ltr'>hereditario</span> <span class='ocrx_word' id='word_1_174' title='bbox 1154 2940 1335 3023; x_wconf 65' lang='lat' dir='ltr'>attinentes</span> <span class='ocrx_word' id='word_1_175' title='bbox 1357 2940 1543 3024; x_wconf 82' lang='lat' dir='ltr'>Nogsoyou‚</span> <span class='ocrx_word' id='word_1_176' title='bbox 1566 2941 1703 3025; x_wconf 86' lang='lat' dir='ltr'>Pozpus‚</span> 
     </span>
     <span class='ocr_line' id='line_1_22' title="bbox 302 3041 1704 3127; baseline 0.001 -21"><span class='ocrx_word' id='word_1_177' title='bbox 302 3042 406 3124; x_wconf 83' lang='lat' dir='ltr'>Barla,</span> <span class='ocrx_word' id='word_1_178' title='bbox 440 3041 581 3125; x_wconf 85' lang='lat' dir='ltr'>Serleng‚</span> <span class='ocrx_word' id='word_1_179' title='bbox 615 3042 854 3125; x_wconf 81' lang='lat' dir='ltr'>Symontelulre,</span> <span class='ocrx_word' id='word_1_180' title='bbox 888 3043 1015 3124; x_wconf 75' lang='lat' dir='ltr'>Varhel</span> <span class='ocrx_word' id='word_1_181' title='bbox 1049 3042 1158 3125; x_wconf 78' lang='lat' dir='ltr'>Radla,</span> <span class='ocrx_word' id='word_1_182' title='bbox 1191 3043 1451 3127; x_wconf 79' lang='lat' dir='ltr'>Hermanteleke,</span> <span class='ocrx_word' id='word_1_183' title='bbox 1484 3044 1704 3125; x_wconf 79' lang='lat' dir='ltr'>Jordaniolua,</span> 
     </span>
     <span class='ocr_line' id='line_1_23' title="bbox 303 3144 1704 3232; baseline 0.001 -21"><span class='ocrx_word' id='word_1_184' title='bbox 303 3145 414 3229; x_wconf 82' lang='lat' dir='ltr'>Sebus‚</span> <span class='ocrx_word' id='word_1_185' title='bbox 438 3144 589 3230; x_wconf 82' lang='lat' dir='ltr'>Gresepb,</span> <span class='ocrx_word' id='word_1_186' title='bbox 612 3145 748 3228; x_wconf 82' lang='lat' dir='ltr'>Solmus‚</span> <span class='ocrx_word' id='word_1_187' title='bbox 771 3146 952 3231; x_wconf 69' lang='lat' dir='ltr'>Sarpatalxa,</span> <span class='ocrx_word' id='word_1_188' title='bbox 975 3146 1176 3231; x_wconf 79' lang='lat' dir='ltr'>Sarumberg‚</span> <span class='ocrx_word' id='word_1_189' title='bbox 1199 3147 1306 3230; x_wconf 85' lang='lat' dir='ltr'>Pinar,</span> <span class='ocrx_word' id='word_1_190' title='bbox 1331 3147 1470 3232; x_wconf 83' lang='lat' dir='ltr'>Knezeg‚</span> <span class='ocrx_word' id='word_1_191' title='bbox 1492 3148 1704 3231; x_wconf 86' lang='lat' dir='ltr'>Vnkatelulre,</span> 
     </span>
     <span class='ocr_line' id='line_1_24' title="bbox 303 3249 1705 3335; baseline 0.004 -22"><span class='ocrx_word' id='word_1_192' title='bbox 303 3249 537 3335; x_wconf 79' lang='lat' dir='ltr'>Kurtuellropu‚</span> <span class='ocrx_word' id='word_1_193' title='bbox 560 3250 738 3334; x_wconf 79' lang='lat' dir='ltr'>Nogfilpus‚</span> <span class='ocrx_word' id='word_1_194' title='bbox 760 3250 975 3334; x_wconf 85' lang='lat' dir='ltr'>Kysebfilpus‚</span> <span class='ocrx_word' id='word_1_195' title='bbox 998 3251 1204 3334; x_wconf 66' lang='lat' dir='ltr'>Zentushaza,</span> <span class='ocrx_word' id='word_1_196' title='bbox 1226 3252 1386 3317; x_wconf 83' lang='lat' dir='ltr'>Haraztus</span> <span class='ocrx_word' id='word_1_197' title='bbox 1416 3259 1448 3317; x_wconf 90' lang='lat' dir='ltr'>et</span> <span class='ocrx_word' id='word_1_198' title='bbox 1476 3253 1705 3334; x_wconf 81' lang='lat' dir='ltr'>Bartalensvy·</span> 
     </span>
     <span class='ocr_line' id='line_1_25' title="bbox 302 3354 1705 3437; baseline 0.002 -20"><span class='ocrx_word' id='word_1_199' title='bbox 302 3354 391 3418; x_wconf 83' lang='lat' dir='ltr'>folua</span> <span class='ocrx_word' id='word_1_200' title='bbox 421 3360 559 3437; x_wconf 73' lang='lat' dir='ltr'>vocatas,</span> <span class='ocrx_word' id='word_1_201' title='bbox 593 3354 653 3418; x_wconf 90' lang='lat' dir='ltr'>sibi</span> <span class='ocrx_word' id='word_1_202' title='bbox 682 3374 739 3437; x_wconf 90' lang='lat' dir='ltr'>pro</span> <span class='ocrx_word' id='word_1_203' title='bbox 770 3355 838 3419; x_wconf 89' lang='lat' dir='ltr'>suis</span> <span class='ocrx_word' id='word_1_204' title='bbox 867 3354 1015 3419; x_wconf 88' lang='lat' dir='ltr'>fidelibus</span> <span class='ocrx_word' id='word_1_205' title='bbox 1048 3356 1185 3419; x_wconf 83' lang='lat' dir='ltr'>servitiis</span> <span class='ocrx_word' id='word_1_206' title='bbox 1218 3356 1309 3419; x_wconf 91' lang='lat' dir='ltr'>reddi</span> <span class='ocrx_word' id='word_1_207' title='bbox 1339 3362 1372 3420; x_wconf 90' lang='lat' dir='ltr'>et</span> <span class='ocrx_word' id='word_1_208' title='bbox 1400 3357 1527 3421; x_wconf 88' lang='lat' dir='ltr'>restitui</span> <span class='ocrx_word' id='word_1_209' title='bbox 1560 3377 1579 3421; x_wconf 87' lang='lat' dir='ltr'>a</span> <span class='ocrx_word' id='word_1_210' title='bbox 1612 3356 1705 3421; x_wconf 92' lang='lat' dir='ltr'>nobis</span> 
     </span>
     <span class='ocr_line' id='line_1_26' title="bbox 234 3457 1706 3544; baseline 0.004 -28"><span class='ocrx_word' id='word_1_211' title='bbox 234 3464 269 3517; x_wconf 82' lang='lat'>25</span> <span class='ocrx_word' id='word_1_212' title='bbox 304 3459 467 3523; x_wconf 83' lang='lat' dir='ltr'>humiliter</span> <span class='ocrx_word' id='word_1_213' title='bbox 488 3457 696 3543; x_wconf 89' lang='lat' dir='ltr'>supplicando</span> <span class='ocrx_word' id='word_1_214' title='bbox 718 3460 900 3543; x_wconf 82' lang='lat' dir='ltr'>postulavit</span> <span class='ocrx_word' id='word_1_215' title='bbox 937 3459 1005 3522; x_wconf 90' lang='lat' dir='ltr'>Nos</span> <span class='ocrx_word' id='word_1_216' title='bbox 1028 3459 1125 3541; x_wconf 81' lang='lat' dir='ltr'>igitur</span> <span class='ocrx_word' id='word_1_217' title='bbox 1147 3459 1324 3524; x_wconf 86' lang='lat' dir='ltr'>secundum</span> <span class='ocrx_word' id='word_1_218' title='bbox 1348 3461 1434 3542; x_wconf 92' lang='lat' dir='ltr'>quod</span> <span class='ocrx_word' id='word_1_219' title='bbox 1456 3462 1562 3544; x_wconf 83' lang='lat' dir='ltr'>regiae</span> <span class='ocrx_word' id='word_1_220' title='bbox 1584 3460 1706 3543; x_wconf 83' lang='lat' dir='ltr'>magni-</span> 
     </span>
     <span class='ocr_line' id='line_1_27' title="bbox 305 3561 1705 3647; baseline -0.001 -21"><span class='ocrx_word' id='word_1_221' title='bbox 305 3564 425 3626; x_wconf 89' lang='lat' dir='ltr'>tudinis</span> <span class='ocrx_word' id='word_1_222' title='bbox 460 3564 644 3646; x_wconf 87' lang='lat' dir='ltr'>expostulat</span> <span class='ocrx_word' id='word_1_223' title='bbox 673 3570 706 3628; x_wconf 90' lang='lat' dir='ltr'>et</span> <span class='ocrx_word' id='word_1_224' title='bbox 737 3564 874 3647; x_wconf 89' lang='lat' dir='ltr'>requirit</span> <span class='ocrx_word' id='word_1_225' title='bbox 902 3561 1057 3644; x_wconf 83' lang='lat' dir='ltr'>officium,</span> <span class='ocrx_word' id='word_1_226' title='bbox 1095 3569 1133 3627; x_wconf 89' lang='lat' dir='ltr'>nt</span> <span class='ocrx_word' id='word_1_227' title='bbox 1164 3564 1421 3646; x_wconf 87' lang='lat' dir='ltr'>uniuscuiusque</span> <span class='ocrx_word' id='word_1_228' title='bbox 1453 3564 1566 3628; x_wconf 87' lang='lat' dir='ltr'>merita</span> <span class='ocrx_word' id='word_1_229' title='bbox 1599 3565 1705 3627; x_wconf 89' lang='lat' dir='ltr'>animo</span> 
     </span>
     <span class='ocr_line' id='line_1_28' title="bbox 304 3664 1705 3750; baseline -0.001 -20"><span class='ocrx_word' id='word_1_230' title='bbox 304 3667 455 3732; x_wconf 91' lang='lat' dir='ltr'>metiatur</span> <span class='ocrx_word' id='word_1_231' title='bbox 478 3668 612 3750; x_wconf 73' lang='lat' dir='ltr'>pietatis</span> <span class='ocrx_word' id='word_1_232' title='bbox 634 3669 746 3749; x_wconf 80' lang='lat' dir='ltr'>ethis,</span> <span class='ocrx_word' id='word_1_233' title='bbox 770 3687 852 3750; x_wconf 92' lang='lat' dir='ltr'>quos</span> <span class='ocrx_word' id='word_1_234' title='bbox 875 3686 971 3750; x_wconf 88' lang='lat' dir='ltr'>opera</span> <span class='ocrx_word' id='word_1_235' title='bbox 993 3687 1071 3730; x_wconf 88' lang='lat' dir='ltr'>suae</span> <span class='ocrx_word' id='word_1_236' title='bbox 1093 3667 1223 3731; x_wconf 77' lang='lat' dir='ltr'>virtutis</span> <span class='ocrx_word' id='word_1_237' title='bbox 1245 3667 1343 3750; x_wconf 84' lang='lat' dir='ltr'>regali</span> <span class='ocrx_word' id='word_1_238' title='bbox 1357 3667 1614 3732; x_wconf 81' lang='lat' dir='ltr'>remuneratione</span> <span class='ocrx_word' id='word_1_239' title='bbox 1636 3664 1705 3730; x_wconf 92' lang='lat' dir='ltr'>effi·</span> 
     </span>
     <span class='ocr_line' id='line_1_29' title="bbox 305 3769 1706 3855; baseline -0.001 -21"><span class='ocrx_word' id='word_1_240' title='bbox 305 3773 396 3836; x_wconf 84' lang='lat' dir='ltr'>ciunt</span> <span class='ocrx_word' id='word_1_241' title='bbox 418 3772 540 3854; x_wconf 80' lang='lat' dir='ltr'>dignos,</span> <span class='ocrx_word' id='word_1_242' title='bbox 562 3778 652 3855; x_wconf 82' lang='lat' dir='ltr'>grata</span> <span class='ocrx_word' id='word_1_243' title='bbox 666 3771 780 3835; x_wconf 90' lang='lat' dir='ltr'>debeat</span> <span class='ocrx_word' id='word_1_244' title='bbox 795 3771 927 3834; x_wconf 90' lang='lat' dir='ltr'>reddere</span> <span class='ocrx_word' id='word_1_245' title='bbox 943 3771 1083 3853; x_wconf 86' lang='lat' dir='ltr'>praemia</span> <span class='ocrx_word' id='word_1_246' title='bbox 1098 3771 1292 3853; x_wconf 82' lang='lat' dir='ltr'>meritorum,</span> <span class='ocrx_word' id='word_1_247' title='bbox 1314 3771 1484 3855; x_wconf 84' lang='lat' dir='ltr'>propositis</span> <span class='ocrx_word' id='word_1_248' title='bbox 1499 3769 1706 3853; x_wconf 88' lang='lat' dir='ltr'>petitionibus</span> 
     </span>
     <span class='ocr_line' id='line_1_30' title="bbox 305 3870 1706 3959; baseline -0.002 -22"><span class='ocrx_word' id='word_1_249' title='bbox 305 3876 406 3959; x_wconf 89' lang='lat' dir='ltr'>ipsius</span> <span class='ocrx_word' id='word_1_250' title='bbox 428 3876 570 3959; x_wconf 82' lang='lat' dir='ltr'>magistri</span> <span class='ocrx_word' id='word_1_251' title='bbox 593 3874 743 3957; x_wconf 84' lang='lat' dir='ltr'>Symonis</span> <span class='ocrx_word' id='word_1_252' title='bbox 767 3874 934 3957; x_wconf 83' lang='lat' dir='ltr'>diligenter</span> <span class='ocrx_word' id='word_1_253' title='bbox 955 3874 1072 3937; x_wconf 90' lang='lat' dir='ltr'>auditis</span> <span class='ocrx_word' id='word_1_254' title='bbox 1094 3875 1316 3956; x_wconf 86' lang='lat' dir='ltr'>revocatisque</span> <span class='ocrx_word' id='word_1_255' title='bbox 1342 3875 1377 3936; x_wconf 91' lang='lat' dir='ltr'>in</span> <span class='ocrx_word' id='word_1_256' title='bbox 1399 3874 1583 3937; x_wconf 85' lang='lat' dir='ltr'>memoriam</span> <span class='ocrx_word' id='word_1_257' title='bbox 1605 3870 1706 3935; x_wconf 93' lang='lat' dir='ltr'>fideli-</span> 
     </span>
    </p>

    <p class='ocr_par' dir='ltr' id='par_1_11' title="bbox 236 3975 1705 4167">
     <span class='ocr_line' id='line_1_31' title="bbox 236 3975 1705 4062; baseline -0.004 -19"><span class='ocrx_word' id='word_1_258' title='bbox 236 3982 271 4036; x_wconf 82' lang='lat'>30</span> <span class='ocrx_word' id='word_1_259' title='bbox 307 3984 408 4043; x_wconf 87' lang='lat' dir='ltr'>tatum</span> <span class='ocrx_word' id='word_1_260' title='bbox 438 3978 601 4062; x_wconf 89' lang='lat' dir='ltr'>obsequiis</span> <span class='ocrx_word' id='word_1_261' title='bbox 632 3978 784 4059; x_wconf 82' lang='lat' dir='ltr'>eiusdem,</span> <span class='ocrx_word' id='word_1_262' title='bbox 819 3996 901 4058; x_wconf 88' lang='lat' dir='ltr'>quae</span> <span class='ocrx_word' id='word_1_263' title='bbox 924 3978 1008 4041; x_wconf 91' lang='lat' dir='ltr'>idem</span> <span class='ocrx_word' id='word_1_264' title='bbox 1038 3979 1200 4042; x_wconf 79' lang='lat' dir='ltr'>continuis</span> <span class='ocrx_word' id='word_1_265' title='bbox 1222 3978 1300 4041; x_wconf 87' lang='lat' dir='ltr'>locis</span> <span class='ocrx_word' id='word_1_266' title='bbox 1322 3984 1355 4041; x_wconf 90' lang='lat' dir='ltr'>et</span> <span class='ocrx_word' id='word_1_267' title='bbox 1377 3975 1573 4059; x_wconf 90' lang='lat' dir='ltr'>temporibus</span> <span class='ocrx_word' id='word_1_268' title='bbox 1596 3979 1705 4038; x_wconf 86' lang='lat' dir='ltr'>nostro</span> 
     </span>
     <span class='ocr_line' id='line_1_32' title="bbox 304 4079 1705 4167; baseline -0.002 -22"><span class='ocrx_word' id='word_1_269' title='bbox 304 4083 422 4167; x_wconf 77' lang='lat' dir='ltr'>iugiter</span> <span class='ocrx_word' id='word_1_270' title='bbox 443 4082 534 4147; x_wconf 87' lang='lat' dir='ltr'>lateri</span> <span class='ocrx_word' id='word_1_271' title='bbox 557 4081 767 4161; x_wconf 86' lang='lat' dir='ltr'>adhaerendo,</span> <span class='ocrx_word' id='word_1_272' title='bbox 789 4080 872 4144; x_wconf 88' lang='lat' dir='ltr'>fifios</span> <span class='ocrx_word' id='word_1_273' title='bbox 895 4100 971 4144; x_wconf 92' lang='lat' dir='ltr'>suos</span> <span class='ocrx_word' id='word_1_274' title='bbox 994 4081 1201 4164; x_wconf 90' lang='lat' dir='ltr'>compedibus</span> <span class='ocrx_word' id='word_1_275' title='bbox 1215 4082 1411 4164; x_wconf 82' lang='lat' dir='ltr'>mancipatos</span> <span class='ocrx_word' id='word_1_276' title='bbox 1434 4085 1466 4142; x_wconf 92' lang='lat' dir='ltr'>et</span> <span class='ocrx_word' id='word_1_277' title='bbox 1487 4079 1705 4163; x_wconf 85' lang='lat' dir='ltr'>possessiones</span> 
     </span>
    </p>

    <p class='ocr_par' dir='ltr' id='par_1_12' title="bbox 305 4180 1708 4478">
     <span class='ocr_line' id='line_1_33' title="bbox 306 4180 1707 4270; baseline -0.004 -21"><span class='ocrx_word' id='word_1_278' title='bbox 306 4207 342 4249; x_wconf 92' lang='lat' dir='ltr'>ac</span> <span class='ocrx_word' id='word_1_279' title='bbox 365 4187 450 4251; x_wconf 92' lang='lat' dir='ltr'>bona</span> <span class='ocrx_word' id='word_1_280' title='bbox 479 4187 580 4270; x_wconf 91' lang='lat' dir='ltr'>ipsius</span> <span class='ocrx_word' id='word_1_281' title='bbox 610 4185 758 4249; x_wconf 91' lang='lat' dir='ltr'>manibus</span> <span class='ocrx_word' id='word_1_282' title='bbox 781 4185 898 4249; x_wconf 88' lang='lat' dir='ltr'>Matbei</span> <span class='ocrx_word' id='word_1_283' title='bbox 921 4185 960 4249; x_wconf 91' lang='lat' dir='ltr'>de</span> <span class='ocrx_word' id='word_1_284' title='bbox 982 4184 1164 4247; x_wconf 81' lang='lat' dir='ltr'>Trinohinio</span> <span class='ocrx_word' id='word_1_285' title='bbox 1195 4186 1297 4248; x_wconf 89' lang='lat' dir='ltr'>nostri</span> <span class='ocrx_word' id='word_1_286' title='bbox 1319 4190 1352 4249; x_wconf 90' lang='lat' dir='ltr'>et</span> <span class='ocrx_word' id='word_1_287' title='bbox 1374 4184 1472 4247; x_wconf 87' lang='lat' dir='ltr'>totius</span> <span class='ocrx_word' id='word_1_288' title='bbox 1493 4183 1584 4265; x_wconf 81' lang='lat' dir='ltr'>regni</span> <span class='ocrx_word' id='word_1_289' title='bbox 1606 4180 1707 4244; x_wconf 85' lang='lat' dir='ltr'>nostri</span> 
     </span>
     <span class='ocr_line' id='line_1_34' title="bbox 306 4283 1707 4371; baseline -0.005 -18"><span class='ocrx_word' id='word_1_290' title='bbox 306 4289 443 4355; x_wconf 89' lang='lat' dir='ltr'>infidelis</span> <span class='ocrx_word' id='word_1_291' title='bbox 465 4291 652 4354; x_wconf 85' lang='lat' dir='ltr'>desolationi</span> <span class='ocrx_word' id='word_1_292' title='bbox 683 4289 903 4371; x_wconf 85' lang='lat' dir='ltr'>relinquendo,</span> <span class='ocrx_word' id='word_1_293' title='bbox 938 4294 970 4351; x_wconf 88' lang='lat' dir='ltr'>et</span> <span class='ocrx_word' id='word_1_294' title='bbox 991 4307 1159 4371; x_wconf 86' lang='lat' dir='ltr'>personam</span> <span class='ocrx_word' id='word_1_295' title='bbox 1191 4289 1260 4352; x_wconf 91' lang='lat' dir='ltr'>eius</span> <span class='ocrx_word' id='word_1_296' title='bbox 1284 4287 1389 4350; x_wconf 91' lang='lat' dir='ltr'>dubiis</span> <span class='ocrx_word' id='word_1_297' title='bbox 1411 4288 1558 4350; x_wconf 83' lang='lat' dir='ltr'>fortunae</span> <span class='ocrx_word' id='word_1_298' title='bbox 1581 4283 1707 4347; x_wconf 87' lang='lat' dir='ltr'>casibus</span> 
     </span>
     <span class='ocr_line' id='line_1_35' title="bbox 305 4386 1708 4478; baseline -0.006 -20"><span class='ocrx_word' id='word_1_299' title='bbox 305 4414 363 4478; x_wconf 95' lang='lat' dir='ltr'>pro</span> <span class='ocrx_word' id='word_1_300' title='bbox 394 4395 573 4458; x_wconf 83' lang='lat' dir='ltr'>constantia</span> <span class='ocrx_word' id='word_1_301' title='bbox 602 4394 762 4457; x_wconf 87' lang='lat' dir='ltr'>fidelitatis</span> <span class='ocrx_word' id='word_1_302' title='bbox 792 4392 885 4455; x_wconf 90' lang='lat' dir='ltr'>nobis</span> <span class='ocrx_word' id='word_1_303' title='bbox 914 4398 947 4455; x_wconf 88' lang='lat' dir='ltr'>et</span> <span class='ocrx_word' id='word_1_304' title='bbox 976 4411 1084 4455; x_wconf 87' lang='lat' dir='ltr'>sacrae</span> <span class='ocrx_word' id='word_1_305' title='bbox 1114 4410 1250 4455; x_wconf 89' lang='lat' dir='ltr'>coronae</span> <span class='ocrx_word' id='word_1_306' title='bbox 1280 4391 1385 4474; x_wconf 82' lang='lat' dir='ltr'>regiae</span> <span class='ocrx_word' id='word_1_307' title='bbox 1411 4388 1611 4453; x_wconf 81' lang='lat' dir='ltr'>observanda</span> <span class='ocrx_word' id='word_1_308' title='bbox 1632 4386 1708 4450; x_wconf 92' lang='lat' dir='ltr'>snb-</span> 
     </span>
    </p>

    <p class='ocr_par' dir='ltr' id='par_1_13' title="bbox 237 4493 1709 4989">
     <span class='ocr_line' id='line_1_36' title="bbox 237 4493 1708 4579; baseline -0.001 -22"><span class='ocrx_word' id='word_1_309' title='bbox 237 4504 272 4557; x_wconf 80' lang='lat'>35</span> <span class='ocrx_word' id='word_1_310' title='bbox 308 4499 462 4562; x_wconf 85' lang='lat' dir='ltr'>mittendo</span> <span class='ocrx_word' id='word_1_311' title='bbox 485 4497 658 4562; x_wconf 80' lang='lat' dir='ltr'>multifarie</span> <span class='ocrx_word' id='word_1_312' title='bbox 681 4497 854 4579; x_wconf 89' lang='lat' dir='ltr'>multisque</span> <span class='ocrx_word' id='word_1_313' title='bbox 884 4496 988 4560; x_wconf 89' lang='lat' dir='ltr'>modis</span> <span class='ocrx_word' id='word_1_314' title='bbox 1009 4495 1127 4560; x_wconf 89' lang='lat' dir='ltr'>meruit</span> <span class='ocrx_word' id='word_1_315' title='bbox 1149 4494 1345 4578; x_wconf 84' lang='lat' dir='ltr'>complacere</span> <span class='ocrx_word' id='word_1_316' title='bbox 1371 4501 1403 4557; x_wconf 91' lang='lat' dir='ltr'>et</span> <span class='ocrx_word' id='word_1_317' title='bbox 1425 4513 1459 4558; x_wconf 89' lang='lat' dir='ltr'>se</span> <span class='ocrx_word' id='word_1_318' title='bbox 1481 4493 1614 4557; x_wconf 92' lang='lat' dir='ltr'>reddere</span> <span class='ocrx_word' id='word_1_319' title='bbox 1636 4510 1708 4574; x_wconf 81' lang='lat' dir='ltr'>gra·</span> 
     </span>
     <span class='ocr_line' id='line_1_37' title="bbox 308 4594 1708 4685; baseline -0.007 -18"><span class='ocrx_word' id='word_1_320' title='bbox 308 4604 425 4667; x_wconf 85' lang='lat' dir='ltr'>fiosum</span> <span class='ocrx_word' id='word_1_321' title='bbox 448 4603 501 4685; x_wconf 68' lang='lat' dir='ltr'>itu</span> <span class='ocrx_word' id='word_1_322' title='bbox 528 4602 615 4683; x_wconf 94' lang='lat' dir='ltr'>quod</span> <span class='ocrx_word' id='word_1_323' title='bbox 638 4601 738 4684; x_wconf 89' lang='lat' dir='ltr'>ipsius</span> <span class='ocrx_word' id='word_1_324' title='bbox 760 4601 898 4665; x_wconf 86' lang='lat' dir='ltr'>servitiis</span> <span class='ocrx_word' id='word_1_325' title='bbox 919 4598 1067 4663; x_wconf 88' lang='lat' dir='ltr'>fidelibus</span> <span class='ocrx_word' id='word_1_326' title='bbox 1089 4603 1198 4662; x_wconf 90' lang='lat' dir='ltr'>noster</span> <span class='ocrx_word' id='word_1_327' title='bbox 1219 4597 1327 4680; x_wconf 81' lang='lat' dir='ltr'>regius</span> <span class='ocrx_word' id='word_1_328' title='bbox 1348 4598 1474 4661; x_wconf 88' lang='lat' dir='ltr'>animus</span> <span class='ocrx_word' id='word_1_329' title='bbox 1495 4615 1572 4680; x_wconf 89' lang='lat' dir='ltr'>prae</span> <span class='ocrx_word' id='word_1_330' title='bbox 1594 4594 1708 4660; x_wconf 87' lang='lat' dir='ltr'>ceteris</span> 
     </span>
     <span class='ocr_line' id='line_1_38' title="bbox 307 4698 1709 4786; baseline -0.005 -17"><span class='ocrx_word' id='word_1_331' title='bbox 307 4706 474 4769; x_wconf 90' lang='lat' dir='ltr'>mitissime</span> <span class='ocrx_word' id='word_1_332' title='bbox 496 4705 690 4786; x_wconf 83' lang='lat' dir='ltr'>conquievit.</span> <span class='ocrx_word' id='word_1_333' title='bbox 714 4704 868 4768; x_wconf 86' lang='lat' dir='ltr'>Volentes</span> <span class='ocrx_word' id='word_1_334' title='bbox 882 4703 1065 4768; x_wconf 87' lang='lat' dir='ltr'>huiusmodi</span> <span class='ocrx_word' id='word_1_335' title='bbox 1084 4700 1290 4764; x_wconf 89' lang='lat' dir='ltr'>fidelitatibus</span> <span class='ocrx_word' id='word_1_336' title='bbox 1312 4707 1345 4765; x_wconf 91' lang='lat' dir='ltr'>et</span> <span class='ocrx_word' id='word_1_337' title='bbox 1366 4701 1503 4765; x_wconf 84' lang='lat' dir='ltr'>servitiis</span> <span class='ocrx_word' id='word_1_338' title='bbox 1518 4698 1709 4784; x_wconf 86' lang='lat' dir='ltr'>specialibus</span> 
     </span>
     <span class='ocr_line' id='line_1_39' title="bbox 308 4803 1709 4892; baseline -0.006 -18"><span class='ocrx_word' id='word_1_339' title='bbox 308 4810 451 4874; x_wconf 90' lang='lat' dir='ltr'>eiusdem</span> <span class='ocrx_word' id='word_1_340' title='bbox 473 4809 560 4892; x_wconf 81' lang='lat' dir='ltr'>regio</span> <span class='ocrx_word' id='word_1_341' title='bbox 584 4827 751 4873; x_wconf 88' lang='lat' dir='ltr'>occurrere</span> <span class='ocrx_word' id='word_1_342' title='bbox 775 4828 849 4872; x_wconf 92' lang='lat' dir='ltr'>cnm</span> <span class='ocrx_word' id='word_1_343' title='bbox 872 4808 991 4887; x_wconf 79' lang='lat' dir='ltr'>favore,</span> <span class='ocrx_word' id='word_1_344' title='bbox 1013 4809 1280 4889; x_wconf 85' lang='lat' dir='ltr'>praememoratas</span> <span class='ocrx_word' id='word_1_345' title='bbox 1298 4804 1390 4868; x_wconf 82' lang='lat' dir='ltr'>villas</span> <span class='ocrx_word' id='word_1_346' title='bbox 1412 4823 1469 4868; x_wconf 90' lang='lat' dir='ltr'>seu</span> <span class='ocrx_word' id='word_1_347' title='bbox 1492 4803 1709 4887; x_wconf 88' lang='lat' dir='ltr'>possessiones</span> 
     </span>
     <span class='ocr_line' id='line_1_40' title="bbox 307 4906 1709 4989; baseline -0.007 -11"><span class='ocrx_word' id='word_1_348' title='bbox 307 4934 380 4977; x_wconf 91' lang='lat' dir='ltr'>oum</span> <span class='ocrx_word' id='word_1_349' title='bbox 403 4913 552 4978; x_wconf 91' lang='lat' dir='ltr'>omnibus</span> <span class='ocrx_word' id='word_1_350' title='bbox 583 4931 693 4976; x_wconf 89' lang='lat' dir='ltr'>earum</span> <span class='ocrx_word' id='word_1_351' title='bbox 716 4911 891 4974; x_wconf 85' lang='lat' dir='ltr'>attinentiis</span> <span class='ocrx_word' id='word_1_352' title='bbox 914 4916 946 4974; x_wconf 93' lang='lat' dir='ltr'>et</span> <span class='ocrx_word' id='word_1_353' title='bbox 969 4910 1158 4974; x_wconf 88' lang='lat' dir='ltr'>utilitatibus</span> <span class='ocrx_word' id='word_1_354' title='bbox 1188 4909 1347 4972; x_wconf 83' lang='lat' dir='ltr'>universis</span> <span class='ocrx_word' id='word_1_355' title='bbox 1370 4907 1430 4971; x_wconf 88' lang='lat' dir='ltr'>sub</span> <span class='ocrx_word' id='word_1_356' title='bbox 1453 4906 1594 4989; x_wconf 89' lang='lat' dir='ltr'>antiquis</span> <span class='ocrx_word' id='word_1_357' title='bbox 1615 4906 1709 4969; x_wconf 88' lang='lat' dir='ltr'>metis</span> 
     </span>
    </p>

    <p class='ocr_par' dir='ltr' id='par_1_14' title="bbox 238 5010 1710 5309">
     <span class='ocr_line' id='line_1_41' title="bbox 238 5010 1709 5098; baseline -0.003 -20"><span class='ocrx_word' id='word_1_358' title='bbox 238 5023 274 5078; x_wconf 80' lang='lat'>40</span> <span class='ocrx_word' id='word_1_359' title='bbox 308 5024 341 5082; x_wconf 90' lang='lat' dir='ltr'>et</span> <span class='ocrx_word' id='word_1_360' title='bbox 362 5017 506 5082; x_wconf 87' lang='lat' dir='ltr'>terminis</span> <span class='ocrx_word' id='word_1_361' title='bbox 536 5035 574 5081; x_wconf 94' lang='lat' dir='ltr'>eo</span> <span class='ocrx_word' id='word_1_362' title='bbox 596 5017 676 5097; x_wconf 82' lang='lat' dir='ltr'>iure,</span> <span class='ocrx_word' id='word_1_363' title='bbox 707 5034 771 5097; x_wconf 90' lang='lat' dir='ltr'>quo</span> <span class='ocrx_word' id='word_1_364' title='bbox 795 5014 961 5098; x_wconf 86' lang='lat' dir='ltr'>adipsum</span> <span class='ocrx_word' id='word_1_365' title='bbox 984 5014 1171 5098; x_wconf 79' lang='lat' dir='ltr'>magistrum</span> <span class='ocrx_word' id='word_1_366' title='bbox 1194 5012 1366 5094; x_wconf 88' lang='lat' dir='ltr'>Symonem</span> <span class='ocrx_word' id='word_1_367' title='bbox 1399 5010 1559 5095; x_wconf 83' lang='lat' dir='ltr'>pertinere</span> <span class='ocrx_word' id='word_1_368' title='bbox 1581 5010 1709 5093; x_wconf 87' lang='lat' dir='ltr'>dignos-</span> 
     </span>
     <span class='ocr_line' id='line_1_42' title="bbox 308 5113 1710 5204; baseline -0.006 -19"><span class='ocrx_word' id='word_1_369' title='bbox 308 5128 435 5204; x_wconf 85' lang='lat' dir='ltr'>cuntur,</span> <span class='ocrx_word' id='word_1_370' title='bbox 458 5121 561 5185; x_wconf 91' lang='lat' dir='ltr'>eidem</span> <span class='ocrx_word' id='word_1_371' title='bbox 584 5126 617 5185; x_wconf 90' lang='lat' dir='ltr'>et</span> <span class='ocrx_word' id='word_1_372' title='bbox 639 5140 697 5204; x_wconf 88' lang='lat' dir='ltr'>per</span> <span class='ocrx_word' id='word_1_373' title='bbox 719 5139 793 5184; x_wconf 92' lang='lat' dir='ltr'>eum</span> <span class='ocrx_word' id='word_1_374' title='bbox 816 5120 883 5184; x_wconf 88' lang='lat' dir='ltr'>suis</span> <span class='ocrx_word' id='word_1_375' title='bbox 898 5118 1069 5183; x_wconf 90' lang='lat' dir='ltr'>heredibus</span> <span class='ocrx_word' id='word_1_376' title='bbox 1084 5117 1302 5198; x_wconf 87' lang='lat' dir='ltr'>heredumque</span> <span class='ocrx_word' id='word_1_377' title='bbox 1324 5134 1456 5180; x_wconf 88' lang='lat' dir='ltr'>suorum</span> <span class='ocrx_word' id='word_1_378' title='bbox 1472 5113 1710 5178; x_wconf 88' lang='lat' dir='ltr'>successoribus</span> 
     </span>
     <span class='ocr_line' id='line_1_43' title="bbox 308 5216 1710 5309; baseline -0.006 -19"><span class='ocrx_word' id='word_1_379' title='bbox 308 5226 377 5290; x_wconf 90' lang='lat' dir='ltr'>sine</span> <span class='ocrx_word' id='word_1_380' title='bbox 399 5224 594 5309; x_wconf 86' lang='lat' dir='ltr'>praeiudicio</span> <span class='ocrx_word' id='word_1_381' title='bbox 617 5226 697 5290; x_wconf 89' lang='lat' dir='ltr'>iuris</span> <span class='ocrx_word' id='word_1_382' title='bbox 719 5224 815 5290; x_wconf 88' lang='lat' dir='ltr'>alieni</span> <span class='ocrx_word' id='word_1_383' title='bbox 837 5223 1034 5287; x_wconf 89' lang='lat' dir='ltr'>reddidimus</span> <span class='ocrx_word' id='word_1_384' title='bbox 1050 5228 1082 5286; x_wconf 93' lang='lat' dir='ltr'>et</span> <span class='ocrx_word' id='word_1_385' title='bbox 1104 5219 1303 5285; x_wconf 88' lang='lat' dir='ltr'>restituimus</span> <span class='ocrx_word' id='word_1_386' title='bbox 1316 5219 1533 5303; x_wconf 79' lang='lat' dir='ltr'>possidendas,</span> <span class='ocrx_word' id='word_1_387' title='bbox 1556 5216 1710 5281; x_wconf 87' lang='lat' dir='ltr'>tenendas</span> 
     </span>
    </p>

    <p class='ocr_par' dir='ltr' id='par_1_15' title="bbox 307 5321 1711 5520">
     <span class='ocr_line' id='line_1_44' title="bbox 308 5321 1710 5413; baseline -0.007 -19"><span class='ocrx_word' id='word_1_388' title='bbox 308 5335 341 5394; x_wconf 91' lang='lat' dir='ltr'>et</span> <span class='ocrx_word' id='word_1_389' title='bbox 362 5329 524 5395; x_wconf 85' lang='lat' dir='ltr'>habendas</span> <span class='ocrx_word' id='word_1_390' title='bbox 546 5330 616 5394; x_wconf 92' lang='lat' dir='ltr'>iure</span> <span class='ocrx_word' id='word_1_391' title='bbox 639 5332 803 5413; x_wconf 86' lang='lat' dir='ltr'>perpetuo,</span> <span class='ocrx_word' id='word_1_392' title='bbox 825 5325 955 5412; x_wconf 85' lang='lat' dir='ltr'>pacifice</span> <span class='ocrx_word' id='word_1_393' title='bbox 979 5332 1012 5391; x_wconf 90' lang='lat' dir='ltr'>et</span> <span class='ocrx_word' id='word_1_394' title='bbox 1034 5326 1150 5408; x_wconf 90' lang='lat' dir='ltr'>quiete.</span> <span class='ocrx_word' id='word_1_395' title='bbox 1187 5323 1226 5387; x_wconf 88' lang='lat' dir='ltr'>In</span> <span class='ocrx_word' id='word_1_396' title='bbox 1249 5323 1341 5386; x_wconf 85' lang='lat' dir='ltr'>cuius</span> <span class='ocrx_word' id='word_1_397' title='bbox 1363 5323 1410 5386; x_wconf 92' lang='lat' dir='ltr'>rei</span> <span class='ocrx_word' id='word_1_398' title='bbox 1432 5321 1617 5386; x_wconf 90' lang='lat' dir='ltr'>memoriam</span> <span class='ocrx_word' id='word_1_399' title='bbox 1638 5339 1710 5405; x_wconf 90' lang='lat' dir='ltr'>per-</span> 
     </span>
     <span class='ocr_line' id='line_1_45' title="bbox 307 5424 1711 5520; baseline -0.007 -21"><span class='ocrx_word' id='word_1_400' title='bbox 307 5440 503 5520; x_wconf 89' lang='lat' dir='ltr'>petuamque</span> <span class='ocrx_word' id='word_1_401' title='bbox 531 5432 714 5498; x_wconf 88' lang='lat' dir='ltr'>firmitatem</span> <span class='ocrx_word' id='word_1_402' title='bbox 743 5438 928 5518; x_wconf 88' lang='lat' dir='ltr'>praesentes</span> <span class='ocrx_word' id='word_1_403' title='bbox 957 5430 1174 5495; x_wconf 85' lang='lat' dir='ltr'>concessimus</span> <span class='ocrx_word' id='word_1_404' title='bbox 1203 5427 1310 5491; x_wconf 86' lang='lat' dir='ltr'>literas</span> <span class='ocrx_word' id='word_1_405' title='bbox 1344 5433 1470 5491; x_wconf 86' lang='lat' dir='ltr'>nostras</span> <span class='ocrx_word' id='word_1_406' title='bbox 1497 5424 1711 5510; x_wconf 83' lang='lat' dir='ltr'>privilegiales</span> 
     </span>
    </p>

    <p class='ocr_par' dir='ltr' id='par_1_16' title="bbox 1557 5543 1606 5599">
     <span class='ocr_line' id='line_1_46' title="bbox 1557 5543 1606 5599; baseline 0 0"><span class='ocrx_word' id='word_1_407' title='bbox 1557 5543 1606 5599; x_wconf 79' lang='lat'>22·</span> 
     </span>
    </p>
   </div>
   <div class='ocr_carea' id='block_1_7' title="bbox 0 0 2073 6292">
    <p class='ocr_par' dir='ltr' id='par_1_17' title="bbox 0 0 2073 6292">
     <span class='ocr_line' id='line_1_47' title="bbox 0 0 2073 6292; baseline 0 0"><span class='ocrx_word' id='word_1_408' title='bbox 0 0 2073 6292; x_wconf 95' lang='lat' dir='ltr'> </span> 
     </span>
    </p>
   </div>
  </div>
 </body>
</html>
