4106 6294
951 592 1014 659 239

297 830 299 833 .
346 810 350 817 ·
384 777 439 835 Am
449 783 476 834 8.
486 777 634 834 December
647 780 717 833 1310
725 778 862 834 urkundet
871 778 966 849 Kduip
976 779 1051 834 Korl
1061 796 1124 834 rum
1136 778 1282 833 adrumeti
1292 778 1343 845 fdr
1352 777 1396 831 die
1405 777 1529 831 deutsche
1539 776 1683 831 Noobbar·

384 865 459 921 dodi
477 865 557 933 Dedo,
582 865 636 919 Nr.
649 869 709 933 321,
734 866 828 921 welcbc
852 866 895 921 (tls
919 868 967 921 dor·
986 867 1177 921 bedcuteudere
1198 865 1248 920 Ort
1272 864 1342 917 wohl
1362 864 1459 931 srdber
1479 863 1685 933 laudadatur

384 953 495 1006 worden
512 951 549 1006 iet
568 952 610 1005 als
628 952 681 1007 das
698 953 815 1007 kleiuere
828 954 984 1008 Dee'sokua.
1009 954 1082 1006 Weil
1101 971 1146 1007 am
1163 957 1188 1007 4.
1201 953 1266 1006 Mai
1278 955 1346 1005 1320
1365 951 1439 1005 boida
1455 950 1527 1017 orte,
1545 949 1618 1004 Dece
1634 950 1684 1003 wie

385 1038 541 1105 Deeratne,
567 1054 620 1093 ooo
637 1038 733 1107 Kduip
750 1038 825 1092 Karl
850 1041 893 1094 ola
910 1041 959 1094 ruit
978 1041 1137 1095 Freibeiten
1156 1040 1251 1109 bepobt
1276 1038 1398 1093 aarum
1416 1038 1532 1103 werden,
1556 1053 1620 1105 mag
1638 1037 1683 1089 die

384 1125 554 1195 miserendo
577 1125 707 1181 ortunae
723 1126 856 1181 madan
874 1128 919 1182 die
937 1128 1033 1183 bridus
1049 1132 1206 1198 peuaauten
1228 1125 1378 1181 Urtuadeu
1399 1124 1486 1178 dieser
1505 1123 1615 1193 Koaipa
1632 1139 1682 1176 ou·

382 1217 508 1268 morea
525 1213 593 1267 aeia.

435 1388 574 1454 Karalus
597 1390 647 1454 dei
667 1390 769 1473 gratia
782 1389 976 1473 Hungariae,
999 1388 1189 1471 Dalmaciae,
1212 1389 1370 1469 Graeciae,
1393 1389 1520 1469 Romae,
1544 1387 1683 1470 Samiae,

281 1494 439 1575 Gallicum,
463 1493 677 1576 Lodomeriae,
698 1476 867 1577 Bulgariae
883 1494 1117 1576 Comaniaeque
1133 1515 1191 1558 rex
1209 1495 1367 1558 universis
1383 1499 1447 1557 tam
1463 1492 1684 1577 praesentibus

282 1618 378 1680 quam
394 1599 511 1661 futuris
527 1590 645 1680 quibus
660 1599 790 1681 expedit
805 1620 955 1682 praesens
971 1599 1125 1682 scriptum
1144 1599 1335 1681 inspecturis
1356 1597 1490 1660 salutem
1506 1597 1540 1658 in
1556 1596 1683 1658 domiuo

213 1707 247 1760 10
282 1702 447 1765 salvatore.
469 1700 570 1764 Decet
593 1702 711 1783 regiam
734 1702 954 1765 excellentiam
977 1721 1109 1765 suorum
1133 1702 1332 1765 subditomm
1357 1701 1460 1782 dignis
1482 1718 1612 1782 precum
1635 1699 1685 1760 in-

281 1805 406 1870 stantiis
428 1811 461 1870 et
482 1806 575 1869 iustis
596 1805 883 1888 supplicationibus
906 1808 1048 1869 animum
1070 1806 1233 1873 inclinare.
1260 1807 1319 1869 hoc
1342 1805 1427 1870 enim
1451 1803 1528 1865 ordo
1551 1803 1631 1865 iuris
1653 1807 1685 1891 et

281 1910 372 1993 vigor
402 1909 502 1992 exigit
530 1908 707 1990 aequitatis,
742 1914 778 1973 ut
807 1911 949 1993 ipsorum
980 1911 1190 1973 numerositas
1221 1911 1254 1972 in
1285 1910 1423 1973 servitiis
1452 1908 1621 1972 meritoriis
1652 1911 1684 1971 et

282 2013 432 2099 oporibus
453 2012 613 2077 fidelitatis
635 2017 797 2095 augeatur.
820 2012 959 2076 Proinde
982 2013 1021 2076 ad
1042 2013 1269 2076 universorum
1294 2013 1434 2076 notitiam
1459 2018 1570 2075 tenore
1593 2031 1683 2096 prae-

281 2119 418 2182 sentium
450 2117 599 2180 volumus
621 2117 798 2201 pervenire,
830 2118 916 2199 quod
939 2118 1079 2200 hospites
1107 2118 1207 2181 nostri
1240 2117 1279 2181 de
1301 2117 1449 2181 Desalna
1471 2117 1510 2179 ad
1542 2122 1684 2179 nostram

214 2227 246 2279 15
282 2221 469 2285 accedentes
491 2221 701 2304 praesentiam
718 2220 810 2283 nobis
827 2221 935 2284 literas
958 2221 1170 2304 privilegiales
1185 2222 1304 2284 domiui
1321 2222 1469 2284 Andreae
1491 2222 1575 2301 regis
1589 2220 1684 2283 Hun-

280 2325 386 2407 gariae
419 2324 672 2407 praedecessoris
702 2325 801 2387 nostri
837 2325 991 2388 carissimi
1024 2324 1124 2388 felicis
1154 2324 1382 2388 recordationis
1413 2343 1509 2406 super
1542 2325 1683 2407 ipsorum

280 2427 425 2492 libertate
440 2428 601 2492 confectas
624 2428 849 2507 exhibuerunt,
865 2448 924 2492 nos
944 2435 1086 2512 petentes
1110 2449 1183 2491 cum
1199 2428 1349 2492 instantia
1372 2428 1524 2510 diligenti,
1547 2434 1584 2490 ut
1599 2429 1683 2510 ipsas

280 2530 444 2614 notificare,
475 2531 650 2616 approbare
684 2536 716 2595 et
749 2531 936 2596 confirmare
971 2532 1182 2616 dignaremur.
1221 2530 1363 2608 Quarum
1397 2537 1489 2595 tenor
1524 2532 1595 2595 talis
1626 2537 1681 2595 est.

280 2633 385 2720 (Fotqr
407 2635 456 2700 die
486 2633 632 2699 Urlcuude
653 2636 705 2699 des
726 2634 845 2720 Kdaipa
859 2636 1003 2700 Andreas
1025 2634 1092 2700 ΠΙ.
1118 2657 1172 2699 ooo
1196 2636 1278 2698 1291
1300 2633 1357 2699 Nr.
1380 2635 1448 2697 239
1473 2635 1538 2698 rond
1558 2635 1689 2714 bierouf
1731 2637 1736 2651 '

212 2745 247 2801 20
282 2738 476 2803 uamaauar
498 2739 552 2804 der
569 2738 692 2803 Schloos
706 2739 761 2803 der
784 2737 930 2804 Urkoode
945 2740 996 2803 dee
1010 2738 1306 2803 Kolozsmouoatorcr
1323 2737 1475 2802 Kouroula
1498 2737 1684 2818 oon1447.)

938 3050 1033 3133 324.

357 3217 465 3286 1310.
516 3212 660 3286 Collatio
693 3214 778 3286 eolis
805 3215 954 3303 fodinae
993 3213 1198 3286 Tbordeuais
1237 3214 1387 3305 capitolo
1423 3214 1582 3285 emledoe
1619 3213 1681 3284 At

281 3336 392 3409 beruco
411 3336 525 3423 foeta.

166 3527 175 3531 .
437 3483 549 3551 Reoeob
570 3482 643 3537 Bake
662 3481 861 3551 Oeimjcpyaeke
879 3488 912 3537 64
931 3484 1079 3573 abeodem
1099 3484 1174 3552 Orip.
1196 3482 1405 3551 Kopitelorcbio
1424 3482 1590 3551 Kardaborp.
1619 3482 1683 3536 Dos

211 3570 245 3624 25
361 3599 366 3607 ·
388 3570 518 3640 Oripiool
534 3570 583 3623 bot
600 3568 658 3623 siclt
676 3569 796 3623 doeelbst
814 3569 888 3622 nicht
906 3571 1100 3639 eorpesundeu.

939 3862 1031 3948 325.

364 4029 454 4118 Ofea
480 4032 573 4100 1311
598 4028 758 4100 Feuaar
784 4031 848 4100 24.
880 4029 998 4120 Kdaip
1023 4030 1118 4102 Korl
1143 4030 1285 4101 vaura
1310 4029 1463 4115 dodoau,
1492 4030 1569 4101 dem
1588 4027 1683 4101 Solea

284 4151 434 4225 oroma
459 4174 524 4224 ooo
551 4149 708 4237 Betria,
741 4151 953 4239 Petteudors.

437 4314 639 4383 Eiupcreboltet
656 4331 710 4367 *ooo
725 4314 820 4383 Kduip
835 4315 909 4368 Korl
928 4320 1003 4382 1314,
1025 4315 1101 4383 Orip.
1125 4316 1229 4383 Unger.
1248 4315 1509 4367 Notiouolmueeam
1527 4314 1679 4381 Bodopart.

211 4434 246 4489 30
436 4435 548 4489 Druck:
567 4434 655 4502 Fejer
675 4434 765 4490 Codex
788 4436 876 4502 VIII,
895 4442 919 4503 1,
937 4441 997 4492 395.

437 4556 623 4611 ammonae:
641 4556 757 4611 Kotoaa
776 4557 851 4611 Hier.
870 4558 930 4613 crit.
954 4556 1042 4624 VIII,
1060 4562 1120 4612 212.

436 4731 501 4795 Nos
531 4731 669 4795 Karalus
699 4732 749 4796 dei
779 4734 880 4814 gratia
910 4754 968 4797 rex
997 4734 1181 4815 Huugariae
1217 4735 1386 4797 memoriae
1419 4733 1680 4797 commendantes

281 4834 496 4917 significamus
518 4842 628 4899 tenore
650 4837 865 4919 praesentium
890 4837 1007 4918 quibus
1030 4838 1160 4920 expedit
1176 4839 1343 4915 universia
1368 4837 1454 4918 quod
1477 4856 1536 4900 nos
1551 4841 1681 4920 propter

280 4936 447 5002 fidelitates
480 4945 512 5001 et
544 4940 674 5002 servitia
708 4940 867 5002 meritoria
895 4939 1052 5004 Jolrannis
1084 4940 1141 5004 filii
1172 4940 1298 5005 Geubul
1334 4941 1373 5004 de
1404 4940 1563 5019 Bezteroa
1599 4960 1682 5021 quae

211 5049 245 5103 35
281 5040 373 5105 nobis
402 5043 437 5105 in
466 5041 575 5107 multis
605 5045 723 5107 nostris
752 5043 843 5107 iactis
865 5050 896 5106 ot
920 5044 1050 5125 agendis
1073 5064 1147 5107 cum
1179 5045 1265 5107 omni
1292 5044 1418 5108 fervore
1440 5042 1601 5107 fidelitatis
1623 5063 1679 5106 ex-

278 5144 382 5210 hibuit
411 5152 444 5210 et
465 5146 628 5230 impendit,
659 5147 820 5228 quandam
850 5147 1081 5229 possessiouem
1108 5148 1295 5212 Pettendod
1317 5152 1462 5212 vocatam
1488 5147 1572 5210 inter
1597 5146 1677 5211 Jaad

279 5255 312 5314 et
334 5249 422 5334 alpes
450 5251 484 5313 in
514 5251 667 5315 comitatu
697 5250 736 5315 de
759 5251 909 5315 Bezterce
932 5251 1133 5332 existentem,
1165 5270 1248 5333 quae
1270 5259 1319 5315 est
1341 5258 1426 5315 terra
1448 5250 1563 5334 regalis
1586 5256 1618 5313 et
1641 5251 1681 5313 ad

279 5359 421 5418 nostram
436 5355 600 5439 pertinens
615 5355 825 5437 collationem,
848 5354 994 5418 dedimus
1010 5355 1121 5436 eidem,
1145 5354 1335 5419 donavimus
1350 5360 1382 5419 et
1397 5354 1591 5419 contulimus
1607 5375 1681 5418 oum

280 5457 430 5522 omnibus
460 5459 651 5522 utilitatibus
681 5460 748 5522 auis
778 5464 810 5523 et
839 5458 1039 5542 pertinentiis
1069 5477 1105 5521 ac
1127 5477 1184 5541 per
1206 5477 1281 5522 eum
1307 5459 1373 5523 suis
1396 5457 1566 5523 heredibus
1591 5459 1680 5523 here-
