4088 6292
998 617 1153 716 323-

528 809 710 893 Capitulum
733 807 884 873 ecclesiae
906 808 1125 875 waradiensis
1148 809 1296 872 omnibns
1318 808 1433 873 Christi
1455 808 1604 873 fidelibus
1626 807 1667 873 ad
1690 828 1772 892 quos

371 919 554 998 praesentes
576 913 781 996 pervenerint
802 912 938 977 salutem
960 913 994 975 in
1010 913 1153 977 omnium
1176 912 1342 977 salvatore.
1365 912 1411 976 Ut
1432 912 1531 977 silvae
1545 912 1631 977 foliis
1652 932 1772 998 pronos

370 1014 495 1098 mutan[
651 1016 693 1101 ]¹)
709 1017 810 1100 prima
828 1016 956 1097 cadunt,
979 1017 1024 1080 sic
1040 1016 1212 1080 verborum
1228 1022 1322 1079 vetus
1337 1016 1446 1080 interit
1467 1022 1554 1080 aetas
1569 1023 1602 1081 et
1616 1018 1771 1082 iuvenum

371 1123 436 1187 ritu
458 1121 574 1186 florent
596 1121 690 1184 modo
713 1125 788 1184 nata
810 1121 984 1203 vigentque
1007 1120 1160 1184 debemus
1182 1121 1278 1183 morti
1300 1139 1360 1184 nos
1383 1125 1564 1203 nostraque.
1603 1121 1652 1184 Ne
1675 1121 1772 1205 igitur

371 1246 423 1289 res
445 1232 552 1308 gestae
581 1226 615 1288 in
645 1231 786 1308 tempore
817 1229 848 1287 et
877 1225 1016 1288 maxime
1047 1224 1222 1288 oblationes
1252 1224 1365 1287 honori
1388 1224 1498 1287 divino
1520 1222 1549 1306 r[
1665 1224 1772 1310 1¹)ex
1807 1233 1824 1285 5

371 1330 423 1413 pia
456 1329 626 1393 devotione
648 1328 844 1412 prodeuntes
874 1328 914 1391 ad
936 1329 1036 1393 instar
1051 1329 1235 1392 cadivorum
1252 1329 1402 1392 fohorum
1424 1328 1519 1392 simul
1533 1329 1683 1394 labantur
1698 1350 1773 1394 cum

372 1438 523 1516 tempore,
545 1432 679 1516 provida
700 1432 866 1496 hominum
882 1434 1035 1515 sagacitas
1057 1433 1230 1515 adinvenit,
1253 1438 1291 1495 ut
1312 1432 1359 1495 rei
1374 1437 1480 1515 gestae
1496 1433 1594 1498 series
1609 1433 1773 1517 redigatur

373 1537 407 1600 in
438 1536 563 1619 scriptis
592 1555 650 1619 pro
680 1536 728 1599 rei
756 1536 908 1600 memoria
938 1534 1135 1620 peren[ni.]⁸)
1173 1536 1312 1600 Proinde
1338 1535 1379 1598 ad
1408 1537 1585 1619 praesentis
1606 1538 1718 1601 aetatis
1740 1544 1774 1601 et

374 1641 501 1704 futurae
515 1640 710 1723 posteritatis
725 1640 868 1703 notitiam
885 1642 1044 1723 praesenti
1067 1642 1184 1725 scripto
1199 1640 1350 1703 volumus
1365 1640 1541 1723 pervenire,
1565 1640 1651 1720 quod
1666 1658 1773 1704 eomes

373 1743 524 1808 Bozouch
545 1743 631 1807 filins
652 1743 733 1806 Inolr
756 1742 872 1807 nobilis
894 1763 1001 1806 eoram
1021 1744 1112 1807 nobis
1135 1742 1344 1827 personaliter
1359 1743 1554 1806 constitutus
1569 1749 1773 1828 prospectum
1810 1749 1844 1804 10

373 1845 527 1929 habens[
684 1847 724 1931 Γ)
748 1848 900 1911 creatoris
929 1848 979 1911 sui
1008 1849 1217 1913 reminiscens
1247 1848 1396 1931 diemque
1422 1847 1589 1911 messionis
1611 1854 1773 1912 extremae

373 1951 608 2017 misericordiae
624 1951 773 2035 operibus
788 1952 921 2035 cupiens
935 1953 1122 2036 praevenire
1145 1959 1257 2017 votum
1280 1972 1376 2017 suum
1397 1952 1520 2016 dudum
1542 1952 1694 2016 emissum
1716 1970 1773 2015 ex·

374 2056 511 2137 solvens,
539 2076 612 2120 cum
641 2056 703 2119 iam
733 2056 768 2118 in
790 2055 903 2120 diebus
931 2056 999 2118 suis
1028 2057 1233 2139 processisset
1263 2062 1296 2121 et
1324 2056 1477 2120 heredum
1508 2061 1630 2120 careret
1652 2056 1773 2138 solatio,

374 2159 540 2223 eeclesiam
562 2159 646 2223 beati
668 2159 842 2241 Mychaelis
873 2159 1053 2242 archangeli
1074 2160 1108 2222 in
1130 2160 1215 2224 Alba
1235 2159 1460 2224 'lhanssilvana
1487 2159 1546 2224 sibi
1569 2160 1601 2222 in
1625 2160 1774 2224 heredem

375 2264 547 2347 adoptavit
569 2263 678 2326 villam
700 2282 792 2328 suam
806 2263 917 2327 Bonna
938 2270 1082 2327 vocatam
1105 2265 1139 2326 in
1154 2266 1306 2327 comitatu
1329 2263 1368 2328 de
1383 2263 1529 2327 Knlrullu
1551 2265 1635 2328 inter
1656 2263 1773 2328 fluvios
1809 2271 1843 2323 15

374 2366 520 2432 Kulrullu
543 2368 742 2450 existentem,
771 2387 867 2449 quam
896 2386 938 2431 ex
969 2367 1137 2430 collatione
1160 2366 1280 2430 domini
1303 2367 1453 2450 Stephani
1483 2369 1567 2451 regis
1588 2367 1773 2450 Hungariae

375 2472 502 2535 inclitae
525 2471 752 2535 recordationis
767 2471 925 2535 mediante
948 2470 1114 2554 privilegio
1129 2471 1271 2535 eiusdem
1295 2471 1481 2535 confirmato
1497 2474 1593 2537 etiam
1607 2472 1773 2556 privilegio

376 2576 495 2639 domini
517 2574 655 2640 ladizlai
676 2578 761 2660 regis
783 2577 886 2640 clarae
908 2577 1079 2640 memoriae
1102 2581 1134 2639 et
1156 2576 1225 2640 aliis
1240 2577 1469 2658 instrumentis,
1493 2576 1611 2659 quibus
1632 2577 1774 2640 median-

375 2680 461 2744 tibus
483 2679 565 2742 dixit
587 2699 621 2743 se
642 2681 814 2765 possidere,
836 2700 893 2764 pro
912 2679 1052 2744 remedio
1075 2680 1199 2744 ammae
1221 2698 1298 2744 suae
1321 2685 1353 2743 et
1375 2699 1508 2743 suorum
1523 2680 1662 2763 capitulo
1684 2699 1775 2765 prae-

376 2784 478 2848 dictae
501 2783 651 2848 ecclesiae
674 2785 839 2849 confessus
871 2790 920 2848 est
941 2803 975 2848 se
998 2784 1131 2867 dedisse,
1155 2785 1290 2849 donasse
1313 2790 1346 2848 et
1366 2784 1542 2867 reliquisse,
1564 2790 1718 2869 perpetuo
1742 2792 1775 2849 et
1808 2787 1845 2844 20

375 2887 625 2952 irrevocabiliter
639 2889 872 2972 possidendam,
894 2895 927 2953 et
939 2889 1010 2972 ipsa
1024 2888 1190 2973 privilegia
1204 2910 1241 2953 ac
1257 2890 1478 2971 instrumente,
1501 2889 1620 2971 quibus
1634 2888 1775 2954 median·

376 2992 461 3056 tibus
483 2991 631 3076 possedit
653 2992 748 3056 simul
771 3012 845 3056 cum
868 2992 937 3077 ipsa
959 2992 1035 3055 villa
1055 2994 1118 3056 iam
1141 3014 1160 3057 a
1183 2998 1297 3075 quarto
1321 3013 1405 3056 anno
1427 2993 1576 3057 statuisse
1598 2992 1639 3056 ad
1660 3012 1776 3057 manus

376 3095 506 3180 capituli
529 3116 627 3180 snpra
650 3096 734 3159 dicti.
771 3095 813 3159 Et
834 3101 872 3160 ut
895 3093 996 3181 [haec]
1020 3097 1148 3161 donabo
1171 3103 1203 3160 et
1226 3097 1350 3161 collatio
1373 3104 1439 3161 tam
1461 3096 1598 3160 salubris
1619 3103 1774 3181 perpetuo

375 3205 566 3284 perseveret,
597 3204 781 3283 praesentes
803 3200 843 3262 ad
864 3201 1036 3264 instantem
1057 3201 1242 3284 petitionem
1266 3199 1408 3264 eiusdem
1431 3201 1646 3265 concessimus
1667 3201 1775 3265 literas

378 3304 472 3388 sigilli
494 3305 594 3368 nostri
617 3304 794 3367 munimine
815 3303 988 3368 roboratas.
1010 3303 1128 3368 Datum
1144 3304 1178 3366 in
1201 3303 1360 3367 dominica
1374 3302 1668 3388 Circumdederunt
1690 3325 1775 3370 anno
1810 3311 1845 3366 20

377 3409 498 3471 domini
526 3385 568 3471 il.
591 3384 691 3472 ὒῦὒ.
714 3408 863 3472 secundo.
895 3406 1057 3473 Demetrio
1079 3408 1268 3490 praeposito,
1290 3407 1435 3471 Invanlra
1450 3408 1576 3491 lectore,
1592 3408 1775 3473 Chanadino

378 3508 529 3595 [cantora
552 3511 690 3574 Martino
713 3512 846 3576 custode
868 3509 1129 3595 existentibusl.¹⁵)

1034 3861 1126 3949 tta.

453 4031 560 4101 1302
586 4027 746 4101 Febraear
770 4032 831 4103 18.
872 4030 999 4123 Propat
1024 4029 1165 4100 Martia
1196 4027 1271 4099 aad
1304 4027 1366 4099 der
1392 4027 1552 4100 Koneent
1578 4025 1641 4098 der
1667 4025 1775 4097 Prae

376 4156 644 4223 mammetem
677 4174 741 4223 oon
781 4150 1042 4225 Grcsswmdeta
1069 4151 1244 4240 00000900,
1280 4149 1362 4222 daea
1393 4148 1510 4220 Comes
1536 4147 1696 4220 Boamrcb
1721 4147 1776 4218 dic
1811 4164 1846 4219 eo

377 4272 462 4344 oilla
486 4271 647 4345 Bebasen
673 4272 750 4344 01000
785 4270 1066 4362 Weieseabarpcr
1091 4270 1237 4362 Kapitel
1258 4270 1439 4361 peacbealct
1464 4270 1534 4342 hat.

535 4435 612 4505 Orip.
630 4436 710 4505 Pero.
732 4435 941 4504 Kapitelarcbio
958 4433 1126 4502 Karleburp.
1164 4431 1253 4502 Slepel
1273 4450 1334 4487 war
1353 4433 1516 4503 0090100090,
1536 4432 1607 4499 Jetst
1623 4431 1674 4486 mit
1691 4400 1777 4487 dm

481 4520 565 4577 aare
582 4522 746 4593 Perpcatent
764 4521 973 4592 abpcscbm'ttca.

534 4642 647 4712 aym.-
670 4643 831 4697 raumzmr
849 4642 895 4696 ur
913 4645 989 4709 reae,
1007 4645 1068 4698 ore.

533 4818 691 4882 Martinus
720 4818 920 4903 praeposihrs
943 4824 975 4882 et
996 4822 1175 4882 conventus
1201 4818 1301 4882 sancti
1325 4816 1475 4901 Stephani
1498 4818 1537 4881 de
1559 4816 1777 4901 promontorio
1812 4821 1847 4877 35

377 4922 577 4987 Waradiensi
601 4922 749 4986 omnibus
772 4921 887 4986 Christi
909 4921 1057 4985 fidelibus
1080 4941 1232 5007 praesens
1254 4922 1407 5006 scriptum
1429 4921 1621 5006 inspecturis
1643 4920 1778 4984 salutem

534 5078 555 5145 ¹)
572 5075 673 5141 Lacte,
690 5079 734 5130 ab
755 5074 915 5131 centimeter
932 5074 1009 5129 broit.

532 5164 555 5230 ¹)
573 5166 617 5217 1·8
636 5161 748 5219 Oratim.

533 5252 555 5318 ⁸)
574 5253 616 5304 M
636 5248 749 5305 metm.

532 5340 554 5404 ⁴)
571 5340 589 5391 3
609 5335 721 5392 Oetam.
1812 5334 1849 5392 lo

533 5424 554 5491 ⁸)
578 5421 637 5492 Vqr.
655 5422 700 5477 die
722 5423 873 5479 Urbuaden
896 5423 945 5478 dea
964 5422 1206 5487 Groaawerdet'nar
1223 5424 1352 5495 chs'tale
1371 5427 1492 5480 oom18.
1511 5424 1643 5480 Fabam
1660 5424 1779 5480 rectia

379 5509 470 5565 00000
482 5509 597 5579 patrem
619 5508 671 5579 VI,
687 5513 740 5565 465
757 5509 817 5564 aad
833 5525 894 5565 omn
911 5514 954 5567 27.
972 5510 1044 5565 June*
1062 5514 1131 5566 1303
1147 5511 1180 5566 in
1198 5510 1295 5566 Horae·
1313 5511 1457 5571 orbabor
1475 5514 1538 5567 178.
