<?xml version="1.0" encoding="UTF-8"?>
<!DOCTYPE html PUBLIC "-//W3C//DTD XHTML 1.0 Transitional//EN"
    "http://www.w3.org/TR/xhtml1/DTD/xhtml1-transitional.dtd">
<html xmlns="http://www.w3.org/1999/xhtml" xml:lang="en" lang="en">
 <head>
  <title>
</title>
<meta http-equiv="Content-Type" content="text/html;charset=utf-8" />
  <meta name='ocr-system' content='tesseract 3.04.00' />
  <meta name='ocr-capabilities' content='ocr_page ocr_carea ocr_par ocr_line ocrx_word'/>
</head>
<body>
  <div class='ocr_page' id='page_1' title='image "./urkundenbuchzur00mlgoog_0332.png"; bbox 0 0 4106 6294; ppageno 0'>
   <div class='ocr_carea' id='block_1_1' title="bbox 930 634 1086 733">
    <p class='ocr_par' dir='ltr' id='par_1_1' title="bbox 930 634 1086 733">
     <span class='ocr_line' id='line_1_1' title="bbox 930 634 1086 733; baseline 0.006 -1"><span class='ocrx_word' id='word_1_1' title='bbox 930 634 1086 733; x_wconf 57' lang='lat' dir='ltr'>aa.</span> 
     </span>
    </p>
   </div>
   <div class='ocr_carea' id='block_1_2' title="bbox 239 824 1711 5170">
    <p class='ocr_par' dir='ltr' id='par_1_2' title="bbox 239 824 1711 5170">
     <span class='ocr_line' id='line_1_2' title="bbox 306 824 1704 910; baseline 0.001 -24"><span class='ocrx_word' id='word_1_2' title='bbox 306 824 412 887; x_wconf 78' lang='lat' dir='ltr'>tiotdis</span> <span class='ocrx_word' id='word_1_3' title='bbox 434 824 494 887; x_wconf 89' lang='lat' dir='ltr'>sibi</span> <span class='ocrx_word' id='word_1_4' title='bbox 516 824 606 887; x_wconf 81' lang='lat' dir='ltr'>lectis</span> <span class='ocrx_word' id='word_1_5' title='bbox 633 824 800 908; x_wconf 73' lang='lat' dir='ltr'>diligenter</span> <span class='ocrx_word' id='word_1_6' title='bbox 822 846 879 910; x_wconf 91' lang='lat' dir='ltr'>per</span> <span class='ocrx_word' id='word_1_7' title='bbox 901 827 1044 890; x_wconf 80' lang='lat' dir='ltr'>ordinem</span> <span class='ocrx_word' id='word_1_8' title='bbox 1067 833 1100 891; x_wconf 91' lang='lat' dir='ltr'>et</span> <span class='ocrx_word' id='word_1_9' title='bbox 1114 828 1270 895; x_wconf 79' lang='lat' dir='ltr'>distinete,</span> <span class='ocrx_word' id='word_1_10' title='bbox 1293 826 1376 890; x_wconf 87' lang='lat' dir='ltr'>dixit</span> <span class='ocrx_word' id='word_1_11' title='bbox 1396 826 1490 907; x_wconf 79' lang='lat' dir='ltr'>idem,</span> <span class='ocrx_word' id='word_1_12' title='bbox 1513 827 1597 890; x_wconf 90' lang='lat' dir='ltr'>utin</span> <span class='ocrx_word' id='word_1_13' title='bbox 1621 826 1704 890; x_wconf 88' lang='lat' dir='ltr'>dioto</span> 
     </span>
     <span class='ocr_line' id='line_1_3' title="bbox 305 910 1705 1014; baseline 0.004 -25"><span class='ocrx_word' id='word_1_14' title='bbox 305 928 407 1012; x_wconf 91' lang='lat' dir='ltr'>primo</span> <span class='ocrx_word' id='word_1_15' title='bbox 431 927 572 990; x_wconf 84' lang='lat' dir='ltr'>articulo.</span> <span class='ocrx_word' id='word_1_16' title='bbox 596 928 676 992; x_wconf 90' lang='lat' dir='ltr'>Item</span> <span class='ocrx_word' id='word_1_17' title='bbox 700 930 913 1012; x_wconf 87' lang='lat' dir='ltr'>interrogatus</span> <span class='ocrx_word' id='word_1_18' title='bbox 929 950 1026 1014; x_wconf 86' lang='lat' dir='ltr'>super</span> <span class='ocrx_word' id='word_1_19' title='bbox 1051 910 1119 994; x_wconf 88' lang='lat' dir='ltr'>VII.</span> <span class='ocrx_word' id='word_1_20' title='bbox 1143 931 1285 1011; x_wconf 70' lang='lat' dir='ltr'>articulo,</span> <span class='ocrx_word' id='word_1_21' title='bbox 1311 932 1366 1012; x_wconf 91' lang='lat' dir='ltr'>qui</span> <span class='ocrx_word' id='word_1_22' title='bbox 1381 931 1493 1014; x_wconf 79' lang='lat' dir='ltr'>incipit</span> <span class='ocrx_word' id='word_1_23' title='bbox 1514 931 1596 995; x_wconf 90' lang='lat' dir='ltr'>Item</span> <span class='ocrx_word' id='word_1_24' title='bbox 1620 932 1705 1013; x_wconf 93' lang='lat' dir='ltr'>quod</span> 
     </span>
     <span class='ocr_line' id='line_1_4' title="bbox 306 1031 1706 1118; baseline 0.004 -26"><span class='ocrx_word' id='word_1_25' title='bbox 306 1032 389 1095; x_wconf 88' lang='lat' dir='ltr'>iuter</span> <span class='ocrx_word' id='word_1_26' title='bbox 411 1031 606 1114; x_wconf 84' lang='lat' dir='ltr'>praedictum</span> <span class='ocrx_word' id='word_1_27' title='bbox 629 1031 803 1114; x_wconf 79' lang='lat' dir='ltr'>capitulum</span> <span class='ocrx_word' id='word_1_28' title='bbox 828 1041 858 1095; x_wconf 88' lang='lat' dir='ltr'>et</span> <span class='ocrx_word' id='word_1_29' title='bbox 881 1041 987 1097; x_wconf 74' lang='lat' dir='ltr'>cetera</span> <span class='ocrx_word' id='word_1_30' title='bbox 1009 1036 1091 1098; x_wconf 88' lang='lat' dir='ltr'>dixit</span> <span class='ocrx_word' id='word_1_31' title='bbox 1114 1056 1189 1098; x_wconf 81' lang='lat' dir='ltr'>vera</span> <span class='ocrx_word' id='word_1_32' title='bbox 1212 1054 1290 1101; x_wconf 81' lang='lat' dir='ltr'>esse.</span> <span class='ocrx_word' id='word_1_33' title='bbox 1320 1052 1401 1116; x_wconf 88' lang='lat' dir='ltr'>quae</span> <span class='ocrx_word' id='word_1_34' title='bbox 1424 1036 1457 1097; x_wconf 93' lang='lat' dir='ltr'>in</span> <span class='ocrx_word' id='word_1_35' title='bbox 1480 1035 1548 1118; x_wconf 90' lang='lat' dir='ltr'>ipso</span> <span class='ocrx_word' id='word_1_36' title='bbox 1572 1034 1706 1098; x_wconf 83' lang='lat' dir='ltr'>articulo</span> 
     </span>
     <span class='ocr_line' id='line_1_5' title="bbox 307 1135 1707 1219; baseline 0.004 -24"><span class='ocrx_word' id='word_1_37' title='bbox 307 1135 519 1198; x_wconf 88' lang='lat' dir='ltr'>eontinentur.</span> <span class='ocrx_word' id='word_1_38' title='bbox 536 1135 754 1215; x_wconf 83' lang='lat' dir='ltr'>Interrogatus</span> <span class='ocrx_word' id='word_1_39' title='bbox 771 1138 929 1217; x_wconf 91' lang='lat' dir='ltr'>quomodo</span> <span class='ocrx_word' id='word_1_40' title='bbox 942 1139 1009 1207; x_wconf 76' lang='lat' dir='ltr'>seit,</span> <span class='ocrx_word' id='word_1_41' title='bbox 1023 1138 1105 1201; x_wconf 85' lang='lat' dir='ltr'>dixit</span> <span class='ocrx_word' id='word_1_42' title='bbox 1120 1138 1196 1219; x_wconf 92' lang='lat' dir='ltr'>quia</span> <span class='ocrx_word' id='word_1_43' title='bbox 1207 1138 1287 1201; x_wconf 90' lang='lat' dir='ltr'>vidit</span> <span class='ocrx_word' id='word_1_44' title='bbox 1298 1138 1369 1201; x_wconf 90' lang='lat' dir='ltr'>illos</span> <span class='ocrx_word' id='word_1_45' title='bbox 1382 1139 1421 1202; x_wconf 92' lang='lat' dir='ltr'>de</span> <span class='ocrx_word' id='word_1_46' title='bbox 1433 1138 1557 1202; x_wconf 81' lang='lat' dir='ltr'>OibInio</span> <span class='ocrx_word' id='word_1_47' title='bbox 1573 1157 1707 1202; x_wconf 83' lang='lat' dir='ltr'>eonver-</span> 
     </span>
     <span class='ocr_line' id='line_1_6' title="bbox 255 1239 1706 1326; baseline 0.004 -28"><span class='ocrx_word' id='word_1_48' title='bbox 255 1247 271 1298; x_wconf 81' lang='lat'>5</span> <span class='ocrx_word' id='word_1_49' title='bbox 307 1239 369 1301; x_wconf 89' lang='lat' dir='ltr'>sari</span> <span class='ocrx_word' id='word_1_50' title='bbox 384 1258 456 1302; x_wconf 89' lang='lat' dir='ltr'>oum</span> <span class='ocrx_word' id='word_1_51' title='bbox 474 1239 566 1302; x_wconf 85' lang='lat' dir='ltr'>dietis</span> <span class='ocrx_word' id='word_1_52' title='bbox 589 1239 628 1301; x_wconf 94' lang='lat' dir='ltr'>de</span> <span class='ocrx_word' id='word_1_53' title='bbox 650 1240 788 1323; x_wconf 74' lang='lat' dir='ltr'>capitulo</span> <span class='ocrx_word' id='word_1_54' title='bbox 799 1241 1023 1304; x_wconf 77' lang='lat' dir='ltr'>Transsiluano</span> <span class='ocrx_word' id='word_1_55' title='bbox 1040 1250 1072 1305; x_wconf 93' lang='lat' dir='ltr'>et</span> <span class='ocrx_word' id='word_1_56' title='bbox 1094 1261 1282 1306; x_wconf 79' lang='lat' dir='ltr'>econverso</span> <span class='ocrx_word' id='word_1_57' title='bbox 1298 1243 1399 1305; x_wconf 80' lang='lat' dir='ltr'>dirtos</span> <span class='ocrx_word' id='word_1_58' title='bbox 1414 1243 1454 1306; x_wconf 90' lang='lat' dir='ltr'>de</span> <span class='ocrx_word' id='word_1_59' title='bbox 1471 1242 1610 1326; x_wconf 81' lang='lat' dir='ltr'>capitulo</span> <span class='ocrx_word' id='word_1_60' title='bbox 1633 1262 1706 1305; x_wconf 89' lang='lat' dir='ltr'>oum</span> 
     </span>
     <span class='ocr_line' id='line_1_7' title="bbox 307 1343 1707 1428; baseline 0.003 -23"><span class='ocrx_word' id='word_1_61' title='bbox 307 1343 489 1406; x_wconf 89' lang='lat' dir='ltr'>homiuibus</span> <span class='ocrx_word' id='word_1_62' title='bbox 506 1344 544 1407; x_wconf 92' lang='lat' dir='ltr'>de</span> <span class='ocrx_word' id='word_1_63' title='bbox 557 1343 679 1406; x_wconf 86' lang='lat' dir='ltr'>Cibinio</span> <span class='ocrx_word' id='word_1_64' title='bbox 696 1344 728 1406; x_wconf 95' lang='lat' dir='ltr'>in</span> <span class='ocrx_word' id='word_1_65' title='bbox 745 1364 821 1427; x_wconf 83' lang='lat' dir='ltr'>pare</span> <span class='ocrx_word' id='word_1_66' title='bbox 837 1350 868 1408; x_wconf 91' lang='lat' dir='ltr'>et</span> <span class='ocrx_word' id='word_1_67' title='bbox 884 1345 1112 1427; x_wconf 77' lang='lat' dir='ltr'>tranquillitate</span> <span class='ocrx_word' id='word_1_68' title='bbox 1129 1354 1290 1428; x_wconf 79' lang='lat' dir='ltr'>tamquam</span> <span class='ocrx_word' id='word_1_69' title='bbox 1304 1346 1422 1410; x_wconf 81' lang='lat' dir='ltr'>aurieos</span> <span class='ocrx_word' id='word_1_70' title='bbox 1439 1366 1458 1409; x_wconf 88' lang='lat' dir='ltr'>a</span> <span class='ocrx_word' id='word_1_71' title='bbox 1473 1347 1565 1410; x_wconf 87' lang='lat' dir='ltr'>dietIs</span> <span class='ocrx_word' id='word_1_72' title='bbox 1580 1346 1707 1409; x_wconf 92' lang='lat' dir='ltr'>duobus</span> 
     </span>
     <span class='ocr_line' id='line_1_8' title="bbox 306 1447 1708 1533; baseline 0.003 -24"><span class='ocrx_word' id='word_1_73' title='bbox 306 1448 399 1510; x_wconf 91' lang='lat' dir='ltr'>annis</span> <span class='ocrx_word' id='word_1_74' title='bbox 421 1447 501 1511; x_wconf 83' lang='lat' dir='ltr'>eitra</span> <span class='ocrx_word' id='word_1_75' title='bbox 523 1448 583 1521; x_wconf 79' lang='lat' dir='ltr'>et¹l</span> <span class='ocrx_word' id='word_1_76' title='bbox 607 1454 680 1512; x_wconf 90' lang='lat' dir='ltr'>aute</span> <span class='ocrx_word' id='word_1_77' title='bbox 703 1448 804 1512; x_wconf 86' lang='lat' dir='ltr'>dictos</span> <span class='ocrx_word' id='word_1_78' title='bbox 827 1449 908 1512; x_wconf 93' lang='lat' dir='ltr'>duos</span> <span class='ocrx_word' id='word_1_79' title='bbox 931 1469 1040 1512; x_wconf 88' lang='lat' dir='ltr'>annos.</span> <span class='ocrx_word' id='word_1_80' title='bbox 1077 1450 1294 1532; x_wconf 82' lang='lat' dir='ltr'>Interrogatus</span> <span class='ocrx_word' id='word_1_81' title='bbox 1317 1450 1349 1511; x_wconf 94' lang='lat' dir='ltr'>in</span> <span class='ocrx_word' id='word_1_82' title='bbox 1375 1449 1493 1532; x_wconf 88' lang='lat' dir='ltr'>quibus</span> <span class='ocrx_word' id='word_1_83' title='bbox 1516 1450 1602 1533; x_wconf 75' lang='lat' dir='ltr'>loeis,</span> <span class='ocrx_word' id='word_1_84' title='bbox 1626 1450 1708 1513; x_wconf 83' lang='lat' dir='ltr'>dixit</span> 
     </span>
     <span class='ocr_line' id='line_1_9' title="bbox 308 1551 1706 1637; baseline 0 -22"><span class='ocrx_word' id='word_1_85' title='bbox 308 1552 393 1633; x_wconf 91' lang='lat' dir='ltr'>quod</span> <span class='ocrx_word' id='word_1_86' title='bbox 424 1553 457 1614; x_wconf 94' lang='lat' dir='ltr'>in</span> <span class='ocrx_word' id='word_1_87' title='bbox 480 1551 657 1616; x_wconf 84' lang='lat' dir='ltr'>Milenbaoh</span> <span class='ocrx_word' id='word_1_88' title='bbox 688 1562 720 1615; x_wconf 88' lang='lat' dir='ltr'>ot</span> <span class='ocrx_word' id='word_1_89' title='bbox 742 1553 775 1615; x_wconf 91' lang='lat' dir='ltr'>In</span> <span class='ocrx_word' id='word_1_90' title='bbox 798 1553 867 1615; x_wconf 90' lang='lat' dir='ltr'>aliis</span> <span class='ocrx_word' id='word_1_91' title='bbox 891 1553 976 1616; x_wconf 83' lang='lat' dir='ltr'>loeis</span> <span class='ocrx_word' id='word_1_92' title='bbox 1022 1554 1240 1636; x_wconf 81' lang='lat' dir='ltr'>Interrogatus</span> <span class='ocrx_word' id='word_1_93' title='bbox 1272 1572 1354 1634; x_wconf 86' lang='lat' dir='ltr'>quae</span> <span class='ocrx_word' id='word_1_94' title='bbox 1382 1553 1514 1617; x_wconf 84' lang='lat' dir='ltr'>fuerunt</span> <span class='ocrx_word' id='word_1_95' title='bbox 1540 1553 1612 1617; x_wconf 92' lang='lat' dir='ltr'>illae</span> <span class='ocrx_word' id='word_1_96' title='bbox 1635 1573 1706 1637; x_wconf 91' lang='lat' dir='ltr'>per-</span> 
     </span>
     <span class='ocr_line' id='line_1_10' title="bbox 307 1656 1708 1738; baseline -0.001 -19"><span class='ocrx_word' id='word_1_97' title='bbox 307 1676 403 1719; x_wconf 90' lang='lat' dir='ltr'>sonae</span> <span class='ocrx_word' id='word_1_98' title='bbox 426 1657 499 1719; x_wconf 84' lang='lat' dir='ltr'>hiae</span> <span class='ocrx_word' id='word_1_99' title='bbox 521 1657 604 1725; x_wconf 79' lang='lat' dir='ltr'>iude.</span> <span class='ocrx_word' id='word_1_100' title='bbox 636 1676 717 1738; x_wconf 90' lang='lat' dir='ltr'>quae</span> <span class='ocrx_word' id='word_1_101' title='bbox 740 1658 784 1719; x_wconf 84' lang='lat' dir='ltr'>sir</span> <span class='ocrx_word' id='word_1_102' title='bbox 808 1664 1014 1721; x_wconf 83' lang='lat' dir='ltr'>eorrrersatao</span> <span class='ocrx_word' id='word_1_103' title='bbox 1037 1664 1121 1729; x_wconf 76' lang='lat' dir='ltr'>sunt,</span> <span class='ocrx_word' id='word_1_104' title='bbox 1151 1657 1233 1720; x_wconf 83' lang='lat' dir='ltr'>dixit</span> <span class='ocrx_word' id='word_1_105' title='bbox 1265 1658 1351 1738; x_wconf 93' lang='lat' dir='ltr'>quod</span> <span class='ocrx_word' id='word_1_106' title='bbox 1375 1676 1486 1720; x_wconf 91' lang='lat' dir='ltr'>omnes</span> <span class='ocrx_word' id='word_1_107' title='bbox 1506 1656 1653 1720; x_wconf 86' lang='lat' dir='ltr'>volentes</span> <span class='ocrx_word' id='word_1_108' title='bbox 1675 1662 1708 1720; x_wconf 93' lang='lat' dir='ltr'>et</span> 
     </span>
     <span class='ocr_line' id='line_1_11' title="bbox 240 1759 1708 1844; baseline 0.002 -25"><span class='ocrx_word' id='word_1_109' title='bbox 240 1769 272 1819; x_wconf 84' lang='lat' dir='ltr'>lo</span> <span class='ocrx_word' id='word_1_110' title='bbox 309 1761 364 1842; x_wconf 94' lang='lat' dir='ltr'>qui</span> <span class='ocrx_word' id='word_1_111' title='bbox 388 1761 562 1824; x_wconf 82' lang='lat' dir='ltr'>voluerunt</span> <span class='ocrx_word' id='word_1_112' title='bbox 583 1763 629 1824; x_wconf 89' lang='lat' dir='ltr'>ire</span> <span class='ocrx_word' id='word_1_113' title='bbox 653 1762 735 1824; x_wconf 84' lang='lat' dir='ltr'>illue.</span> <span class='ocrx_word' id='word_1_114' title='bbox 759 1762 977 1844; x_wconf 84' lang='lat' dir='ltr'>Interrogatus</span> <span class='ocrx_word' id='word_1_115' title='bbox 994 1760 1111 1843; x_wconf 89' lang='lat' dir='ltr'>quibus</span> <span class='ocrx_word' id='word_1_116' title='bbox 1134 1760 1364 1844; x_wconf 86' lang='lat' dir='ltr'>praesentibus,</span> <span class='ocrx_word' id='word_1_117' title='bbox 1388 1761 1469 1823; x_wconf 84' lang='lat' dir='ltr'>dixit</span> <span class='ocrx_word' id='word_1_118' title='bbox 1492 1760 1578 1842; x_wconf 92' lang='lat' dir='ltr'>quod</span> <span class='ocrx_word' id='word_1_119' title='bbox 1598 1759 1708 1822; x_wconf 88' lang='lat' dir='ltr'>multis</span> 
     </span>
     <span class='ocr_line' id='line_1_12' title="bbox 309 1863 1707 1948; baseline -0.001 -21"><span class='ocrx_word' id='word_1_120' title='bbox 309 1871 469 1946; x_wconf 88' lang='lat' dir='ltr'>tamquam</span> <span class='ocrx_word' id='word_1_121' title='bbox 500 1866 532 1926; x_wconf 91' lang='lat' dir='ltr'>in</span> <span class='ocrx_word' id='word_1_122' title='bbox 564 1865 633 1927; x_wconf 88' lang='lat' dir='ltr'>loeo</span> <span class='ocrx_word' id='word_1_123' title='bbox 656 1866 793 1948; x_wconf 85' lang='lat' dir='ltr'>publioo,</span> <span class='ocrx_word' id='word_1_124' title='bbox 824 1866 878 1927; x_wconf 91' lang='lat' dir='ltr'>ubi</span> <span class='ocrx_word' id='word_1_125' title='bbox 902 1884 1012 1927; x_wconf 89' lang='lat' dir='ltr'>omnes</span> <span class='ocrx_word' id='word_1_126' title='bbox 1035 1865 1074 1927; x_wconf 91' lang='lat' dir='ltr'>ad</span> <span class='ocrx_word' id='word_1_127' title='bbox 1106 1865 1312 1928; x_wconf 73' lang='lat' dir='ltr'>mercandum</span> <span class='ocrx_word' id='word_1_128' title='bbox 1335 1865 1567 1941; x_wconf 74' lang='lat' dir='ltr'>conveniunt.²l</span> <span class='ocrx_word' id='word_1_129' title='bbox 1603 1863 1707 1928; x_wconf 88' lang='lat' dir='ltr'>Inter·</span> 
     </span>
     <span class='ocr_line' id='line_1_13' title="bbox 308 1968 1704 2051; baseline 0 -21"><span class='ocrx_word' id='word_1_130' title='bbox 308 1978 437 2049; x_wconf 87' lang='lat' dir='ltr'>rogatus</span> <span class='ocrx_word' id='word_1_131' title='bbox 461 1970 532 2050; x_wconf 82' lang='lat' dir='ltr'>quis</span> <span class='ocrx_word' id='word_1_132' title='bbox 554 1970 628 2032; x_wconf 80' lang='lat' dir='ltr'>feeit</span> <span class='ocrx_word' id='word_1_133' title='bbox 651 1970 764 2031; x_wconf 84' lang='lat' dir='ltr'>dietam</span> <span class='ocrx_word' id='word_1_134' title='bbox 789 1988 897 2051; x_wconf 86' lang='lat' dir='ltr'>pacem</span> <span class='ocrx_word' id='word_1_135' title='bbox 922 1969 1005 2032; x_wconf 91' lang='lat' dir='ltr'>inter</span> <span class='ocrx_word' id='word_1_136' title='bbox 1027 1988 1091 2050; x_wconf 78' lang='lat' dir='ltr'>eoS,</span> <span class='ocrx_word' id='word_1_137' title='bbox 1114 1969 1197 2032; x_wconf 82' lang='lat' dir='ltr'>dixit</span> <span class='ocrx_word' id='word_1_138' title='bbox 1219 1969 1306 2051; x_wconf 91' lang='lat' dir='ltr'>quod</span> <span class='ocrx_word' id='word_1_139' title='bbox 1327 1968 1518 2032; x_wconf 77' lang='lat' dir='ltr'>I&#39;lreotoniei</span> <span class='ocrx_word' id='word_1_140' title='bbox 1563 1968 1704 2032; x_wconf 85' lang='lat' dir='ltr'>Interro-</span> 
     </span>
     <span class='ocr_line' id='line_1_14' title="bbox 307 2072 1708 2156; baseline 0.001 -21"><span class='ocrx_word' id='word_1_141' title='bbox 307 2078 400 2155; x_wconf 83' lang='lat' dir='ltr'>gatus</span> <span class='ocrx_word' id='word_1_142' title='bbox 422 2074 582 2155; x_wconf 91' lang='lat' dir='ltr'>quomodo</span> <span class='ocrx_word' id='word_1_143' title='bbox 606 2073 673 2151; x_wconf 83' lang='lat' dir='ltr'>soit,</span> <span class='ocrx_word' id='word_1_144' title='bbox 697 2073 778 2135; x_wconf 85' lang='lat' dir='ltr'>dixit</span> <span class='ocrx_word' id='word_1_145' title='bbox 802 2074 887 2154; x_wconf 92' lang='lat' dir='ltr'>quod</span> <span class='ocrx_word' id='word_1_146' title='bbox 912 2075 970 2136; x_wconf 87' lang='lat' dir='ltr'>seit</span> <span class='ocrx_word' id='word_1_147' title='bbox 994 2073 1048 2136; x_wconf 88' lang='lat' dir='ltr'>tali</span> <span class='ocrx_word' id='word_1_148' title='bbox 1071 2074 1174 2145; x_wconf 72' lang='lat' dir='ltr'>modo,</span> <span class='ocrx_word' id='word_1_149' title='bbox 1199 2074 1273 2155; x_wconf 91' lang='lat' dir='ltr'>quia</span> <span class='ocrx_word' id='word_1_150' title='bbox 1294 2072 1477 2136; x_wconf 82' lang='lat' dir='ltr'>Theotonioi</span> <span class='ocrx_word' id='word_1_151' title='bbox 1501 2073 1540 2136; x_wconf 93' lang='lat' dir='ltr'>de</span> <span class='ocrx_word' id='word_1_152' title='bbox 1563 2072 1708 2156; x_wconf 87' lang='lat' dir='ltr'>partibus</span> 
     </span>
     <span class='ocr_line' id='line_1_15' title="bbox 309 2175 1707 2259; baseline 0 -21"><span class='ocrx_word' id='word_1_153' title='bbox 309 2176 370 2239; x_wconf 90' lang='lat' dir='ltr'>illis</span> <span class='ocrx_word' id='word_1_154' title='bbox 392 2178 623 2240; x_wconf 85' lang='lat' dir='ltr'>destruxerunt</span> <span class='ocrx_word' id='word_1_155' title='bbox 646 2183 750 2239; x_wconf 87' lang='lat' dir='ltr'>turres</span> <span class='ocrx_word' id='word_1_156' title='bbox 773 2182 805 2239; x_wconf 89' lang='lat' dir='ltr'>et</span> <span class='ocrx_word' id='word_1_157' title='bbox 828 2177 978 2239; x_wconf 79' lang='lat' dir='ltr'>fortalitia</span> <span class='ocrx_word' id='word_1_158' title='bbox 1001 2177 1203 2259; x_wconf 89' lang='lat' dir='ltr'>quorundam</span> <span class='ocrx_word' id='word_1_159' title='bbox 1227 2176 1381 2239; x_wconf 87' lang='lat' dir='ltr'>nobilium</span> <span class='ocrx_word' id='word_1_160' title='bbox 1404 2176 1444 2239; x_wconf 88' lang='lat' dir='ltr'>de</span> <span class='ocrx_word' id='word_1_161' title='bbox 1466 2175 1610 2259; x_wconf 89' lang='lat' dir='ltr'>partibus</span> <span class='ocrx_word' id='word_1_162' title='bbox 1635 2176 1707 2257; x_wconf 83' lang='lat' dir='ltr'>illis,</span> 
     </span>
     <span class='ocr_line' id='line_1_16' title="bbox 242 2280 1707 2364; baseline 0 -23"><span class='ocrx_word' id='word_1_163' title='bbox 242 2292 272 2341; x_wconf 72' lang='grc' dir='ltr'>ιε’)</span> <span class='ocrx_word' id='word_1_164' title='bbox 310 2300 391 2362; x_wconf 93' lang='lat' dir='ltr'>quae</span> <span class='ocrx_word' id='word_1_165' title='bbox 415 2281 629 2364; x_wconf 85' lang='lat' dir='ltr'>impediebant</span> <span class='ocrx_word' id='word_1_166' title='bbox 652 2280 770 2343; x_wconf 92' lang='lat' dir='ltr'>bonum</span> <span class='ocrx_word' id='word_1_167' title='bbox 795 2288 913 2344; x_wconf 86' lang='lat' dir='ltr'>statum</span> <span class='ocrx_word' id='word_1_168' title='bbox 936 2288 968 2345; x_wconf 94' lang='lat' dir='ltr'>et</span> <span class='ocrx_word' id='word_1_169' title='bbox 990 2300 1098 2364; x_wconf 83' lang='lat' dir='ltr'>parem</span> <span class='ocrx_word' id='word_1_170' title='bbox 1115 2281 1305 2363; x_wconf 71' lang='lat' dir='ltr'>provinciae,</span> <span class='ocrx_word' id='word_1_171' title='bbox 1329 2280 1443 2342; x_wconf 87' lang='lat' dir='ltr'>etheo</span> <span class='ocrx_word' id='word_1_172' title='bbox 1466 2280 1549 2342; x_wconf 79' lang='lat' dir='ltr'>farto</span> <span class='ocrx_word' id='word_1_173' title='bbox 1572 2297 1614 2342; x_wconf 90' lang='lat' dir='ltr'>ex</span> <span class='ocrx_word' id='word_1_174' title='bbox 1629 2285 1707 2341; x_wconf 89' lang='lat' dir='ltr'>tuno</span> 
     </span>
     <span class='ocr_line' id='line_1_17' title="bbox 309 2379 1709 2468; baseline -0.001 -22"><span class='ocrx_word' id='word_1_175' title='bbox 309 2379 454 2448; x_wconf 79' lang='lat' dir='ltr'>iecerunt</span> <span class='ocrx_word' id='word_1_176' title='bbox 476 2385 673 2468; x_wconf 77' lang='lat' dir='ltr'>proclamari.</span> <span class='ocrx_word' id='word_1_177' title='bbox 697 2386 783 2466; x_wconf 92' lang='lat' dir='ltr'>quod</span> <span class='ocrx_word' id='word_1_178' title='bbox 807 2405 918 2448; x_wconf 88' lang='lat' dir='ltr'>omnes</span> <span class='ocrx_word' id='word_1_179' title='bbox 941 2385 1039 2448; x_wconf 90' lang='lat' dir='ltr'>libere</span> <span class='ocrx_word' id='word_1_180' title='bbox 1062 2392 1094 2447; x_wconf 90' lang='lat' dir='ltr'>et</span> <span class='ocrx_word' id='word_1_181' title='bbox 1117 2404 1227 2448; x_wconf 77' lang='lat' dir='ltr'>secure</span> <span class='ocrx_word' id='word_1_182' title='bbox 1250 2385 1342 2461; x_wconf 71' lang='lat' dir='ltr'>irent</span> <span class='ocrx_word' id='word_1_183' title='bbox 1369 2382 1511 2446; x_wconf 87' lang='lat' dir='ltr'>redirent</span> <span class='ocrx_word' id='word_1_184' title='bbox 1533 2389 1565 2445; x_wconf 92' lang='lat' dir='ltr'>et</span> <span class='ocrx_word' id='word_1_185' title='bbox 1587 2387 1709 2445; x_wconf 87' lang='lat' dir='ltr'>starent</span> 
     </span>
     <span class='ocr_line' id='line_1_18' title="bbox 308 2485 1707 2573; baseline -0.003 -22"><span class='ocrx_word' id='word_1_186' title='bbox 308 2509 365 2571; x_wconf 88' lang='lat' dir='ltr'>per</span> <span class='ocrx_word' id='word_1_187' title='bbox 386 2495 482 2552; x_wconf 91' lang='lat' dir='ltr'>totam</span> <span class='ocrx_word' id='word_1_188' title='bbox 507 2488 591 2552; x_wconf 88' lang='lat' dir='ltr'>illam</span> <span class='ocrx_word' id='word_1_189' title='bbox 621 2489 816 2571; x_wconf 79' lang='lat' dir='ltr'>proxinciam</span> <span class='ocrx_word' id='word_1_190' title='bbox 846 2498 877 2551; x_wconf 92' lang='lat' dir='ltr'>et</span> <span class='ocrx_word' id='word_1_191' title='bbox 908 2491 953 2551; x_wconf 85' lang='lat' dir='ltr'>sie</span> <span class='ocrx_word' id='word_1_192' title='bbox 975 2497 1085 2573; x_wconf 87' lang='lat' dir='ltr'>postea</span> <span class='ocrx_word' id='word_1_193' title='bbox 1107 2491 1261 2552; x_wconf 79' lang='lat' dir='ltr'>securitas</span> <span class='ocrx_word' id='word_1_194' title='bbox 1292 2488 1394 2570; x_wconf 77' lang='lat' dir='ltr'>alguit</span> <span class='ocrx_word' id='word_1_195' title='bbox 1416 2487 1459 2550; x_wconf 92' lang='lat' dir='ltr'>ibi</span> <span class='ocrx_word' id='word_1_196' title='bbox 1486 2485 1707 2567; x_wconf 87' lang='lat' dir='ltr'>usquemodo</span> 
     </span>
     <span class='ocr_line' id='line_1_19' title="bbox 309 2588 1707 2675; baseline -0.002 -20"><span class='ocrx_word' id='word_1_197' title='bbox 309 2604 341 2655; x_wconf 90' lang='lat' dir='ltr'>et</span> <span class='ocrx_word' id='word_1_198' title='bbox 363 2594 466 2657; x_wconf 88' lang='lat' dir='ltr'>adhue</span> <span class='ocrx_word' id='word_1_199' title='bbox 489 2595 582 2674; x_wconf 77' lang='lat' dir='ltr'>alget.</span> <span class='ocrx_word' id='word_1_200' title='bbox 621 2592 661 2655; x_wconf 81' lang='lat' dir='ltr'>Et</span> <span class='ocrx_word' id='word_1_201' title='bbox 684 2593 743 2655; x_wconf 86' lang='lat' dir='ltr'>ista</span> <span class='ocrx_word' id='word_1_202' title='bbox 766 2600 913 2655; x_wconf 82' lang='lat' dir='ltr'>ronstant</span> <span class='ocrx_word' id='word_1_203' title='bbox 944 2594 1003 2674; x_wconf 88' lang='lat' dir='ltr'>ipsi</span> <span class='ocrx_word' id='word_1_204' title='bbox 1035 2594 1106 2657; x_wconf 85' lang='lat' dir='ltr'>testi</span> <span class='ocrx_word' id='word_1_205' title='bbox 1137 2602 1299 2675; x_wconf 86' lang='lat' dir='ltr'>tamquam</span> <span class='ocrx_word' id='word_1_206' title='bbox 1324 2594 1378 2655; x_wconf 91' lang='lat' dir='ltr'>uni</span> <span class='ocrx_word' id='word_1_207' title='bbox 1407 2591 1446 2654; x_wconf 92' lang='lat' dir='ltr'>de</span> <span class='ocrx_word' id='word_1_208' title='bbox 1468 2589 1612 2674; x_wconf 89' lang='lat' dir='ltr'>partibus</span> <span class='ocrx_word' id='word_1_209' title='bbox 1634 2588 1707 2670; x_wconf 85' lang='lat' dir='ltr'>illis,</span> 
     </span>
     <span class='ocr_line' id='line_1_20' title="bbox 309 2694 1708 2780; baseline -0.003 -19"><span class='ocrx_word' id='word_1_210' title='bbox 309 2699 362 2779; x_wconf 93' lang='lat' dir='ltr'>qui</span> <span class='ocrx_word' id='word_1_211' title='bbox 387 2698 467 2761; x_wconf 85' lang='lat' dir='ltr'>vidit</span> <span class='ocrx_word' id='word_1_212' title='bbox 488 2705 520 2761; x_wconf 88' lang='lat' dir='ltr'>et</span> <span class='ocrx_word' id='word_1_213' title='bbox 542 2698 675 2769; x_wconf 72' lang='lat' dir='ltr'>sanstae</span> <span class='ocrx_word' id='word_1_214' title='bbox 719 2696 938 2778; x_wconf 82' lang='lat' dir='ltr'>Interrogatus</span> <span class='ocrx_word' id='word_1_215' title='bbox 967 2697 992 2759; x_wconf 92' lang='lat' dir='ltr'>si</span> <span class='ocrx_word' id='word_1_216' title='bbox 1024 2706 1097 2761; x_wconf 89' lang='lat' dir='ltr'>ante</span> <span class='ocrx_word' id='word_1_217' title='bbox 1127 2698 1242 2761; x_wconf 86' lang='lat' dir='ltr'>dietam</span> <span class='ocrx_word' id='word_1_218' title='bbox 1273 2716 1383 2780; x_wconf 79' lang='lat' dir='ltr'>paoem</span> <span class='ocrx_word' id='word_1_219' title='bbox 1414 2699 1505 2758; x_wconf 88' lang='lat' dir='ltr'>erant</span> <span class='ocrx_word' id='word_1_220' title='bbox 1526 2694 1708 2757; x_wconf 82' lang='lat' dir='ltr'>inimicitiae</span> 
     </span>
     <span class='ocr_line' id='line_1_21' title="bbox 239 2797 1708 2884; baseline -0.002 -21"><span class='ocrx_word' id='word_1_221' title='bbox 239 2810 273 2863; x_wconf 72' lang='lat'>20</span> <span class='ocrx_word' id='word_1_222' title='bbox 308 2803 392 2865; x_wconf 90' lang='lat' dir='ltr'>inter</span> <span class='ocrx_word' id='word_1_223' title='bbox 415 2822 478 2877; x_wconf 66' lang='lat' dir='ltr'>eos,</span> <span class='ocrx_word' id='word_1_224' title='bbox 509 2802 592 2865; x_wconf 88' lang='lat' dir='ltr'>dixit</span> <span class='ocrx_word' id='word_1_225' title='bbox 615 2802 701 2883; x_wconf 92' lang='lat' dir='ltr'>quod</span> <span class='ocrx_word' id='word_1_226' title='bbox 723 2802 786 2862; x_wconf 89' lang='lat' dir='ltr'>iam</span> <span class='ocrx_word' id='word_1_227' title='bbox 809 2808 885 2863; x_wconf 91' lang='lat' dir='ltr'>suut</span> <span class='ocrx_word' id='word_1_228' title='bbox 909 2801 1039 2884; x_wconf 89' lang='lat' dir='ltr'>triginta</span> <span class='ocrx_word' id='word_1_229' title='bbox 1061 2803 1144 2867; x_wconf 89' lang='lat' dir='ltr'>anni.</span> <span class='ocrx_word' id='word_1_230' title='bbox 1177 2801 1264 2884; x_wconf 91' lang='lat' dir='ltr'>quod</span> <span class='ocrx_word' id='word_1_231' title='bbox 1286 2800 1348 2863; x_wconf 82' lang='lat' dir='ltr'>tuit</span> <span class='ocrx_word' id='word_1_232' title='bbox 1371 2798 1526 2881; x_wconf 91' lang='lat' dir='ltr'>quaedam</span> <span class='ocrx_word' id='word_1_233' title='bbox 1550 2797 1708 2861; x_wconf 82' lang='lat' dir='ltr'>discordia</span> 
     </span>
     <span class='ocr_line' id='line_1_22' title="bbox 308 2901 1707 2988; baseline -0.004 -20"><span class='ocrx_word' id='word_1_234' title='bbox 308 2907 381 2969; x_wconf 85' lang='lat' dir='ltr'>hine</span> <span class='ocrx_word' id='word_1_235' title='bbox 403 2906 487 2975; x_wconf 79' lang='lat' dir='ltr'>iude,</span> <span class='ocrx_word' id='word_1_236' title='bbox 511 2905 565 2968; x_wconf 88' lang='lat' dir='ltr'>sed</span> <span class='ocrx_word' id='word_1_237' title='bbox 582 2905 768 2968; x_wconf 68' lang='lat' dir='ltr'>benedictus</span> <span class='ocrx_word' id='word_1_238' title='bbox 791 2905 904 2975; x_wconf 79' lang='lat' dir='ltr'>dietus,</span> <span class='ocrx_word' id='word_1_239' title='bbox 927 2906 1029 2988; x_wconf 90' lang='lat' dir='ltr'>sopita</span> <span class='ocrx_word' id='word_1_240' title='bbox 1048 2906 1109 2968; x_wconf 86' lang='lat' dir='ltr'>tuit</span> <span class='ocrx_word' id='word_1_241' title='bbox 1131 2913 1163 2968; x_wconf 90' lang='lat' dir='ltr'>et</span> <span class='ocrx_word' id='word_1_242' title='bbox 1185 2912 1240 2968; x_wconf 87' lang='lat' dir='ltr'>est.</span> <span class='ocrx_word' id='word_1_243' title='bbox 1263 2904 1482 2985; x_wconf 87' lang='lat' dir='ltr'>Interrogatus</span> <span class='ocrx_word' id='word_1_244' title='bbox 1498 2903 1525 2964; x_wconf 88' lang='lat' dir='ltr'>si</span> <span class='ocrx_word' id='word_1_245' title='bbox 1547 2908 1596 2964; x_wconf 86' lang='lat' dir='ltr'>est</span> <span class='ocrx_word' id='word_1_246' title='bbox 1613 2901 1707 2964; x_wconf 91' lang='lat' dir='ltr'>modo</span> 
     </span>
     <span class='ocr_line' id='line_1_23' title="bbox 308 3003 1708 3091; baseline -0.004 -20"><span class='ocrx_word' id='word_1_247' title='bbox 308 3009 415 3072; x_wconf 91' lang='lat' dir='ltr'>odium</span> <span class='ocrx_word' id='word_1_248' title='bbox 448 3010 531 3072; x_wconf 89' lang='lat' dir='ltr'>iuter</span> <span class='ocrx_word' id='word_1_249' title='bbox 561 3009 679 3071; x_wconf 85' lang='lat' dir='ltr'>dietum</span> <span class='ocrx_word' id='word_1_250' title='bbox 711 3008 884 3091; x_wconf 71' lang='lat' dir='ltr'>capitulum</span> <span class='ocrx_word' id='word_1_251' title='bbox 916 3016 949 3072; x_wconf 91' lang='lat' dir='ltr'>et</span> <span class='ocrx_word' id='word_1_252' title='bbox 978 3009 1078 3072; x_wconf 81' lang='lat' dir='ltr'>dictos</span> <span class='ocrx_word' id='word_1_253' title='bbox 1109 3009 1315 3087; x_wconf 73' lang='lat' dir='ltr'>Cibinienses</span> <span class='ocrx_word' id='word_1_254' title='bbox 1350 3007 1431 3070; x_wconf 87' lang='lat' dir='ltr'>dixit</span> <span class='ocrx_word' id='word_1_255' title='bbox 1462 3005 1548 3086; x_wconf 93' lang='lat' dir='ltr'>quod</span> <span class='ocrx_word' id='word_1_256' title='bbox 1582 3003 1708 3067; x_wconf 92' lang='lat' dir='ltr'>nullum</span> 
     </span>
     <span class='ocr_line' id='line_1_24' title="bbox 309 3110 1708 3194; baseline -0.002 -20"><span class='ocrx_word' id='word_1_257' title='bbox 309 3113 415 3175; x_wconf 91' lang='lat' dir='ltr'>odium</span> <span class='ocrx_word' id='word_1_258' title='bbox 441 3121 497 3179; x_wconf 82' lang='lat' dir='ltr'>est.</span> <span class='ocrx_word' id='word_1_259' title='bbox 528 3115 679 3194; x_wconf 90' lang='lat' dir='ltr'>quoniam</span> <span class='ocrx_word' id='word_1_260' title='bbox 711 3114 797 3176; x_wconf 73' lang='lat' dir='ltr'>ridet</span> <span class='ocrx_word' id='word_1_261' title='bbox 827 3134 881 3176; x_wconf 83' lang='lat' dir='ltr'>eos</span> <span class='ocrx_word' id='word_1_262' title='bbox 905 3114 1041 3175; x_wconf 72' lang='lat' dir='ltr'>Invicem</span> <span class='ocrx_word' id='word_1_263' title='bbox 1064 3113 1246 3176; x_wconf 84' lang='lat' dir='ltr'>rourarsmi</span> <span class='ocrx_word' id='word_1_264' title='bbox 1276 3122 1437 3194; x_wconf 90' lang='lat' dir='ltr'>tamquam</span> <span class='ocrx_word' id='word_1_265' title='bbox 1461 3128 1554 3173; x_wconf 83' lang='lat' dir='ltr'>veros</span> <span class='ocrx_word' id='word_1_266' title='bbox 1582 3110 1708 3172; x_wconf 86' lang='lat' dir='ltr'>amieos.</span> 
     </span>
     <span class='ocr_line' id='line_1_25' title="bbox 307 3213 1710 3299; baseline -0.001 -22"><span class='ocrx_word' id='word_1_267' title='bbox 307 3216 526 3299; x_wconf 83' lang='lat' dir='ltr'>Interrogatus</span> <span class='ocrx_word' id='word_1_268' title='bbox 549 3220 575 3278; x_wconf 85' lang='lat' dir='ltr'>si</span> <span class='ocrx_word' id='word_1_269' title='bbox 607 3218 680 3280; x_wconf 85' lang='lat' dir='ltr'>dieti</span> <span class='ocrx_word' id='word_1_270' title='bbox 705 3218 902 3281; x_wconf 85' lang='lat' dir='ltr'>GibiuIenses</span> <span class='ocrx_word' id='word_1_271' title='bbox 933 3217 1044 3281; x_wconf 80' lang='lat' dir='ltr'>fovent</span> <span class='ocrx_word' id='word_1_272' title='bbox 1074 3217 1174 3280; x_wconf 77' lang='lat' dir='ltr'>dictos</span> <span class='ocrx_word' id='word_1_273' title='bbox 1204 3217 1403 3290; x_wconf 79' lang='lat' dir='ltr'>adversarios</span> <span class='ocrx_word' id='word_1_274' title='bbox 1436 3213 1566 3297; x_wconf 81' lang='lat' dir='ltr'>capituli</span> <span class='ocrx_word' id='word_1_275' title='bbox 1599 3219 1710 3276; x_wconf 82' lang='lat' dir='ltr'>eontra</span> 
     </span>
     <span class='ocr_line' id='line_1_26' title="bbox 239 3318 1709 3405; baseline -0.001 -23"><span class='ocrx_word' id='word_1_276' title='bbox 239 3330 272 3383; x_wconf 71' lang='lat' dir='ltr'>aa</span> <span class='ocrx_word' id='word_1_277' title='bbox 310 3322 414 3403; x_wconf 88' lang='lat' dir='ltr'>ipsum</span> <span class='ocrx_word' id='word_1_278' title='bbox 443 3322 627 3403; x_wconf 80' lang='lat' dir='ltr'>capitulum,</span> <span class='ocrx_word' id='word_1_279' title='bbox 658 3322 740 3383; x_wconf 86' lang='lat' dir='ltr'>dixit</span> <span class='ocrx_word' id='word_1_280' title='bbox 771 3322 856 3402; x_wconf 94' lang='lat' dir='ltr'>quod</span> <span class='ocrx_word' id='word_1_281' title='bbox 882 3321 1056 3403; x_wconf 84' lang='lat' dir='ltr'>quamlibet</span> <span class='ocrx_word' id='word_1_282' title='bbox 1087 3329 1208 3405; x_wconf 88' lang='lat' dir='ltr'>partem</span> <span class='ocrx_word' id='word_1_283' title='bbox 1240 3326 1373 3399; x_wconf 74' lang='lat' dir='ltr'>tantum,</span> <span class='ocrx_word' id='word_1_284' title='bbox 1403 3325 1500 3403; x_wconf 91' lang='lat' dir='ltr'>prout</span> <span class='ocrx_word' id='word_1_285' title='bbox 1528 3320 1596 3402; x_wconf 88' lang='lat' dir='ltr'>ipse</span> <span class='ocrx_word' id='word_1_286' title='bbox 1619 3318 1709 3381; x_wconf 86' lang='lat' dir='ltr'>tastis</span> 
     </span>
     <span class='ocr_line' id='line_1_27' title="bbox 308 3420 1710 3508; baseline -0.001 -22"><span class='ocrx_word' id='word_1_287' title='bbox 308 3426 405 3488; x_wconf 88' lang='lat' dir='ltr'>sentit</span> <span class='ocrx_word' id='word_1_288' title='bbox 437 3431 469 3487; x_wconf 92' lang='lat' dir='ltr'>et</span> <span class='ocrx_word' id='word_1_289' title='bbox 499 3426 606 3488; x_wconf 83' lang='lat' dir='ltr'>eredit.</span> <span class='ocrx_word' id='word_1_290' title='bbox 651 3425 869 3508; x_wconf 87' lang='lat' dir='ltr'>Interrogatus</span> <span class='ocrx_word' id='word_1_291' title='bbox 904 3426 929 3489; x_wconf 89' lang='lat' dir='ltr'>si</span> <span class='ocrx_word' id='word_1_292' title='bbox 964 3426 1037 3488; x_wconf 79' lang='lat' dir='ltr'>dieti</span> <span class='ocrx_word' id='word_1_293' title='bbox 1070 3426 1267 3489; x_wconf 72' lang='lat' dir='ltr'>cibinienses</span> <span class='ocrx_word' id='word_1_294' title='bbox 1301 3424 1437 3488; x_wconf 87' lang='lat' dir='ltr'>libenter</span> <span class='ocrx_word' id='word_1_295' title='bbox 1470 3420 1710 3485; x_wconf 72' lang='lat' dir='ltr'>damnificarent</span> 
     </span>
     <span class='ocr_line' id='line_1_28' title="bbox 309 3527 1709 3612; baseline -0.001 -22"><span class='ocrx_word' id='word_1_296' title='bbox 309 3528 434 3610; x_wconf 82' lang='lat' dir='ltr'>publire</span> <span class='ocrx_word' id='word_1_297' title='bbox 465 3529 514 3591; x_wconf 85' lang='lat' dir='ltr'>rel</span> <span class='ocrx_word' id='word_1_298' title='bbox 546 3529 669 3591; x_wconf 81' lang='lat' dir='ltr'>ooeulte</span> <span class='ocrx_word' id='word_1_299' title='bbox 700 3529 819 3591; x_wconf 80' lang='lat' dir='ltr'>dietum</span> <span class='ocrx_word' id='word_1_300' title='bbox 842 3530 1026 3612; x_wconf 78' lang='lat' dir='ltr'>capitulum.</span> <span class='ocrx_word' id='word_1_301' title='bbox 1062 3530 1144 3592; x_wconf 82' lang='lat' dir='ltr'>dlxii</span> <span class='ocrx_word' id='word_1_302' title='bbox 1167 3529 1252 3611; x_wconf 93' lang='lat' dir='ltr'>quod</span> <span class='ocrx_word' id='word_1_303' title='bbox 1277 3548 1342 3591; x_wconf 89' lang='lat' dir='ltr'>non</span> <span class='ocrx_word' id='word_1_304' title='bbox 1364 3527 1465 3591; x_wconf 83' lang='lat' dir='ltr'>eredIt</span> <span class='ocrx_word' id='word_1_305' title='bbox 1487 3546 1544 3611; x_wconf 90' lang='lat' dir='ltr'>per</span> <span class='ocrx_word' id='word_1_306' title='bbox 1566 3544 1709 3607; x_wconf 88' lang='lat' dir='ltr'>eaquae</span> 
     </span>
     <span class='ocr_line' id='line_1_29' title="bbox 309 3611 1707 3716; baseline 0 -25"><span class='ocrx_word' id='word_1_307' title='bbox 309 3630 397 3693; x_wconf 80' lang='lat' dir='ltr'>ridet</span> <span class='ocrx_word' id='word_1_308' title='bbox 419 3632 569 3693; x_wconf 86' lang='lat' dir='ltr'>exterius.</span> <span class='ocrx_word' id='word_1_309' title='bbox 594 3632 673 3695; x_wconf 88' lang='lat' dir='ltr'>Item</span> <span class='ocrx_word' id='word_1_310' title='bbox 695 3633 909 3715; x_wconf 87' lang='lat' dir='ltr'>interrogatus</span> <span class='ocrx_word' id='word_1_311' title='bbox 925 3653 1021 3716; x_wconf 85' lang='lat' dir='ltr'>super</span> <span class='ocrx_word' id='word_1_312' title='bbox 1045 3611 1130 3695; x_wconf 82' lang='lat' dir='ltr'>I&#39;III.</span> <span class='ocrx_word' id='word_1_313' title='bbox 1154 3633 1298 3714; x_wconf 77' lang='lat' dir='ltr'>articulo,</span> <span class='ocrx_word' id='word_1_314' title='bbox 1321 3633 1377 3714; x_wconf 93' lang='lat' dir='ltr'>qui</span> <span class='ocrx_word' id='word_1_315' title='bbox 1392 3631 1503 3715; x_wconf 87' lang='lat' dir='ltr'>inoipIt</span> <span class='ocrx_word' id='word_1_316' title='bbox 1524 3629 1605 3694; x_wconf 88' lang='lat' dir='ltr'>Item</span> <span class='ocrx_word' id='word_1_317' title='bbox 1622 3629 1707 3712; x_wconf 93' lang='lat' dir='ltr'>quod</span> 
     </span>
     <span class='ocr_line' id='line_1_30' title="bbox 309 3734 1709 3818; baseline -0.001 -21"><span class='ocrx_word' id='word_1_318' title='bbox 309 3755 328 3797; x_wconf 90' lang='lat' dir='ltr'>a</span> <span class='ocrx_word' id='word_1_319' title='bbox 349 3734 433 3797; x_wconf 85' lang='lat' dir='ltr'>dieto</span> <span class='ocrx_word' id='word_1_320' title='bbox 458 3742 598 3817; x_wconf 86' lang='lat' dir='ltr'>temporo</span> <span class='ocrx_word' id='word_1_321' title='bbox 621 3737 700 3798; x_wconf 83' lang='lat' dir='ltr'>eitra</span> <span class='ocrx_word' id='word_1_322' title='bbox 723 3745 755 3799; x_wconf 93' lang='lat' dir='ltr'>et</span> <span class='ocrx_word' id='word_1_323' title='bbox 777 3742 890 3815; x_wconf 74' lang='lat' dir='ltr'>uetera,</span> <span class='ocrx_word' id='word_1_324' title='bbox 914 3738 996 3799; x_wconf 90' lang='lat' dir='ltr'>dixit</span> <span class='ocrx_word' id='word_1_325' title='bbox 1020 3758 1094 3800; x_wconf 81' lang='lat' dir='ltr'>vera</span> <span class='ocrx_word' id='word_1_326' title='bbox 1110 3758 1188 3803; x_wconf 85' lang='lat' dir='ltr'>esse.</span> <span class='ocrx_word' id='word_1_327' title='bbox 1213 3756 1295 3818; x_wconf 89' lang='lat' dir='ltr'>quae</span> <span class='ocrx_word' id='word_1_328' title='bbox 1319 3737 1351 3797; x_wconf 93' lang='lat' dir='ltr'>in</span> <span class='ocrx_word' id='word_1_329' title='bbox 1374 3735 1458 3798; x_wconf 81' lang='lat' dir='ltr'>dieto</span> <span class='ocrx_word' id='word_1_330' title='bbox 1476 3734 1610 3798; x_wconf 75' lang='lat' dir='ltr'>arficulo</span> <span class='ocrx_word' id='word_1_331' title='bbox 1633 3753 1709 3797; x_wconf 87' lang='lat' dir='ltr'>eon-</span> 
     </span>
     <span class='ocr_line' id='line_1_31' title="bbox 240 3838 1710 3923; baseline 0.004 -28"><span class='ocrx_word' id='word_1_332' title='bbox 240 3885 245 3895; x_wconf 87' lang='lat'>.</span> <span class='ocrx_word' id='word_1_333' title='bbox 310 3838 460 3900; x_wconf 91' lang='lat' dir='ltr'>tinentur.</span> <span class='ocrx_word' id='word_1_334' title='bbox 485 3839 703 3919; x_wconf 80' lang='lat' dir='ltr'>Interrogatus</span> <span class='ocrx_word' id='word_1_335' title='bbox 727 3841 886 3920; x_wconf 89' lang='lat' dir='ltr'>quomodo</span> <span class='ocrx_word' id='word_1_336' title='bbox 911 3842 977 3909; x_wconf 76' lang='lat' dir='ltr'>seit,</span> <span class='ocrx_word' id='word_1_337' title='bbox 1001 3842 1082 3903; x_wconf 87' lang='lat' dir='ltr'>dixit</span> <span class='ocrx_word' id='word_1_338' title='bbox 1106 3842 1179 3922; x_wconf 88' lang='lat' dir='ltr'>quia</span> <span class='ocrx_word' id='word_1_339' title='bbox 1196 3840 1276 3903; x_wconf 73' lang='lat' dir='ltr'>vidit</span> <span class='ocrx_word' id='word_1_340' title='bbox 1297 3848 1329 3904; x_wconf 91' lang='lat' dir='ltr'>et</span> <span class='ocrx_word' id='word_1_341' title='bbox 1351 3841 1418 3923; x_wconf 90' lang='lat' dir='ltr'>ipse</span> <span class='ocrx_word' id='word_1_342' title='bbox 1442 3840 1531 3903; x_wconf 85' lang='lat' dir='ltr'>testis</span> <span class='ocrx_word' id='word_1_343' title='bbox 1547 3846 1710 3919; x_wconf 87' lang='lat' dir='ltr'>tamquam</span> 
     </span>
     <span class='ocr_line' id='line_1_32' title="bbox 311 3942 1709 4029; baseline 0.001 -25"><span class='ocrx_word' id='word_1_344' title='bbox 311 3962 395 4004; x_wconf 91' lang='lat' dir='ltr'>uuus</span> <span class='ocrx_word' id='word_1_345' title='bbox 418 3943 457 4003; x_wconf 85' lang='lat' dir='ltr'>de</span> <span class='ocrx_word' id='word_1_346' title='bbox 473 3943 530 4007; x_wconf 85' lang='lat' dir='ltr'>his.</span> <span class='ocrx_word' id='word_1_347' title='bbox 553 3945 608 4024; x_wconf 91' lang='lat' dir='ltr'>qui</span> <span class='ocrx_word' id='word_1_348' title='bbox 625 3945 679 4005; x_wconf 93' lang='lat' dir='ltr'>diu</span> <span class='ocrx_word' id='word_1_349' title='bbox 696 3956 905 4006; x_wconf 73' lang='lat' dir='ltr'>tnrrrrersatus</span> <span class='ocrx_word' id='word_1_350' title='bbox 928 3951 976 4007; x_wconf 85' lang='lat' dir='ltr'>est</span> <span class='ocrx_word' id='word_1_351' title='bbox 992 3965 1064 4007; x_wconf 82' lang='lat' dir='ltr'>rum</span> <span class='ocrx_word' id='word_1_352' title='bbox 1081 3946 1164 4007; x_wconf 87' lang='lat' dir='ltr'>dioto</span> <span class='ocrx_word' id='word_1_353' title='bbox 1181 3944 1319 4029; x_wconf 80' lang='lat' dir='ltr'>‹apitulo</span> <span class='ocrx_word' id='word_1_354' title='bbox 1334 3943 1559 4007; x_wconf 77' lang='lat' dir='ltr'>Transsiluano</span> <span class='ocrx_word' id='word_1_355' title='bbox 1575 3942 1655 4004; x_wconf 81' lang='lat' dir='ltr'>vidit</span> <span class='ocrx_word' id='word_1_356' title='bbox 1670 3942 1709 4005; x_wconf 91' lang='lat' dir='ltr'>de</span> 
     </span>
     <span class='ocr_line' id='line_1_33' title="bbox 309 4047 1709 4129; baseline 0.001 -22"><span class='ocrx_word' id='word_1_357' title='bbox 309 4048 469 4109; x_wconf 68' lang='lat' dir='ltr'>canonius</span> <span class='ocrx_word' id='word_1_358' title='bbox 490 4047 562 4109; x_wconf 71' lang='lat' dir='ltr'>dieti</span> <span class='ocrx_word' id='word_1_359' title='bbox 580 4048 708 4129; x_wconf 68' lang='lat' dir='ltr'>capituli</span> <span class='ocrx_word' id='word_1_360' title='bbox 725 4058 756 4110; x_wconf 86' lang='lat' dir='ltr'>et</span> <span class='ocrx_word' id='word_1_361' title='bbox 772 4049 945 4129; x_wconf 75' lang='lat' dir='ltr'>‹·‹ignatis⁴l</span> <span class='ocrx_word' id='word_1_362' title='bbox 968 4069 1077 4110; x_wconf 87' lang='lat' dir='ltr'>eorum</span> <span class='ocrx_word' id='word_1_363' title='bbox 1095 4050 1149 4113; x_wconf 83' lang='lat' dir='ltr'>ire.</span> <span class='ocrx_word' id='word_1_364' title='bbox 1172 4056 1264 4117; x_wconf 78' lang='lat' dir='ltr'>stare,</span> <span class='ocrx_word' id='word_1_365' title='bbox 1287 4049 1402 4110; x_wconf 83' lang='lat' dir='ltr'>morari</span> <span class='ocrx_word' id='word_1_366' title='bbox 1419 4055 1450 4110; x_wconf 90' lang='lat' dir='ltr'>et</span> <span class='ocrx_word' id='word_1_367' title='bbox 1470 4047 1600 4110; x_wconf 85' lang='lat' dir='ltr'>mereari</span> <span class='ocrx_word' id='word_1_368' title='bbox 1624 4047 1709 4129; x_wconf 82' lang='lat' dir='ltr'>paci-</span> 
     </span>
     <span class='ocr_line' id='line_1_34' title="bbox 310 4149 1710 4235; baseline 0 -23"><span class='ocrx_word' id='word_1_369' title='bbox 310 4150 368 4213; x_wconf 83' lang='lat' dir='ltr'>fice</span> <span class='ocrx_word' id='word_1_370' title='bbox 391 4162 422 4214; x_wconf 90' lang='lat' dir='ltr'>et</span> <span class='ocrx_word' id='word_1_371' title='bbox 447 4153 553 4232; x_wconf 86' lang='lat' dir='ltr'>quiete</span> <span class='ocrx_word' id='word_1_372' title='bbox 576 4172 633 4235; x_wconf 92' lang='lat' dir='ltr'>pro</span> <span class='ocrx_word' id='word_1_373' title='bbox 657 4172 767 4213; x_wconf 76' lang='lat' dir='ltr'>eorum</span> <span class='ocrx_word' id='word_1_374' title='bbox 794 4152 956 4214; x_wconf 78' lang='lat' dir='ltr'>voluntate</span> <span class='ocrx_word' id='word_1_375' title='bbox 981 4153 1011 4214; x_wconf 94' lang='lat' dir='ltr'>iu</span> <span class='ocrx_word' id='word_1_376' title='bbox 1037 4153 1170 4218; x_wconf 75' lang='lat' dir='ltr'>Cibiuio.</span> <span class='ocrx_word' id='word_1_377' title='bbox 1203 4152 1290 4214; x_wconf 91' lang='lat' dir='ltr'>nullo</span> <span class='ocrx_word' id='word_1_378' title='bbox 1321 4153 1406 4234; x_wconf 88' lang='lat' dir='ltr'>ipsos</span> <span class='ocrx_word' id='word_1_379' title='bbox 1430 4152 1628 4233; x_wconf 81' lang='lat' dir='ltr'>iuquIetante</span> <span class='ocrx_word' id='word_1_380' title='bbox 1658 4149 1710 4213; x_wconf 84' lang='lat' dir='ltr'>vel</span> 
     </span>
     <span class='ocr_line' id='line_1_35' title="bbox 311 4253 1710 4338; baseline 0.002 -24"><span class='ocrx_word' id='word_1_381' title='bbox 311 4254 340 4314; x_wconf 91' lang='lat' dir='ltr'>in</span> <span class='ocrx_word' id='word_1_382' title='bbox 366 4253 473 4335; x_wconf 92' lang='lat' dir='ltr'>aliquo</span> <span class='ocrx_word' id='word_1_383' title='bbox 498 4256 711 4336; x_wconf 83' lang='lat' dir='ltr'>perturbante.</span> <span class='ocrx_word' id='word_1_384' title='bbox 759 4256 977 4337; x_wconf 84' lang='lat' dir='ltr'>Interrogatus</span> <span class='ocrx_word' id='word_1_385' title='bbox 1000 4258 1026 4317; x_wconf 88' lang='lat' dir='ltr'>si</span> <span class='ocrx_word' id='word_1_386' title='bbox 1049 4256 1165 4337; x_wconf 84' lang='lat' dir='ltr'>aIIquis</span> <span class='ocrx_word' id='word_1_387' title='bbox 1188 4257 1227 4320; x_wconf 91' lang='lat' dir='ltr'>de</span> <span class='ocrx_word' id='word_1_388' title='bbox 1251 4256 1334 4319; x_wconf 90' lang='lat' dir='ltr'>dieto</span> <span class='ocrx_word' id='word_1_389' title='bbox 1359 4254 1496 4338; x_wconf 70' lang='lat' dir='ltr'>capitulo</span> <span class='ocrx_word' id='word_1_390' title='bbox 1520 4255 1582 4318; x_wconf 82' lang='lat' dir='ltr'>fult</span> <span class='ocrx_word' id='word_1_391' title='bbox 1604 4255 1710 4318; x_wconf 79' lang='lat' dir='ltr'>laesus</span> 
     </span>
     <span class='ocr_line' id='line_1_36' title="bbox 240 4357 1709 4439; baseline 0.005 -24"><span class='ocrx_word' id='word_1_392' title='bbox 240 4370 271 4416; x_wconf 66' lang='lat' dir='ltr'>:a</span> <span class='ocrx_word' id='word_1_393' title='bbox 313 4357 360 4420; x_wconf 80' lang='lat' dir='ltr'>vel</span> <span class='ocrx_word' id='word_1_394' title='bbox 385 4358 453 4420; x_wconf 91' lang='lat' dir='ltr'>eius</span> <span class='ocrx_word' id='word_1_395' title='bbox 476 4358 594 4421; x_wconf 85' lang='lat' dir='ltr'>familia</span> <span class='ocrx_word' id='word_1_396' title='bbox 624 4360 655 4420; x_wconf 90' lang='lat' dir='ltr'>in</span> <span class='ocrx_word' id='word_1_397' title='bbox 680 4358 803 4421; x_wconf 84' lang='lat' dir='ltr'>Oibinio</span> <span class='ocrx_word' id='word_1_398' title='bbox 836 4360 886 4423; x_wconf 85' lang='lat' dir='ltr'>rel</span> <span class='ocrx_word' id='word_1_399' title='bbox 917 4362 986 4423; x_wconf 89' lang='lat' dir='ltr'>eius</span> <span class='ocrx_word' id='word_1_400' title='bbox 1017 4360 1161 4422; x_wconf 74' lang='lat' dir='ltr'>districtu</span> <span class='ocrx_word' id='word_1_401' title='bbox 1195 4359 1233 4420; x_wconf 89' lang='lat' dir='ltr'>ab</span> <span class='ocrx_word' id='word_1_402' title='bbox 1257 4359 1364 4439; x_wconf 89' lang='lat' dir='ltr'>aliquo</span> <span class='ocrx_word' id='word_1_403' title='bbox 1388 4358 1561 4422; x_wconf 83' lang='lat' dir='ltr'>Cibiuieusi</span> <span class='ocrx_word' id='word_1_404' title='bbox 1584 4378 1603 4421; x_wconf 91' lang='lat' dir='ltr'>a</span> <span class='ocrx_word' id='word_1_405' title='bbox 1625 4358 1709 4422; x_wconf 89' lang='lat' dir='ltr'>dioto</span> 
     </span>
     <span class='ocr_line' id='line_1_37' title="bbox 310 4463 1711 4546; baseline 0.001 -23"><span class='ocrx_word' id='word_1_406' title='bbox 310 4470 450 4544; x_wconf 85' lang='lat' dir='ltr'>tempore</span> <span class='ocrx_word' id='word_1_407' title='bbox 480 4463 566 4531; x_wconf 80' lang='lat' dir='ltr'>eitra,</span> <span class='ocrx_word' id='word_1_408' title='bbox 600 4463 681 4526; x_wconf 90' lang='lat' dir='ltr'>dixit</span> <span class='ocrx_word' id='word_1_409' title='bbox 710 4464 795 4545; x_wconf 91' lang='lat' dir='ltr'>quod</span> <span class='ocrx_word' id='word_1_410' title='bbox 827 4485 901 4539; x_wconf 78' lang='lat' dir='ltr'>non,</span> <span class='ocrx_word' id='word_1_411' title='bbox 936 4465 1020 4546; x_wconf 90' lang='lat' dir='ltr'>qnod</span> <span class='ocrx_word' id='word_1_412' title='bbox 1052 4465 1119 4546; x_wconf 84' lang='lat' dir='ltr'>ipse</span> <span class='ocrx_word' id='word_1_413' title='bbox 1143 4464 1229 4525; x_wconf 79' lang='lat' dir='ltr'>solat</span> <span class='ocrx_word' id='word_1_414' title='bbox 1274 4463 1353 4526; x_wconf 92' lang='lat' dir='ltr'>Item</span> <span class='ocrx_word' id='word_1_415' title='bbox 1378 4464 1591 4545; x_wconf 86' lang='lat' dir='ltr'>interrogatus</span> <span class='ocrx_word' id='word_1_416' title='bbox 1614 4481 1711 4546; x_wconf 85' lang='lat' dir='ltr'>super</span> 
     </span>
     <span class='ocr_line' id='line_1_38' title="bbox 312 4543 1711 4651; baseline 0.002 -23"><span class='ocrx_word' id='word_1_417' title='bbox 312 4543 413 4628; x_wconf 88' lang='lat' dir='ltr'>VIIII.</span> <span class='ocrx_word' id='word_1_418' title='bbox 436 4565 579 4633; x_wconf 80' lang='lat' dir='ltr'>artieulo,</span> <span class='ocrx_word' id='word_1_419' title='bbox 611 4567 664 4648; x_wconf 89' lang='lat' dir='ltr'>qui</span> <span class='ocrx_word' id='word_1_420' title='bbox 698 4568 808 4651; x_wconf 81' lang='lat' dir='ltr'>lneipit</span> <span class='ocrx_word' id='word_1_421' title='bbox 830 4568 911 4631; x_wconf 91' lang='lat' dir='ltr'>Item</span> <span class='ocrx_word' id='word_1_422' title='bbox 940 4569 1024 4650; x_wconf 93' lang='lat' dir='ltr'>quod</span> <span class='ocrx_word' id='word_1_423' title='bbox 1058 4568 1203 4631; x_wconf 86' lang='lat' dir='ltr'>homines</span> <span class='ocrx_word' id='word_1_424' title='bbox 1233 4567 1303 4630; x_wconf 82' lang='lat' dir='ltr'>laioi</span> <span class='ocrx_word' id='word_1_425' title='bbox 1327 4573 1359 4631; x_wconf 91' lang='lat' dir='ltr'>et</span> <span class='ocrx_word' id='word_1_426' title='bbox 1386 4572 1499 4647; x_wconf 75' lang='lat' dir='ltr'>eetera,</span> <span class='ocrx_word' id='word_1_427' title='bbox 1530 4566 1612 4629; x_wconf 91' lang='lat' dir='ltr'>dixit</span> <span class='ocrx_word' id='word_1_428' title='bbox 1635 4586 1711 4631; x_wconf 85' lang='lat' dir='ltr'>vera</span> 
     </span>
     <span class='ocr_line' id='line_1_39' title="bbox 309 4671 1711 4754; baseline 0.002 -22"><span class='ocrx_word' id='word_1_429' title='bbox 309 4690 388 4739; x_wconf 80' lang='lat' dir='ltr'>esse,</span> <span class='ocrx_word' id='word_1_430' title='bbox 419 4672 555 4752; x_wconf 86' lang='lat' dir='ltr'>quaein</span> <span class='ocrx_word' id='word_1_431' title='bbox 580 4671 663 4732; x_wconf 77' lang='lat' dir='ltr'>dieto</span> <span class='ocrx_word' id='word_1_432' title='bbox 687 4671 819 4733; x_wconf 77' lang='lat' dir='ltr'>articulo</span> <span class='ocrx_word' id='word_1_433' title='bbox 843 4672 1057 4736; x_wconf 76' lang='lat' dir='ltr'>eontinentur.</span> <span class='ocrx_word' id='word_1_434' title='bbox 1089 4672 1308 4754; x_wconf 89' lang='lat' dir='ltr'>Interrogatus</span> <span class='ocrx_word' id='word_1_435' title='bbox 1330 4672 1363 4733; x_wconf 93' lang='lat' dir='ltr'>in</span> <span class='ocrx_word' id='word_1_436' title='bbox 1387 4690 1483 4734; x_wconf 83' lang='lat' dir='ltr'>eausa</span> <span class='ocrx_word' id='word_1_437' title='bbox 1505 4671 1655 4735; x_wconf 78' lang='lat' dir='ltr'>scientiae</span> <span class='ocrx_word' id='word_1_438' title='bbox 1678 4676 1711 4735; x_wconf 89' lang='lat' dir='ltr'>et</span> 
     </span>
     <span class='ocr_line' id='line_1_40' title="bbox 310 4773 1710 4857; baseline 0 -20"><span class='ocrx_word' id='word_1_439' title='bbox 310 4774 349 4837; x_wconf 90' lang='lat' dir='ltr'>do</span> <span class='ocrx_word' id='word_1_440' title='bbox 373 4775 521 4837; x_wconf 88' lang='lat' dir='ltr'>omnibus</span> <span class='ocrx_word' id='word_1_441' title='bbox 551 4774 798 4837; x_wconf 68' lang='lat' dir='ltr'>circumstantiis</span> <span class='ocrx_word' id='word_1_442' title='bbox 821 4796 839 4837; x_wconf 94' lang='lat' dir='ltr'>e</span> <span class='ocrx_word' id='word_1_443' title='bbox 862 4795 1026 4841; x_wconf 75' lang='lat' dir='ltr'>converso.</span> <span class='ocrx_word' id='word_1_444' title='bbox 1060 4783 1095 4838; x_wconf 93' lang='lat' dir='ltr'>ut</span> <span class='ocrx_word' id='word_1_445' title='bbox 1117 4776 1150 4837; x_wconf 91' lang='lat' dir='ltr'>iu</span> <span class='ocrx_word' id='word_1_446' title='bbox 1174 4773 1308 4837; x_wconf 87' lang='lat' dir='ltr'>articulo</span> <span class='ocrx_word' id='word_1_447' title='bbox 1336 4774 1491 4857; x_wconf 79' lang='lat' dir='ltr'>proximo,</span> <span class='ocrx_word' id='word_1_448' title='bbox 1522 4774 1605 4838; x_wconf 87' lang='lat' dir='ltr'>dixit</span> <span class='ocrx_word' id='word_1_449' title='bbox 1626 4774 1710 4838; x_wconf 93' lang='lat' dir='ltr'>idem</span> 
     </span>
     <span class='ocr_line' id='line_1_41' title="bbox 241 4878 1710 4962; baseline 0.004 -26"><span class='ocrx_word' id='word_1_450' title='bbox 241 4888 276 4936; x_wconf 76' lang='lat' dir='ltr'>ab</span> <span class='ocrx_word' id='word_1_451' title='bbox 312 4879 350 4941; x_wconf 94' lang='lat' dir='ltr'>de</span> <span class='ocrx_word' id='word_1_452' title='bbox 373 4879 464 4940; x_wconf 82' lang='lat' dir='ltr'>dietis</span> <span class='ocrx_word' id='word_1_453' title='bbox 487 4878 575 4940; x_wconf 85' lang='lat' dir='ltr'>laieis</span> <span class='ocrx_word' id='word_1_454' title='bbox 597 4879 699 4941; x_wconf 80' lang='lat' dir='ltr'>dietae</span> <span class='ocrx_word' id='word_1_455' title='bbox 729 4880 946 4943; x_wconf 79' lang='lat' dir='ltr'>universitatis</span> <span class='ocrx_word' id='word_1_456' title='bbox 969 4880 1052 4941; x_wconf 81' lang='lat' dir='ltr'>sieut</span> <span class='ocrx_word' id='word_1_457' title='bbox 1085 4880 1124 4942; x_wconf 89' lang='lat' dir='ltr'>de</span> <span class='ocrx_word' id='word_1_458' title='bbox 1147 4878 1309 4941; x_wconf 82' lang='lat' dir='ltr'>eanoniris</span> <span class='ocrx_word' id='word_1_459' title='bbox 1331 4878 1405 4941; x_wconf 87' lang='lat' dir='ltr'>dieti</span> <span class='ocrx_word' id='word_1_460' title='bbox 1429 4878 1560 4961; x_wconf 78' lang='lat' dir='ltr'>capituli</span> <span class='ocrx_word' id='word_1_461' title='bbox 1581 4878 1616 4940; x_wconf 94' lang='lat' dir='ltr'>in</span> <span class='ocrx_word' id='word_1_462' title='bbox 1637 4898 1710 4962; x_wconf 90' lang='lat' dir='ltr'>pro·</span> 
     </span>
     <span class='ocr_line' id='line_1_42' title="bbox 312 4959 1711 5066; baseline 0.001 -23"><span class='ocrx_word' id='word_1_463' title='bbox 312 4983 399 5044; x_wconf 88' lang='lat' dir='ltr'>ximo</span> <span class='ocrx_word' id='word_1_464' title='bbox 422 4982 556 5045; x_wconf 79' lang='lat' dir='ltr'>articula</span> <span class='ocrx_word' id='word_1_465' title='bbox 581 4982 766 5046; x_wconf 69' lang='lat' dir='ltr'>testificatus</span> <span class='ocrx_word' id='word_1_466' title='bbox 789 4988 844 5046; x_wconf 89' lang='lat' dir='ltr'>est.</span> <span class='ocrx_word' id='word_1_467' title='bbox 870 4983 948 5046; x_wconf 89' lang='lat' dir='ltr'>Item</span> <span class='ocrx_word' id='word_1_468' title='bbox 965 4984 1177 5064; x_wconf 88' lang='lat' dir='ltr'>interrogatus</span> <span class='ocrx_word' id='word_1_469' title='bbox 1193 5002 1290 5066; x_wconf 88' lang='lat' dir='ltr'>super</span> <span class='ocrx_word' id='word_1_470' title='bbox 1312 4959 1354 5044; x_wconf 79' lang='lat' dir='ltr'>II.</span> <span class='ocrx_word' id='word_1_471' title='bbox 1374 4981 1507 5045; x_wconf 84' lang='lat' dir='ltr'>artiotdo</span> <span class='ocrx_word' id='word_1_472' title='bbox 1524 4981 1581 5064; x_wconf 90' lang='lat' dir='ltr'>qui</span> <span class='ocrx_word' id='word_1_473' title='bbox 1600 4981 1711 5065; x_wconf 88' lang='lat' dir='ltr'>iuoipit</span> 
     </span>
     <span class='ocr_line' id='line_1_43' title="bbox 311 5085 1711 5170; baseline 0 -22"><span class='ocrx_word' id='word_1_474' title='bbox 311 5085 390 5149; x_wconf 90' lang='lat' dir='ltr'>Item</span> <span class='ocrx_word' id='word_1_475' title='bbox 415 5087 500 5168; x_wconf 91' lang='lat' dir='ltr'>quod</span> <span class='ocrx_word' id='word_1_476' title='bbox 524 5088 644 5170; x_wconf 71' lang='lat' dir='ltr'>pluma</span> <span class='ocrx_word' id='word_1_477' title='bbox 674 5101 704 5149; x_wconf 89' lang='lat' dir='ltr'>et</span> <span class='ocrx_word' id='word_1_478' title='bbox 728 5086 847 5169; x_wconf 85' lang='lat' dir='ltr'>pluries</span> <span class='ocrx_word' id='word_1_479' title='bbox 876 5096 908 5150; x_wconf 90' lang='lat' dir='ltr'>et</span> <span class='ocrx_word' id='word_1_480' title='bbox 930 5096 1043 5155; x_wconf 77' lang='lat' dir='ltr'>cetera.</span> <span class='ocrx_word' id='word_1_481' title='bbox 1078 5087 1160 5150; x_wconf 87' lang='lat' dir='ltr'>dlxit</span> <span class='ocrx_word' id='word_1_482' title='bbox 1184 5106 1260 5150; x_wconf 82' lang='lat' dir='ltr'>vera</span> <span class='ocrx_word' id='word_1_483' title='bbox 1282 5108 1360 5167; x_wconf 75' lang='lat' dir='ltr'>esse,</span> <span class='ocrx_word' id='word_1_484' title='bbox 1392 5106 1474 5168; x_wconf 89' lang='lat' dir='ltr'>quae</span> <span class='ocrx_word' id='word_1_485' title='bbox 1497 5087 1530 5149; x_wconf 92' lang='lat' dir='ltr'>iu</span> <span class='ocrx_word' id='word_1_486' title='bbox 1554 5085 1638 5149; x_wconf 81' lang='lat' dir='ltr'>dioto</span> <span class='ocrx_word' id='word_1_487' title='bbox 1660 5103 1711 5148; x_wconf 85' lang='lat' dir='ltr'>ar·</span> 
     </span>
    </p>
   </div>
   <div class='ocr_carea' id='block_1_3' title="bbox 241 5255 1674 5587">
    <p class='ocr_par' dir='ltr' id='par_1_3' title="bbox 469 5255 955 5325">
     <span class='ocr_line' id='line_1_44' title="bbox 469 5255 955 5325; baseline -0.002 -15"><span class='ocrx_word' id='word_1_488' title='bbox 469 5262 488 5315; x_wconf 81' lang='lat' dir='ltr'>¹l</span> <span class='ocrx_word' id='word_1_489' title='bbox 508 5257 636 5322; x_wconf 71' lang='lat' dir='ltr'>Hieratis</span> <span class='ocrx_word' id='word_1_490' title='bbox 649 5255 903 5325; x_wconf 74' lang='lat' dir='ltr'>duredpcstrirbeu:</span> <span class='ocrx_word' id='word_1_491' title='bbox 921 5258 955 5325; x_wconf 90' lang='lat' dir='ltr'>pl.</span> 
     </span>
    </p>

    <p class='ocr_par' dir='ltr' id='par_1_4' title="bbox 241 5342 1674 5503">
     <span class='ocr_line' id='line_1_45' title="bbox 466 5342 1674 5415; baseline 0.002 -19"><span class='ocrx_word' id='word_1_492' title='bbox 466 5348 488 5403; x_wconf 80' lang='lat'>¹)</span> <span class='ocrx_word' id='word_1_493' title='bbox 512 5342 572 5397; x_wconf 83' lang='lat' dir='ltr'>Voa</span> <span class='ocrx_word' id='word_1_494' title='bbox 591 5343 768 5409; x_wconf 79' lang='lat' dir='ltr'>Interrogatus</span> <span class='ocrx_word' id='word_1_495' title='bbox 786 5343 813 5395; x_wconf 90' lang='lat' dir='ltr'>in</span> <span class='ocrx_word' id='word_1_496' title='bbox 832 5344 926 5412; x_wconf 87' lang='lat' dir='ltr'>quibus</span> <span class='ocrx_word' id='word_1_497' title='bbox 945 5345 1008 5397; x_wconf 83' lang='lat' dir='ltr'>loeis</span> <span class='ocrx_word' id='word_1_498' title='bbox 1027 5346 1069 5398; x_wconf 80' lang='lat' dir='ltr'>bis</span> <span class='ocrx_word' id='word_1_499' title='bbox 1087 5345 1195 5399; x_wconf 78' lang='lat' dir='ltr'>bierber</span> <span class='ocrx_word' id='word_1_500' title='bbox 1212 5346 1269 5412; x_wconf 76' lang='lat' dir='ltr'>auf</span> <span class='ocrx_word' id='word_1_501' title='bbox 1283 5345 1343 5399; x_wconf 76' lang='lat' dir='ltr'>dora</span> <span class='ocrx_word' id='word_1_502' title='bbox 1362 5344 1449 5399; x_wconf 78' lang='lat' dir='ltr'>Road</span> <span class='ocrx_word' id='word_1_503' title='bbox 1466 5345 1674 5415; x_wconf 61' lang='lat' dir='ltr'>mammaea.</span> 
     </span>
     <span class='ocr_line' id='line_1_46' title="bbox 241 5429 1648 5503; baseline 0.003 -22"><span class='ocrx_word' id='word_1_504' title='bbox 241 5431 275 5483; x_wconf 75' lang='lat' dir='ltr'>lo</span> <span class='ocrx_word' id='word_1_505' title='bbox 466 5434 488 5489; x_wconf 81' lang='lat'>³)</span> <span class='ocrx_word' id='word_1_506' title='bbox 511 5429 572 5484; x_wconf 81' lang='lat' dir='ltr'>Von</span> <span class='ocrx_word' id='word_1_507' title='bbox 589 5430 768 5498; x_wconf 75' lang='lat' dir='ltr'>Interrogatus</span> <span class='ocrx_word' id='word_1_508' title='bbox 786 5432 916 5499; x_wconf 89' lang='lat' dir='ltr'>quomodo</span> <span class='ocrx_word' id='word_1_509' title='bbox 934 5432 985 5484; x_wconf 83' lang='lat' dir='ltr'>seit</span> <span class='ocrx_word' id='word_1_510' title='bbox 1002 5432 1045 5485; x_wconf 76' lang='lat' dir='ltr'>oia</span> <span class='ocrx_word' id='word_1_511' title='bbox 1062 5432 1170 5485; x_wconf 80' lang='lat' dir='ltr'>bierber</span> <span class='ocrx_word' id='word_1_512' title='bbox 1187 5433 1244 5499; x_wconf 76' lang='lat' dir='ltr'>auf</span> <span class='ocrx_word' id='word_1_513' title='bbox 1256 5432 1316 5486; x_wconf 73' lang='lat' dir='ltr'>dem</span> <span class='ocrx_word' id='word_1_514' title='bbox 1336 5432 1423 5488; x_wconf 75' lang='lat' dir='ltr'>Balad</span> <span class='ocrx_word' id='word_1_515' title='bbox 1439 5431 1648 5503; x_wconf 69' lang='lat' dir='ltr'>aadtgetropen.</span> 
     </span>
    </p>

    <p class='ocr_par' dir='ltr' id='par_1_5' title="bbox 466 5517 786 5587">
     <span class='ocr_line' id='line_1_47' title="bbox 466 5517 786 5587; baseline -0.006 -16"><span class='ocrx_word' id='word_1_516' title='bbox 466 5520 488 5585; x_wconf 79' lang='lat'>⁴)</span> <span class='ocrx_word' id='word_1_517' title='bbox 511 5517 642 5587; x_wconf 78' lang='lat' dir='ltr'>Vorlapr:</span> <span class='ocrx_word' id='word_1_518' title='bbox 660 5517 786 5570; x_wconf 82' lang='lat' dir='ltr'>annuatia.</span> 
     </span>
    </p>
   </div>
   <div class='ocr_carea' id='block_1_4' title="bbox 0 0 2068 6292">
    <p class='ocr_par' dir='ltr' id='par_1_6' title="bbox 0 0 2068 6292">
     <span class='ocr_line' id='line_1_48' title="bbox 0 0 2068 6292; baseline 0 0"><span class='ocrx_word' id='word_1_519' title='bbox 0 0 2068 6292; x_wconf 95' lang='lat' dir='ltr'> </span> 
     </span>
    </p>
   </div>
  </div>
 </body>
</html>
