4084 6302
1001 617 1156 717 ,3⁸2⁰-

372 798 458 876 bona
472 831 532 876 sua
544 810 767 875 Monorloiana
780 811 814 874 in
829 810 1016 895 Hungariae
1035 831 1134 895 regno
1150 811 1211 875 sita
1226 810 1403 894 obligasset
1432 810 1508 893 Ipsa
1521 816 1629 875 tamen
1644 809 1774 874 domina

373 916 483 980 relicta
505 916 592 979 omni
607 914 755 979 videlicet
776 915 913 999 prolium
937 915 1049 980 solatio
1073 915 1184 979 orbata
1205 914 1337 978 eandem
1362 932 1519 977 summam
1539 932 1699 995 omneque
1720 914 1772 978 ius

373 1039 468 1083 suum
490 1025 623 1083 eatenus
644 1019 680 1081 in
702 1020 794 1083 dictis
816 1019 910 1083 bonis
934 1019 1077 1083 habitum
1092 1018 1240 1083 Michaeli
1262 1017 1301 1081 de
1316 1016 1434 1099 Icuka,
1456 1015 1545 1080 affini
1566 1022 1678 1101 utpote
1697 1017 1773 1081 dicti

373 1125 493 1187 domini
509 1123 671 1206 quondam
694 1123 744 1185 sui
766 1123 871 1186 mariti
893 1124 1028 1205 eiusque
1050 1124 1186 1206 posteris
1209 1128 1242 1185 et
1263 1121 1434 1185 heredibus
1456 1121 1616 1185 universis
1632 1121 1772 1203 cesserit,

372 1227 601 1291 condonaverit
630 1233 662 1291 et
691 1226 906 1307 transfuderit,
936 1246 975 1290 ea
1005 1231 1110 1289 tamen
1142 1224 1203 1288 sub
1235 1223 1360 1288 cautela
1389 1230 1421 1288 et
1450 1243 1488 1287 eo
1511 1224 1615 1306 modo,
1645 1231 1684 1288 ut
1704 1225 1772 1308 ipse
1808 1232 1825 1283 6

373 1351 503 1413 quoque
518 1329 653 1394 Michael
675 1329 714 1393 16
736 1327 846 1392 Leuka
867 1331 1002 1411 eiusque
1024 1329 1142 1413 posteri
1166 1335 1198 1392 et
1220 1328 1352 1392 heredes
1373 1347 1425 1392 res
1447 1327 1591 1410 mobiles,
1617 1347 1720 1410 equos
1741 1332 1774 1393 61

372 1440 524 1517 armenta,
554 1434 698 1516 exceptis
728 1437 833 1496 166166
864 1433 983 1517 clipeis,
1014 1433 1098 1517 apud
1130 1451 1245 1495 manus
1275 1438 1444 1496 annotatae
1472 1432 1618 1496 dominae
1645 1432 1773 1496 relictae

372 1556 527 1619 remansa,
559 1537 661 1601 eidem
691 1537 938 1620 inperpetuum
968 1536 1092 1617 cedant,
1122 1535 1306 1599 condonent
1327 1556 1364 1600 ac
1385 1535 1620 1617 transfundant
1648 1535 1773 1599 nullum

372 1660 469 1725 super
498 1641 627 1721 eisdem,
657 1639 800 1723 exceptis
822 1646 929 1704 tamen
958 1640 1067 1723 clipeis
1089 1641 1152 1702 iam
1174 1640 1366 1721 memoratis,
1398 1638 1557 1723 sibiipsis
1580 1638 1772 1703 reservando

371 1747 423 1809 ius
445 1763 605 1828 superque
621 1743 739 1808 eisdem
762 1743 894 1807 liberam
911 1742 1190 1825 omnimodamque
1215 1744 1352 1808 testandi
1374 1742 1567 1826 legendique
1589 1743 1772 1807 facultatem
1808 1749 1844 1803 10

372 1867 466 1932 saepe
496 1850 598 1912 dictae
628 1847 775 1923 16611666
797 1846 940 1910 Marthae
971 1847 1155 1911 concedant.
1194 1848 1231 1912 Iu
1255 1849 1348 1911 cuius
1376 1847 1423 1910 rei
1453 1846 1638 1910 memoriam
1660 1864 1773 1929 perpe·

374 1958 526 2034 tuamque
547 1951 730 2014 firmitatem
747 1950 786 2014 ad
810 1951 994 2013 instantiam
1017 1956 1049 2014 61
1071 1951 1257 2033 petitionem
1280 1949 1459 2033 praedictae
1475 1949 1622 2014 dominae
1644 1948 1773 2014 relictae

373 2061 555 2139 praesentes
577 2055 685 2118 literas
707 2060 833 2117 6661166
852 2054 1068 2118 concessimus
1090 2054 1185 2138 sigilli
1208 2055 1309 2119 nostri
1330 2053 1500 2137 pendentis
1521 2053 1698 2117 munimine
1720 2073 1772 2116 ro-

372 2158 506 2222 boratas.
537 2157 656 2222 Datum
677 2158 746 2240 ipso
762 2157 813 2220 die
837 2158 909 2221 festi
932 2157 1015 2221 beati
1032 2157 1247 2222 Bartholomei
1263 2157 1406 2242 apostoli,
1429 2175 1513 2220 anno
1530 2156 1649 2219 domini
1672 2155 1773 2219 mille·

372 2263 452 2326 simo
485 2262 705 2326 trecentesimo
737 2261 897 2344 trigesimo
928 2265 1029 2324 sexto.
1066 2260 1234 2324 Dominieo
1265 2262 1454 2344 praeposito,
1481 2257 1579 2324 Sarte
1588 2259 1609 2337 ¹)
1632 2265 1771 2341 cantore,
1807 2268 1841 2319 16

371 2365 490 2429 Thoma
512 2365 645 2429 custode
660 2370 693 2428 et
708 2365 858 2447 magistro
876 2363 1008 2427 Nicolao
1024 2364 1245 2427 archidiacono
1262 2364 1301 2428 de
1317 2364 1468 2445 Hunyad,
1485 2363 1604 2427 decano
1620 2363 1771 2427 ecclesiae

372 2476 499 2533 nostrae
522 2468 691 2532 salubriter
713 2474 746 2531 et
761 2467 875 2532 devote
899 2466 1120 2531 existentibus.

1030 2796 1121 2880 528.

447 2964 556 3035 1336
582 2960 778 3054 September
795 2963 861 3032 23.
890 2959 968 3032 Dus
993 2957 1275 3052 Weisseabarpcr
1291 2960 1436 3053 Kupitel
1462 2957 1772 3052 166166116166166

379 3080 544 3155 Urtuude
569 3106 634 3156 oca
651 3084 756 3154 1324
774 3080 841 3153 Nr.
863 3083 945 3153 430
970 3082 1034 3153 mit
1052 3082 1114 3153 der
1139 3079 1304 3152 Urtaade
1322 3081 1381 3153 166
1406 3077 1602 3153 Woiwodca
1623 3078 1770 3153 ibamus
1805 3095 1840 3150 66

369 3206 565 3276 6661324
592 3204 660 3276 Νν,
690 3206 772 3275 426
799 3202 985 3292 bctrcffcad
1009 3195 1209 3273 Lodistaue'
1236 3202 1426 3293 Besitcaaq
1454 3200 1704 3273 Saeatmcrtoa.

528 3367 605 3438 Orip.
623 3368 704 3437 Peru.
731 3367 835 3436 Unpur.
854 3365 1062 3420 Laudeacrcbic
1086 3364 1238 3433 Badcpmt.
1274 3363 1363 3435 Siepel
1385 3381 1445 3419 war
1471 3382 1510 3419 aa
1531 3370 1637 3435 procer
1658 3363 1769 3420 sadec

474 3454 576 3509 aeliam·
593 3454 758 3525 6666111661.

525 3574 743 3642 6666166
763 3572 853 3630 6666
875 3572 964 3641 vrri,
981 3576 1007 3639 a,
1024 3577 1085 3627 666.

531 3694 755 3765 recantata:
774 3693 897 3762 66666
913 3692 1070 3759 161661,
1088 3696 1131 3746 eo.
1156 3692 1244 3760 1616
1264 3691 1355 3747 666
1378 3692 1466 3760 Vrrr,
1484 3696 1510 3759 a,
1529 3695 1589 3746 raa.
1804 3691 1839 3746 25

526 3870 709 3953 Capitulum
738 3869 889 3933 ecclesiae
910 3866 1152 3931 ibaussiluanae
1183 3866 1331 3930 omnibus
1354 3865 1470 3929 Christi
1498 3864 1647 3930 fidelibus
1678 3884 1768 3950 prae-

370 3979 491 4037 sentem
522 3974 670 4057 paginam
697 3973 888 4057 inspecturis
919 3970 1053 4035 salutem
1076 3970 1110 4031 in
1142 3969 1254 4033 salutis
1275 3968 1450 4052 largitore.⁴
1470 3969 1521 4032 Ad
1543 3970 1769 4034 universorum

370 4078 514 4141 notitiam
537 4082 602 4140 tam
623 4078 839 4160 praesentium
863 4094 959 4158 quam
981 4074 1165 4137 tuturorum
1180 4074 1293 4136 barum
1315 4073 1397 4137 serie
1419 4073 1570 4137 volumus
1591 4075 1768 4157 pervenire,

371 4181 456 4262 quod
480 4181 596 4245 Petrus
616 4179 702 4244 lilius
726 4180 886 4263 quondam
909 4176 1022 4243 iacobi
1045 4177 1120 4240 dicti
1143 4176 1230 4241 Gbeh
1252 4175 1367 4240 nobilis
1390 4176 1429 4240 16
1451 4175 1542 4240 Β661
1565 4177 1605 4240 61
1627 4182 1767 4241 nostram

370 4285 524 4348 66661666
545 4284 757 4368 praesentiam
780 4281 872 4346 nobis
893 4299 1071 4365 proponere
1094 4302 1130 4345 ac
1153 4280 1332 4365 significare
1347 4282 1480 4363 curarit,
1504 4280 1590 4362 quod
1607 4279 1767 4361 quoddam
1802 4289 1837 4343 30

369 4387 572 4471 privilegium
593 4405 688 4451 suum
705 4384 808 4468 sigillo
830 4390 941 4449 nostro
956 4386 1178 4469 coaugustum
1193 4403 1291 4467 super
1305 4384 1389 4447 lacto
1404 4388 1508 4447 terrae
1523 4383 1624 4447 sancti
1638 4382 1768 4446 Martini

375 4495 557 4554 emanatum
573 4488 742 4554 casualiter
757 4488 797 4553 de
812 4488 905 4552 domo
921 4493 954 4551 et
975 4489 1092 4553 scrinio
1107 4506 1166 4553 suo
1189 4487 1302 4551 1616661
1316 4493 1349 4550 61
1370 4490 1454 4550 66661
1476 4486 1585 4551 turtim
1607 4485 1768 4550 sublatum

369 4600 403 4659 et
424 4593 606 4676 deductum,
634 4598 746 4677 petens
768 4611 828 4657 nos
850 4612 924 4656 cum
946 4593 1106 4675 instantia,
1136 4598 1174 4655 ut
1196 4597 1340 4683 tenorem
1361 4590 1463 4674 ipsius
1483 4588 1641 4673 privilegii
1662 4589 1696 4650 in
1718 4607 1769 4651 re·

370 4702 477 4781 gestro
500 4710 643 4761 camerae
663 4702 791 4761 nostrae
805 4696 926 4779 inquiri
940 4696 1117 4760 faceremus
1139 4701 1171 4760 61
1192 4695 1233 4758 61
1247 4694 1427 4758 uberiorem
1450 4692 1606 4757 cautelam
1627 4691 1667 4756 de
1682 4711 1767 4755 novo

370 4799 508 4865 seriatim
540 4799 671 4863 rescribi
703 4807 736 4864 61
765 4800 867 4885 sigillo
898 4805 1007 4865 nostro
1037 4798 1236 4863 communiri.
1273 4797 1373 4862 Cuius
1396 4797 1525 4879 quidem
1553 4795 1711 4881 privilegii
1732 4795 1767 4859 in
1802 4810 1836 4865 36

368 4908 511 4987 regestro
541 4907 650 4966 nostro
680 4903 826 4985 requisiti
856 4908 889 4967 et
917 4904 1035 4987 reperti
1057 4909 1149 4968 tenor
1178 4902 1322 4966 noscitur
1351 4901 1447 4964 etiam
1478 4899 1558 4964 talis.
1594 4896 1699 4983 (Folqt
1719 4897 1768 4962 dic

377 5005 524 5073 Urbuadc
545 5004 597 5070 dau
623 5004 865 5090 Werbaenburper
878 5004 1020 5091 Kupttets
1042 5027 1099 5070 voa
1121 5007 1209 5070 1324
1230 5003 1288 5071 Νν.
1313 5005 1380 5069 430
1401 5004 1456 5068 mit
1478 5003 1533 5067 der
1555 5000 1702 5067 Urlcuadc
1716 5000 1768 5066 dae

377 5110 548 5176 Wot'wodcu
567 5108 699 5174 17661666
713 5107 943 5174 6661324Ν1.
969 5111 1062 5192 426.)
1083 5110 1151 5175 Ν66
1172 5111 1271 5194 igitur
1284 5108 1491 5194 petitionibus
1513 5106 1666 5192 praedicti
1680 5106 1768 5171 Petri

368 5216 462 5281 iustis
492 5220 525 5279 et
553 5214 701 5298 legitimis
731 5214 970 5296 acquiescentes
1002 5221 1041 5278 ut
1073 5220 1220 5279 tenemur
1250 5219 1392 5277 tenorem
1425 5212 1577 5296 praedicti
1610 5209 1767 5295 privilegii

368 5321 560 5404 requisitum
583 5324 616 5384 et
637 5323 800 5403 repertum
828 5318 1050 5402 praesentibus
1072 5317 1112 5382 de
1135 5317 1233 5382 verbo
1256 5316 1297 5380 ad
1323 5315 1457 5380 verbum
1478 5314 1609 5380 rescribi
1632 5314 1766 5379 lecimus
1800 5329 1836 5384 40

526 5491 547 5561 ι)
569 5486 804 5560 16666666.
