4106 6294
1033 601 1096 666 340

363 791 500 875 duplicis
530 791 624 874 sigilli
647 792 747 856 nostri
770 792 946 856 munimine
979 792 1151 857 roboratas.
1195 793 1313 857 Datum
1337 813 1394 877 per
1417 814 1531 858 manus
1554 794 1681 858 discreti
1704 794 1765 857 viri

363 895 507 979 magistri
528 895 684 960 Johannis
703 895 853 960 Albensis
876 896 1026 960 eeclesiae
1049 898 1228 980 praepositi,
1252 897 1343 960 aulae
1367 903 1493 961 nostrae
1516 898 1764 962 vicecancellarii

362 1004 395 1064 et
426 999 638 1064 archidiaconi
668 1000 707 1063 de
728 998 893 1064 Kukulleu
924 999 1030 1064 dilecti
1060 1006 1092 1064 et
1120 1000 1223 1064 fidelis
1257 1001 1366 1079 nostri,
1400 1020 1484 1065 anno
1516 1001 1636 1065 domini
1665 1002 1765 1066 mille-

362 1103 442 1167 simo
462 1082 556 1168 fiili)
579 1104 812 1186 decimonono,
834 1105 928 1168 tertio
950 1104 1028 1168 Idus
1042 1104 1126 1187 Maii,
1149 1106 1238 1188 regni
1262 1111 1367 1169 autem
1390 1106 1492 1168 nostri
1512 1124 1595 1168 anno
1623 1105 1766 1169 similiter

363 1207 485 1271 decimo
508 1227 603 1272 nono.
1800 1220 1816 1269 1

1019 1468 1111 1551 366.

441 1652 541 1722 1319
564 1649 645 1722 Jata·
670 1652 737 1722 28.
765 1649 883 1741 Kbnip
900 1649 997 1721 Karl
1020 1651 1163 1723 11111111
1182 1650 1343 1759 Thomas,
1377 1650 1494 1724 Comes
1519 1674 1585 1724 von
1602 1650 1765 1741 sermea,

363 1769 458 1844 Bcics
483 1772 558 1843 1111
578 1771 683 1844 Arad
708 1771 763 1843 dic
780 1770 1012 1862 Besitauupea
1035 1771 1294 1864 0111111191,
1322 1771 1515 1844 Poeebuecb
1541 1773 1614 1845 aad
1639 1774 1768 1845 1111111

369 1891 599 1984 0111111111.

521 2056 726 2127 Eiupeecbaltct
743 2073 795 2112 con
814 2056 910 2126 Koaip
927 2057 1003 2112 Karl
1021 2061 1097 2125 1323,
1119 2057 1194 2126 erip.
1220 2057 1324 2127 Unger.
1344 2057 1552 2112 Londesorchic
1570 2058 1721 2127 Budapcst.
1803 2059 1837 2114 10

521 2177 634 2249 Repeet:
652 2178 739 2246 Fejtr
760 2178 851 2234 (iodea
868 2178 925 2246 XI,
943 2180 1003 2233 466.

523 2353 662 2419 Karolus
684 2355 735 2419 dei
757 2355 858 2439 gratia
876 2354 1069 2437 Hungariae,
1092 2354 1281 2435 Dalmatiae,
1301 2354 1458 2434 01111111,
1481 2354 1607 2439 11111111,
1628 2355 1767 2437 Sentice,

369 2458 527 2539 Gallioiae,
551 2457 765 2540 Lodomeriae‚
789 2458 959 2522 (lomaniae
979 2458 1214 2542 Bulgariaeque
1236 2477 1295 2522 rex
1318 2458 1466 2523 omnibus
1481 2459 1598 2523 Christi
1620 2458 1768 2524 fidelibus

364 2561 586 2645 praesentibus
617 2568 649 2625 11
680 2563 799 2626 tuturis
821 2581 972 2646 praesens
1000 2563 1152 2645 scriptum
1175 2563 1367 2646 inspecturis
1397 2563 1531 2626 salutem
1555 2563 1588 2625 in
1623 2565 1767 2627 omnium

365 2665 533 2730 salvatore.
567 2665 722 2731 Generosi
744 2667 909 2750 sanguinis
932 2686 1044 2750 regum
1066 2666 1130 2729 alta
1145 2666 1293 2729 nobilitas
1316 2672 1393 2730 tune
1412 2667 1513 2749 gloria
1534 2672 1567 2730 11
1588 2667 1709 2731 honore
1731 2668 1765 2730 in
1803 2677 1834 2728 15

365 2771 458 2834 terris
487 2771 657 2854 praecipue
688 2777 869 2852 coronatur,
899 2791 973 2834 cum
996 2771 1244 2834 misericordiam
1266 2772 1376 2853 pietati
1402 2771 1535 2849 socians,
1567 2771 1767 2854 singulorum

365 2875 480 2938 merita
513 2874 659 2958 benignis
691 2875 791 2939 oculis
818 2876 963 2939 intuetur
993 2880 1026 2938 et
1055 2894 1129 2937 eum
1158 2895 1215 2958 pro
1247 2875 1389 2938 moribus
1420 2875 1515 2938 castis
1547 2881 1579 2939 et
1604 2875 1767 2939 laboribus

368 2978 475 3042 multis
498 2985 588 3061 grata
602 2979 822 3043 vicissitudine
844 2980 914 3043 suis
926 2977 1074 3042 fidelibus
1089 2980 1324 3062 correspondet.
1358 2978 1440 3042 Nam
1454 2978 1618 3061 potissime
1633 2977 1768 3042 subiecti

366 3089 444 3146 tunc
466 3083 500 3145 in
525 3083 643 3146 virtute
660 3083 820 3147 laetantur
841 3083 917 3145 boni
932 3083 1150 3165 praesidentis
1173 3102 1245 3146 eum
1262 3102 1318 3146 eos
1341 3082 1467 3146 extollit
1481 3082 1664 3164 honoribus,
1688 3083 1768 3146 ditat

366 3185 622 3270 possessionibus
644 3193 677 3251 et
698 3188 787 3251 dotat
808 3187 923 3270 regalis
947 3186 1182 3251 munificentiae
1212 3187 1379 3249 donativis.
1413 3186 1552 3250 Proinde
1575 3187 1614 3249 ad
1637 3186 1767 3250 univer·
1802 3194 1837 3248 20

367 3309 474 3354 sorum
506 3290 651 3353 notitiam
681 3290 795 3354 harum
817 3291 899 3354 serie
922 3290 1072 3354 volumus
1103 3291 1279 3374 pervenire,
1311 3291 1398 3372 quod
1421 3291 1471 3352 vir
1492 3290 1680 3373 magnificus
1702 3310 1768 3353 ma·

368 3394 466 3478 gister
486 3393 621 3457 Thomas
651 3413 758 3458 comes
790 3393 980 3476 sirmiensis,
1009 3394 1195 3457 Bachiensis
1224 3400 1257 3458 et
1283 3394 1468 3458 Orodiensis
1498 3395 1632 3458 dilectus
1660 3401 1769 3458 noster

367 3502 400 3561 et
421 3495 524 3561 fidelis
546 3497 586 3560 ad
616 3504 745 3560 nostrae
773 3498 947 3560 maiestatis
976 3497 1185 3581 personaliter
1215 3500 1369 3562 accedens
1399 3499 1610 3581 praesentiam
1633 3504 1665 3561 et
1691 3516 1768 3561 suae

367 3600 528 3665 fidelitatis
551 3601 681 3665 servitia
696 3600 788 3663 nobis
811 3601 850 3664 ab
874 3602 947 3663 olim
971 3621 1105 3684 magnae
1121 3601 1302 3685 diligentiae
1317 3603 1422 3666 studio
1445 3603 1589 3684 impensa
1603 3600 1767 3664 declarans

368 3712 400 3770 et
414 3705 555 3789 praemia
574 3705 797 3769 donativorum
820 3712 948 3769 nostrae
971 3707 1090 3789 gratiae
1112 3725 1146 3769 se
1163 3706 1293 3789 dignum
1312 3707 1465 3787 consequi
1482 3705 1648 3783 arbitrans,
1672 3724 1766 3786 quas·
1802 3712 1837 3767 25

369 3810 440 3873 dam
463 3810 680 3893 possessiones
694 3809 844 3873 Andreae
859 3808 916 3872 filii
932 3809 1030 3893 Ipooh
1052 3809 1189 3874 infidelis
1212 3812 1312 3874 nostri
1334 3812 1368 3873 in
1391 3810 1535 3893 partibus
1549 3809 1767 3872 'l'ransiluanis

368 3915 542 3978 existentes
561 3912 746 3996 Nogsuyou,
769 3913 905 3997 Pozpus,
931 3915 1034 3993 Barla,
1058 3913 1198 3997 Serleng
1229 3914 1456 3995 Simontelulre,
1491 3911 1629 3991 Warhel
1658 3910 1768 3992 Radla,

368 4017 628 4098 Hermantelulra
653 4016 764 4099 Sebns,
784 4017 935 4101 Greseph,
951 4017 1085 4101 Solmus,
1101 4017 1263 4101 Sarpatalv‚
1279 4017 1480 4098 Sarumberh‚
1495 4017 1613 4098 Pynar,
1628 4014 1767 4098 Knezeg

371 4123 582 4205 Unkatelulre,
611 4120 879 4205 Kurtbwyllropu,
901 4121 1078 4206 Nogfilpus‚
1101 4121 1332 4205 Kyssepfilpus
1356 4120 1578 4203 81111111111,
1610 4119 1768 4183 Haraztus

369 4232 401 4291 et
415 4225 750 4307 Barthaleusvvyfolva
763 4233 893 4290 vocatas
908 4246 927 4290 a
942 4227 1034 4290 nobis
1053 4232 1207 4311 perpetuo
1224 4226 1282 4289 sibi
1299 4226 1366 4288 dari
1382 4232 1414 4289 et
1429 4225 1565 4288 conferri
1585 4223 1767 4308 postulavit.
1803 4232 1838 4286 30

369 4330 437 4395 Nos
458 4331 557 4414 igitur
587 4329 726 4393 adhaec
756 4332 919 4414 proposita
950 4331 1101 4394 intuitum
1125 4336 1252 4394 nostrae
1275 4329 1537 4393 considerationis
1564 4327 1768 4392 sublevantes

369 4441 401 4499 et
420 4433 582 4498 fidelitatis
610 4433 819 4516 fideliumque
848 4435 1053 4498 servitiorum
1082 4435 1196 4499 merita
1216 4435 1317 4517 ipsius
1339 4435 1481 4517 magistri
1503 4433 1641 4496 l'homae
1663 4433 1767 4496 consi-

369 4540 532 4623 derantes,
563 4557 645 4621 quaa
673 4558 747 4602 oum
778 4538 889 4602 sedula
919 4537 1134 4602 sollicitudine
1164 4557 1240 4602 suae
1271 4557 1426 4622 personae
1456 4538 1549 4602 nobis
1579 4545 1612 4601 11
1640 4543 1768 4601 sanctae

368 4644 473 4727 regiae
489 4648 616 4707 nostrae
631 4661 768 4706 coronae
783 4641 930 4706 exhibuit
951 4647 984 4706 et
998 4643 1161 4725 impendit,
1184 4650 1216 4707 et
1238 4641 1428 4726 generaliter
1450 4642 1490 4705 ad
1513 4642 1620 4705 omnia
1635 4641 1769 4705 adversa

369 4767 403 4812 se
431 4767 490 4832 pro
513 4746 606 4811 nobis
635 4746 769 4811 viriliter
791 4765 956 4830 opponens
985 4753 1018 4810 et
1047 4766 1106 4810 sua
1135 4765 1302 4830 exponens
1322 4744 1483 4811 fidelitatis
1512 4746 1642 4810 servitia
1672 4744 1768 4810 laude
1803 4751 1837 4805 35

369 4851 465 4935 digna
494 4851 618 4915 exstitit
647 4855 845 4933 prosecutus,
876 4869 959 4932 quae
989 4849 1116 4933 speciali
1147 4850 1359 4913 declaratione
1390 4870 1583 4932 sermonum,
1605 4869 1706 4933 pauca
1729 4850 1768 4913 de

369 4954 516 5039 pluribus
544 4954 765 5038 praesentibus
788 4955 940 5018 duximus
970 4954 1160 5035 annotanda,
1184 4953 1367 5035 quodcum
1390 4954 1499 5017 divina
1521 4959 1682 5017 annuente
1705 4953 1768 5018 cle-

369 5060 490 5123 mentia
518 5058 558 5122 ad
581 5059 819 5123 serenissimum
842 5058 970 5121 culmen
999 5059 1163 5142 regiminis
1184 5058 1362 5141 Hungan‘ci
1388 5059 1630 5122 accessissemus
1652 5056 1768 5140 guber-

368 5162 520 5245 nandum,
549 5163 618 5246 ipse
648 5161 798 5244 magister
818 5161 953 5224 Thomas
985 5180 1061 5225 mox
1090 5162 1184 5251 nobis
1214 5162 1389 5225 adhaerens
1411 5167 1444 5226 et
1473 5162 1624 5225 continue
1647 5159 1769 5242 absque

369 5266 624 5350 interpellatione
645 5264 737 5329 lateri
751 5270 861 5329 nostro
884 5266 1036 5329 assistens
1059 5285 1101 5330 ex
1123 5266 1232 5330 multis
1246 5265 1373 5329 iniuriis
1395 5264 1455 5329 sibi
1477 5284 1535 5348 pro
1559 5264 1651 5328 nobis
1673 5264 1768 5327 illatis
1802 5268 1838 5322 40

369 5369 504 5454 penuria
525 5375 558 5433 11
579 5370 678 5432 nimia
699 5374 838 5452 egestate
859 5369 893 5431 in
917 5388 952 5433 se
974 5375 1007 5433 et
1020 5389 1097 5433 suos
1120 5369 1259 5450 affectus,
1282 5389 1342 5432 neo
1356 5368 1490 5433 subsidii
1506 5368 1616 5432 valens
1638 5367 1769 5431 anobis

369 5471 487 5537 habere
507 5472 660 5558 solamen,
681 5479 812 5556 propter
833 5473 924 5556 regni
939 5474 1042 5536 nostri
1063 5473 1226 5537 intensum
1246 5473 1413 5537 discidium
1436 5490 1613 5553 numquam
1635 5491 1654 5534 a
1675 5470 1769 5535 nohis
