4086 6300
974 568 1129 663 „33⁶-

350 753 456 817 iudioe
469 753 579 818 curiae
593 753 736 818 eiusdem
752 754 898 819 dominae
913 755 1050 838 reginae,
1072 755 1178 819 Blasio
1201 755 1351 839 magistro
1367 774 1541 839 agasormm
1557 761 1749 839 nostrorum,

350 856 494 922 Dionisio
511 858 660 941 magistro
681 859 895 942 dapiferorum
918 863 1110 941 nostrorum,
1132 858 1263 922 Nioolao
1286 859 1401 922 comite
1417 859 1605 924 Posoniensi
1627 864 1660 923 et
1680 859 1749 924 odiis

354 981 451 1045 quam
472 961 619 1046 pluribus
640 963 731 1046 regni
753 963 854 1027 nostri
876 963 1045 1028 comitatus
1067 961 1250 1028 tenentibus
1273 967 1305 1026 et
1326 963 1471 1028 honores.

1003 1255 1099 1340 tot.

437 1435 639 1529 warenae
671 1441 778 1510 1323
796 1394 1008 1529 'eatenus
1035 1441 1070 1509 4.
1115 1438 1232 1528 Kasp
1258 1438 1353 1508 roa
1386 1436 1583 1529 trauseat
1608 1437 1751 1510 neue
1784 1455 1801 1508 ⁵

352 1559 426 1630 aad
446 1558 687 1631 Gescbworeoe
712 1583 777 1631 voa
795 1559 925 1646 Sabelle,
953 1559 1009 1631 die
1028 1557 1188 1631 Sobelbcr
1209 1557 1442 1630 Geistlicbteit
1457 1581 1537 1630 earn
1561 1557 1749 1630 Geborscm

350 1701 459 1771 papea
484 1680 552 1752 den
576 1679 891 1771 aebeaburpisebea
917 1679 1073 1767 Biscbof
1090 1701 1134 1750 aa
1159 1678 1343 1750 embolion.

509 1843 712 1913 Eiapescbultet
729 1859 783 1897 oon
793 1843 847 1897 den
859 1842 1020 1897 Koauenteu
1030 1841 1079 1895 dar
1091 1840 1295 1895 Dominitener
1305 1842 1364 1895 aad
1376 1841 1531 1896 Minoriten
1542 1858 1579 1895 au
1592 1840 1749 1895 Humana-

458 1928 638 2086 ἓᾶιᾶίωθᾷρ.
663 1928 872 1999 Kapitelarcba'o
890 1928 1057 1997 Koreoura
1081 1927 1137 1983 Die
1159 1926 1289 1983 Urtuude
1311 1927 1349 1981 tat
1373 1927 1460 1981 darcb
1478 1926 1666 1997 Feuobts'pkeit
1686 1927 1748 1980 aebr
1787 2012 1820 2067 10

515 2135 740 2206 Umoilatdudr‘pr
761 2136 874 2192 Teatacb
891 2136 1052 2191 Zebntrecbt
1068 2139 1111 2191 35.

511 2256 623 2327 Repeti:
644 2256 806 2312 Toritmlmi
823 2256 869 2311 tdr
887 2260 964 2325 1889,
982 2260 1042 2312 684.

511 2430 651 2496 Kurolus
684 2432 734 2495 dei
769 2432 871 2515 gratia
906 2451 965 2496 rex
997 2431 1182 2514 Hungariae
1217 2429 1366 2495 fidelibus
1402 2432 1469 2494 suis
1506 2431 1604 2494 iudici
1638 2428 1751 2493 iuratis

357 2529 391 2613 d[
495 2533 537 2618 ]¹)
560 2533 737 2617 hospitibus
759 2539 792 2598 et
813 2534 974 2598 universis
996 2534 1178 2598 Saxonibus
1201 2535 1240 2598 de
1262 2534 1376 2598 Schellr
1398 2535 1533 2598 salutem
1555 2538 1588 2597 et
1609 2534 1750 2616 mabam

354 2634 486 2699 Dudum
514 2634 658 2700 fidelitati
688 2643 813 2700 vestrae
840 2635 949 2700 literas
982 2642 1107 2700 nostras
1137 2638 1369 2702 transmisimus
1402 2656 1499 2721 super
1531 2653 1584 2717 eo,
1617 2655 1659 2700 ne
1691 2654 1749 2699 vos
1785 2643 1819 2695 15

355 2739 573 2803 sacerdotibus
593 2740 797 2804 ecclesiarum
813 2744 1001 2821 vestrarum,
1025 2740 1081 2821 qui
1102 2739 1136 2802 in
1151 2741 1382 2805 contumaciam
1398 2739 1494 2804 erecti
1519 2735 1605 2822 qua[
1709 2738 1751 2823 ]¹)

356 2847 468 2906 conus
488 2847 611 2926 patrem
633 2843 776 2927 ipsorum
798 2838 1019 2926 app[ellan]tes
1048 2846 1121 2925 post
1143 2843 1332 2906 sententiam
1361 2841 1699 2905 excommunicationis
1721 2846 1753 2905 et

355 2945 437 3027 ideo,
458 2945 486 3009 si
508 2945 571 3008 dici
591 2945 715 3030 appello
737 2946 850 3027 valeat,
873 2945 912 3008 ab
935 2944 1115 3009 obediontia
1137 2950 1170 3009 et
1191 2945 1298 3009 debita
1319 2945 1515 3008 subiectione
1538 2943 1679 3009 eiusdem
1702 2962 1752 3007 cc-

356 3047 470 3112 clesiae
480 3048 723 3113 Transsiluanae
745 3049 970 3111 inanimatum
986 3066 1097 3112 corum
1112 3045 1180 3131 grai
1351 3047 1393 3131 Ρ)
1400 3053 1520 3112 xerunt
1542 3052 1574 3111 et
1588 3046 1752 3130 acephales

356 3151 511 3234 fecerunt,
532 3170 575 3216 ne
596 3152 742 3215 faceretis
765 3157 797 3215 et
818 3171 859 3216 ne
874 3151 1014 3232 aliquem
1035 3151 1178 3214 favorem
1200 3152 1233 3212 in
1249 3152 1381 3215 crimine
1395 3150 1514 3215 eisdem
1529 3151 1752 3234 participantes
1787 3156 1822 3210 20

355 3255 590 3339 impenderetis.
628 3256 696 3318 Vos
717 3261 824 3319 autem
845 3253 953 3318 literas
975 3260 1101 3317 nostras
1123 3273 1187 3317 non
1211 3255 1376 3337 accepistis
1398 3273 1457 3318 nec
1479 3255 1627 3317 mandata
1645 3258 1754 3316 nostra

358 3357 370 3441 [
525 3358 569 3442 Γ)
593 3377 658 3421 non
681 3357 841 3420 modicum
857 3358 1059 3439 admiramur,
1076 3357 1235 3440 quomodo
1251 3356 1326 3419 tatia
1340 3357 1444 3420 iacere
1458 3363 1569 3421 contra
1590 3377 1649 3421 nos
1663 3376 1753 3441 prae-

358 3462 565 3546 sumpseritis.
588 3460 693 3537 Quare
716 3461 819 3524 adhue
840 3481 968 3523 rursum
987 3460 1130 3524 fidelitati
1153 3465 1278 3523 vostrae
1299 3458 1433 3523 firmiter
1454 3464 1486 3523 et
1507 3461 1648 3525 districte
1663 3480 1754 3544 prae-

357 3567 511 3649 cipientes
522 3565 718 3645 mandamus,
735 3569 892 3645 quatenus
912 3570 968 3627 aut
982 3560 1171 3647 prae[diotos
1187 3562 1377 3646 sacerdotes]
1390 3562 1429 3625 ad
1445 3563 1529 3627 illam
1543 3563 1753 3629 obedientiam

358 3672 390 3733 et
412 3667 549 3731 debitam
578 3667 805 3731 subiectionem
835 3666 977 3731 eiusdem
1007 3667 1146 3750 episcopi
1167 3666 1383 3730 Traussiluani
1412 3667 1563 3732 eeclesiae
1597 3686 1674 3731 suae
1697 3666 1753 3730 Al·
1788 3673 1821 3723 25

358 3770 473 3853 bensis,
502 3772 537 3834 in
568 3789 633 3852 qua
660 3789 680 3831 a
709 3768 895 3833 fundatione
925 3769 1024 3852 ipsius
1047 3770 1197 3832 eeclesiae
1227 3788 1352 3851 semper
1374 3776 1626 3852 permanserunt,
1650 3770 1754 3834 redire

358 3872 578 3957 com[pella]tis
608 3878 664 3936 aut
692 3873 778 3955 ipsos
808 3873 848 3937 de
878 3873 1018 3936 ecclesiis
1047 3873 1162 3935 vestris
1185 3868 1391 3955 {amoveatis}
1437 3872 1530 3949 Quod
1560 3875 1586 3936 si
1617 3873 1754 3936 feceritis

358 3976 440 4041 bene
475 3976 612 4057 quidem,
649 3975 791 4057 alioquin
821 3975 974 4038 noveritis
1012 3994 1070 4038 nos
1100 3975 1294 4038 commisisse
1323 3975 1490 4057 magnifico
1520 3977 1589 4039 viro
1618 3976 1755 4039 Thomae

358 4080 513 4143 vaivodae
541 4078 765 4142 Transsiluano
795 4077 903 4159 aliqua
932 4078 1098 4141 vobiscum
1128 4078 1354 4160 ordinandum,
1389 4079 1428 4142 de
1462 4080 1579 4162 quibus
1612 4079 1651 4143 ab
1685 4081 1754 4163 ipso

357 4183 488 4268 potestis
517 4183 677 4246 sciscitari
719 4181 855 4264 Insuper
884 4182 1035 4272 nolumus
1063 4177 1183 4264 ipsos[
1288 4181 1331 4265 Ρ)
1354 4201 1451 4266 super
1482 4183 1540 4246 hoc
1570 4184 1754 4266 scripsimus
1788 4187 1824 4240 30

359 4286 487 4349 domino
516 4290 626 4349 nostro
655 4304 755 4368 papae
785 4283 991 4365 notificantes,
1022 4285 1109 4366 quod
1131 4284 1221 4347 nulla
1242 4285 1364 4348 ratione
1388 4286 1451 4367 pati
1474 4285 1633 4367 volumus,
1668 4285 1755 4366 quod

358 4388 491 4472 praelati
504 4394 537 4452 et
551 4387 702 4452 ecclesiae
724 4390 815 4470 regni
836 4388 937 4451 nostri
960 4393 1052 4451 extra
1066 4406 1200 4471 regnum
1217 4392 1364 4450 nostrum
1379 4388 1419 4450 ad
1440 4386 1634 4471 longinquas
1649 4394 1755 4471 partes

359 4489 524 4577 [ciuntur
549 4490 602 4556 vel
623 4492 658 4554 in
686 4511 813 4555 oausam
844 4491 1050 4572 attrahantur,
1074 4487 1085 4572 [
1241 4488 1282 4573 1⁰)
1305 4491 1466 4573 aggravati
1497 4491 1595 4554 nimia
1616 4495 1755 4574 egestate

358 4595 502 4660 laborare
523 4596 762 4680 compellantur.
799 4593 917 4658 Datum
940 4595 973 4657 in
995 4594 1172 4677 Wisegrad,
1195 4593 1352 4656 dominica
1373 4594 1519 4677 proxima
1541 4598 1615 4657 ante
1636 4593 1753 4657 festum

359 4700 534 4764 nativitatis
555 4699 689 4782 virginis
711 4698 875 4781 gloriosae,
898 4716 981 4760 anno
1006 4698 1124 4761 domini
1148 4675 1188 4760 ti.
1212 4696 1288 4761 CCC
1315 4675 1439 4760 xxiii.
1790 4703 1824 4755 ³5

515 4870 536 4938 ι)
553 4868 654 4935 cue,
671 4872 690 4923 a
710 4865 869 4923 aarum
887 4867 964 4922 urea

514 4954 536 5021 ¹)
553 4959 572 5009 s
592 4953 759 5010 mamm.

515 5040 537 5108 ⁸)
554 5043 572 5096 s
592 5039 759 5095 aarum.

514 5128 536 5193 ⁴)
553 5129 598 5181 re
617 5124 785 5180 mamea.

515 5212 537 5280 ὅ)
553 5216 572 5267 a
591 5210 758 5267 omma.

515 5299 537 5365 ⁸)
554 5301 599 5353 aa
618 5295 785 5353 neum,
