4088 6292
955 635 1109 730 —22-e—

337 828 456 892 tionem
478 826 656 892 medietatis
688 826 790 890 dictae
813 832 916 889 terrae
939 824 1125 888 Gerebenus
1147 845 1253 889 comes
1274 825 1439 889 Johannes
1461 823 1663 909 praelibatus,
1694 824 1735 887 si-

334 932 452 996 militer
481 932 550 995 sine
573 930 765 1014 praeiudicio
792 930 872 993 iuris
894 929 998 1009 alieni,
1031 929 1170 993 dedisset
1199 934 1232 993 et
1253 930 1416 992 statuisset
1437 927 1567 991 Ehelleo
1598 928 1736 991 vicerat·

335 1035 437 1099 rodae
459 1039 645 1119 praenotato
668 1035 846 1118 portionem
862 1053 952 1097 suam
974 1034 1009 1095 iu
1031 1037 1116 1096 terra
1130 1032 1340 1097 Heuduasara
1362 1039 1475 1095 vocata
1493 1037 1525 1094 et
1546 1031 1736 1095 Ileertelulre

336 1160 372 1203 ac
394 1140 429 1202 iu
451 1144 537 1203 terra
558 1138 671 1220 Bykus
701 1138 807 1221 ipsum
837 1137 1083 1218 contingentem,
1113 1137 1196 1200 sicut
1226 1137 1308 1200 dixit
1329 1142 1467 1219 emptam
1493 1134 1645 1213 eiusdem,
1675 1133 1735 1196 sub

335 1244 428 1308 metis
459 1249 491 1309 et
521 1243 665 1307 terminis
695 1246 791 1325 prout
820 1240 904 1303 idem
928 1241 1031 1303 tenuit
1058 1246 1090 1303 et
1112 1240 1260 1324 possedit,
1291 1246 1323 1304 et
1345 1247 1460 1303 terram
1484 1237 1653 1301 Gumbuoh
1675 1236 1734 1300 sub
1770 1248 1786 1299 5

337 1348 430 1412 metis
452 1347 536 1410 inira
558 1346 692 1430 scriptis,
723 1345 816 1408 cuius
839 1349 941 1408 terrae
965 1343 1133 1407 Gumbuch
1155 1350 1267 1423 metae,
1295 1344 1377 1405 siout
1399 1343 1433 1406 in
1455 1341 1615 1426 prioribus
1635 1340 1736 1404 literis

335 1451 454 1514 uostris
475 1449 726 1533 privilegialibus
754 1468 852 1533 super
878 1449 1038 1532 emptione
1068 1448 1168 1532 ipsius
1191 1454 1294 1511 terrae
1324 1447 1477 1510 emanatis
1499 1446 1638 1509 vidimus
1661 1464 1736 1508 oon-

336 1555 440 1636 tineri,
463 1554 568 1619 taliter
590 1554 841 1636 distinguuntur,
863 1552 965 1636 prima
985 1551 1133 1615 videlicet
1154 1558 1239 1616 meta
1261 1551 1405 1635 incipite
1427 1556 1516 1634 parte
1537 1548 1736 1612 meridionali

335 1659 370 1722 in
399 1678 465 1722 uno
493 1658 598 1739 berch,
629 1658 686 1740 qui
716 1662 765 1720 est
793 1657 878 1720 inter
909 1662 1025 1719 terram
1055 1655 1225 1719 Gumbuch
1254 1661 1287 1718 et
1316 1661 1433 1718 terram
1462 1654 1544 1733 Ana,
1575 1652 1630 1715 ubi
1661 1658 1737 1716 sunt

336 1762 418 1825 duae
448 1780 550 1826 novae
579 1765 682 1824 metae
712 1765 842 1843 terreae,
873 1766 905 1824 et
934 1759 1098 1823 descendit
1126 1759 1219 1822 iuxta
1246 1758 1358 1821 silvam
1389 1757 1558 1820 Gumbuch
1587 1762 1619 1820 et
1652 1757 1736 1819 cadit
1772 1764 1805 1817 10

336 1866 430 1929 iuxta
459 1866 592 1929 eandem
622 1865 736 1928 silvam
764 1864 804 1927 ad
833 1864 939 1927 rivum
962 1863 1140 1943 Gumbuch,
1169 1864 1204 1924 in
1233 1862 1389 1946 superiori
1416 1868 1506 1944 parte
1528 1861 1736 1944 possessionis

337 1968 506 2033 Gumbueh
535 1969 619 2031 intra
648 1968 761 2031 silvam
784 1967 953 2032 Gumbuch
981 1973 1013 2030 et
1042 1965 1085 2028 ibi
1116 1973 1193 2029 sunt
1215 1965 1358 2028 similiter
1385 1965 1466 2028 duae
1489 1972 1591 2029 metae
1615 1969 1736 2028 terreae

337 2093 379 2138 ex
401 2092 486 2137 novo
510 2078 633 2137 erectae
664 2078 696 2136 et
723 2072 769 2135 sic
798 2070 994 2134 transeundo
1025 2070 1131 2132 rivum
1160 2075 1370 2133 memoratum
1400 2070 1543 2133 ascendit
1573 2070 1612 2134 ad
1635 2089 1736 2133 imum

336 2178 432 2242 berch
454 2196 512 2261 per
532 2177 624 2240 binas
646 2182 747 2240 metas
769 2182 801 2240 et
823 2176 950 2239 crebras
972 2192 1070 2257 prope
1086 2173 1199 2236 silvam
1215 2181 1247 2236 et
1269 2173 1370 2236 tendit
1385 2173 1425 2235 ad
1441 2193 1543 2236 uuum
1558 2173 1736 2254 Kuzberch,

338 2282 456 2346 exinde
478 2281 582 2363 vergit
604 2301 717 2344 versus
740 2281 892 2344 orientem
924 2298 981 2362 per
1003 2297 1103 2341 novas
1132 2283 1232 2341 metas
1263 2283 1295 2341 et
1316 2277 1463 2360 pervenit
1492 2278 1531 2340 ad
1554 2278 1736 2360 indaginem
1773 2283 1805 2334 15

337 2385 442 2467 Molo,
473 2384 588 2449 abinde
618 2385 782 2448 descendit
812 2403 870 2468 per
899 2402 1000 2445 novas
1022 2387 1121 2444 metas
1152 2387 1281 2464 aparte
1311 2380 1387 2442 solis
1410 2387 1442 2444 et
1467 2380 1552 2444 cadit
1572 2380 1612 2443 ad
1634 2373 1736 2443 ununi

339 2488 509 2552 Gumbuch
532 2494 565 2553 et
585 2488 630 2551 ibi
653 2494 730 2552 suut
751 2487 834 2551 duae
856 2506 958 2551 novae
981 2491 1083 2549 metae
1099 2492 1131 2549 et
1147 2504 1187 2548 ex
1210 2485 1272 2546 alie
1292 2490 1382 2567 parte
1404 2485 1466 2546 rivi
1489 2482 1633 2545 similiter
1655 2482 1736 2545 duae

343 2596 457 2674 metae,
480 2592 594 2656 deinde
617 2592 760 2656 ascendit
781 2591 821 2655 ad
836 2596 958 2675 partem
973 2588 1250 2673 septentrionalem
1270 2594 1302 2650 et
1316 2588 1463 2670 pervenit
1484 2586 1524 2649 ad
1542 2586 1737 2668 superiorem

336 2694 433 2761 finem
456 2697 555 2760 silvae
577 2696 658 2778 Ana,
689 2700 721 2759 et
748 2695 791 2758 ibi
814 2695 849 2757 in
876 2713 941 2757 uno
966 2693 1061 2757 berch
1083 2698 1160 2756 sunt
1182 2691 1263 2755 duae
1286 2695 1390 2754 metae
1413 2709 1515 2753 novae
1537 2690 1576 2753 de
1599 2696 1685 2752 terra
1705 2694 1738 2752 et

337 2800 383 2863 sic
405 2801 577 2864 revertitur
605 2818 662 2882 per
684 2817 784 2860 novas
806 2802 907 2860 metas
929 2797 970 2859 ad
991 2797 1124 2879 primam
1147 2801 1263 2859 metam
1287 2794 1462 2878 capitalem,
1492 2813 1566 2857 cum
1589 2792 1737 2855 omnibus
1772 2799 1807 2853 ‘20

336 2903 528 2967 utilitatibus
557 2903 698 2986 ipsarum
729 2905 886 2964 terrarum
917 2900 1000 2963 sicut
1021 2900 1053 2962 in
1078 2899 1252 2983 privilegiis
1275 2899 1342 2960 suis
1365 2918 1461 2981 snper
1490 2897 1650 2980 emptione
1673 2895 1737 2959 dic-

337 3012 439 3071 tarum
472 3013 627 3070 terrarum
660 3004 813 3068 emanatis
843 3004 1034 3083 continetur,
1065 3003 1177 3066 eodem
1207 3003 1301 3064 modo
1326 3003 1394 3064 iure
1424 3008 1577 3085 perpetuo
1600 3001 1633 3062 in
1656 2998 1738 3062 filios

336 3109 476 3174 filiorum
498 3111 706 3195 possidendas
729 3113 761 3172 et
782 3107 952 3185 habendas,
975 3106 1071 3170 Petro
1094 3107 1208 3169 comite
1231 3106 1270 3168 de
1293 3105 1416 3168 Forrou
1439 3111 1471 3167 et
1492 3103 1649 3167 Lucacbio
1672 3101 1737 3165 filio

337 3213 474 3278 Ladislai
504 3214 543 3278 de
574 3221 683 3278 sancto
705 3212 862 3291 Jobanne,
892 3231 950 3295 pro
981 3230 1015 3273 se
1045 3217 1077 3273 et
1104 3209 1271 3272 Dominico
1302 3209 1399 3270 tratre
1430 3227 1497 3287 suo,
1530 3207 1738 3291 personaliter

337 3336 442 3381 coram
478 3316 570 3380 nobis
603 3317 794 3397 astantibus,
832 3317 915 3379 sicut
952 3315 1105 3377 dixerunt
1138 3313 1363 3375 commetaneis
1396 3312 1537 3395 ipsarum
1571 3316 1736 3392 terrarum,
1772 3316 1805 3370 25

338 3421 578 3484 commutationi
600 3420 782 3484 huiusmodi
805 3420 960 3483 dictarum
983 3423 1139 3480 terrarum
1160 3417 1396 3479 consensissent
1412 3421 1444 3477 et
1466 3433 1632 3478 assensum
1646 3434 1737 3498 prae-

338 3524 459 3605 berent,
481 3528 579 3607 prout
600 3529 677 3588 sunt
698 3522 843 3585 confessi.
867 3523 1077 3585 Assumentes
1099 3525 1131 3585 et
1154 3520 1330 3603 obligantes
1352 3538 1386 3582 se
1408 3525 1522 3581 mutuo
1546 3519 1628 3581 idem
1652 3519 1737 3581 rice-

336 3628 474 3690 raivoda
506 3633 539 3691 et
571 3647 677 3691 comes
705 3626 877 3706 lohannes,
910 3631 947 3688 ut
977 3644 1200 3707 quaecumque
1233 3625 1373 3708 partium
1402 3642 1554 3705 processu
1586 3622 1737 3704 temporis

338 3751 435 3815 super
450 3731 543 3795 terris
561 3731 628 3794 suis
643 3730 837 3815 praenotatis
852 3749 909 3812 per
924 3729 1144 3791 concambium
1160 3728 1326 3810 assignatis
1342 3728 1549 3808 impeteretur
1564 3724 1616 3786 vel
1630 3725 1663 3785 in
1685 3724 1736 3786 ius

339 3840 536 3917 evocaretur,
559 3854 632 3918 pars
655 3835 716 3898 alia
739 3839 902 3897 teneretur
923 3833 1060 3916 propriis
1081 3830 1245 3894 laboribus
1268 3838 1299 3893 et
1322 3830 1471 3912 expensis
1493 3834 1614 3912 partem
1637 3827 1735 3910 impe·
1771 3832 1806 3887 30

339 3939 436 4002 ditam
466 3959 523 4023 per
555 3939 661 4002 omnia
689 3938 841 4022 expedire
871 3942 903 4000 et
931 3937 966 3998 in
996 3935 1127 4019 pacifica
1159 3937 1359 4018 possessione
1393 3934 1550 3997 dictarum
1580 3937 1737 3995 terrarum

337 4044 496 4109 indefesse
518 4062 716 4107 conservare.
746 4041 791 4106 Ut
809 4041 907 4124 igitur
929 4039 1108 4123 praedictae
1128 4039 1392 4101 commutationes
1408 4037 1562 4100 dictarum
1580 4041 1736 4100 terrarum

338 4148 437 4212 robur
465 4147 630 4211 obtineant
662 4151 835 4231 perpetuae
863 4143 1020 4206 1101111111
1054 4161 1113 4206 nec
1149 4148 1251 4205 tractu
1282 4142 1433 4224 temporis
1466 4160 1523 4224 per
1556 4140 1735 4223 quempiam

339 4253 463 4336 possint
484 4250 649 4315 retractari
679 4249 731 4313 vel
759 4249 794 4311 in
821 4247 946 4310 irritum
968 4245 1121 4328 revocari,
1152 4244 1192 4307 ad
1213 4251 1400 4328 perpetuam
1423 4245 1469 4308 rei
1491 4244 1677 4307 memoriam
1698 4242 1738 4306 ad

338 4356 524 4439 petitionem
557 4355 697 4437 partium
730 4352 838 4416 literas
875 4355 1001 4414 nostras
1035 4354 1220 4432 praesentes
1253 4349 1469 4412 concessimus
1506 4346 1601 4430 sigilli
1637 4345 1739 4409 nostri
1773 4352 1807 4405 35

338 4459 515 4522 munimine
530 4457 702 4521 roboratas.
724 4455 844 4519 Datum
858 4455 892 4517 in
909 4453 1081 4535 quindenis
1096 4452 1310 4533 Pentecostes,
1333 4472 1417 4515 anno
1438 4451 1558 4515 domini
1572 4450 1739 4514 millesimo

338 4563 561 4627 trecentesimo
577 4561 680 4626 tertio.
696 4558 856 4643 Stephano
871 4558 1061 4642 praeposito,
1073 4562 1240 4621 cantoratu
1256 4561 1398 4637 vacante,
1412 4555 1585 4618 Vincencio
1598 4553 1739 4636 custode,

340 4664 484 4748 Nycolao
507 4666 627 4730 11001110
650 4663 800 4728 ecclesiae
821 4666 950 4725 nostrae
973 4659 1195 4725 existentibus.

992 4934 1088 5026 300.

414 5110 521 5180 1304
554 5104 698 5181 Joauor
723 5109 789 5180 26.
842 5103 920 5179 Dos
959 5106 1260 5181 Grooswordciacr
1291 5102 1435 5196 Kapitel
1470 5099 1615 5194 1010191,
1656 5099 1737 5171 dass
1771 5110 1807 5168 40

340 5230 510 5303 Mbolous
536 5228 631 5303 Sobn
659 5222 816 5323 prma's
851 5229 907 5300 die
932 5227 1059 5317 Hdtftc
1094 5227 1157 5300 dar
1186 5226 1374 5317 Besitauap
1406 5222 1666 5314 Gerpcscbdors
1693 5243 1740 5291 011

338 5352 514 5444 Mnester
541 5350 899 5439 1011101101
925 5350 995 5422 11.

494 5496 698 5567 Eirapcscbaltet
719 5513 773 5552 voa
796 5496 857 5551 dem
885 5494 1110 5564 Wecsabarya
1134 5492 1250 5562 Kapitet
1274 5495 1350 5558 1307,
1380 5489 1456 5559 Ortp.
1486 5487 1590 5558 Unger.
1614 5486 1739 5542 Laiades·

442 5584 537 5641 metio
553 5583 706 5655 Budapeet.
