4106 6294
1000 618 1154 714 Q

379 806 461 870 dixit
483 807 568 888 quod
594 808 672 870 tales
694 808 804 871 literae
827 807 915 871 nullo
939 808 1033 871 modo
1052 808 1168 881 valent,
1190 828 1259 870 neo·
1273 808 1340 891 ipse
1363 808 1443 871 vidit
1465 826 1618 888 umquam
1641 806 1779 890 deipsis

378 911 485 975 literis.
531 912 610 975 Item
644 913 858 992 iuterrogatus
892 932 988 995 super
1022 912 1132 975 ultimo
1165 911 1298 974 articulo
1332 912 1371 974 de
1404 911 1531 994 publiea
1564 911 1663 988 tama,
1697 910 1779 973 dixit

379 1035 455 1079 vera
483 1035 567 1090 esse,
597 1035 679 1098 quae
709 1018 740 1078 in
771 1018 840 1098 ipso
872 1015 1004 1078 articulo
1035 1016 1254 1091 roufinentur,
1286 1015 1391 1096 quoad
1419 1015 1579 1097 praediota
1613 1014 1779 1077 testificata

378 1139 435 1203 per
457 1138 539 1183 euru.
562 1120 781 1202 Interrogatus
805 1121 965 1201 quomodo
982 1121 1049 1199 soit,
1073 1120 1153 1183 dixit
1176 1121 1252 1201 quia
1274 1127 1323 1183 est
1341 1120 1502 1182 notorium
1524 1119 1558 1181 in
1581 1124 1647 1182 tntu
1670 1138 1777 1201 reguo.

378 1223 597 1307 Interrogatus
613 1224 690 1305 quid
706 1233 755 1288 est
770 1224 897 1306 publiea
919 1244 983 1287 vox
1008 1225 1153 1291 etfama
1177 1224 1258 1286 dixit
1280 1224 1367 1305 quod
1390 1229 1439 1285 est
1454 1222 1541 1293 illud,
1566 1222 1652 1303 quod
1667 1242 1778 1286 omnes
1812 1231 1830 1281 5

378 1329 591 1392 communiter
613 1329 719 1392 sciunt
740 1330 785 1390 ita
807 1348 885 1397 esse,
909 1329 992 1391 sicut
1014 1330 1103 1392 dixit.

532 1431 691 1495 Dominus
714 1433 835 1495 Paulus
865 1434 1063 1516 praepositus
1087 1432 1292 1515 Srepisiensis
1323 1433 1411 1495 testis
1442 1433 1656 1513 interrogatus
1682 1450 1779 1514 super

378 1537 480 1620 primo
511 1536 645 1599 articulo
676 1538 731 1618 qui
762 1537 873 1619 iuoipit
893 1537 1052 1619 Imprimis
1085 1542 1117 1599 et
1139 1542 1252 1602 uetera.
1286 1536 1368 1597 dixit
1401 1555 1435 1599 se
1467 1536 1526 1597 hoo
1557 1542 1682 1598 tautum
1703 1535 1777 1597 inde

379 1640 469 1713 seire,
500 1640 586 1721 quod
609 1639 717 1703 literae
740 1640 895 1703 baronum
920 1641 1040 1721 talium,
1063 1647 1099 1703 ut
1121 1648 1198 1724 puta
1219 1640 1342 1702 comitis
1368 1639 1508 1722 palatini,
1540 1640 1651 1702 iudicis
1674 1639 1778 1722 regiae

379 1745 495 1824 euriae,
526 1744 580 1806 sed
612 1744 745 1806 aliorum
777 1745 963 1807 inferiorum
994 1746 1103 1825 uesoit,
1132 1746 1255 1807 iaciunt
1275 1743 1371 1806 fidem
1402 1743 1441 1806 de
1464 1743 1532 1823 biis,
1563 1762 1644 1823 quae
1667 1743 1778 1805 ordIne
1816 1751 1850 1802 lo

380 1848 545 1911 Iudiciaria>
577 1850 659 1911 faeta
688 1857 764 1911 sunt
787 1867 891 1911 eoram
916 1848 1017 1910 eisin
1041 1850 1145 1912 earisis
1167 1848 1318 1910 laieorum
1345 1847 1394 1910 vel
1417 1846 1607 1910 elericorum
1629 1848 1655 1910 si
1679 1854 1779 1910 atten-

380 1958 477 2016 tasset
498 1954 632 2015 clericus
666 1961 777 2014 eontra
806 1952 920 2015 laicum
945 1971 1072 2014 sarisam
1097 1951 1220 2030 habere,
1255 1970 1361 2013 eoram
1383 1950 1542 2034 praedicto
1566 1952 1704 2034 palatino
1727 1951 1779 2014 vel

381 2056 484 2120 iudice
507 2076 604 2139 super
627 2056 734 2139 aliqua
756 2076 790 2119 re
815 2056 985 2139 repetendo
1007 2063 1039 2119 et
1060 2074 1078 2118 e
1101 2074 1266 2135 converso,
1295 2061 1327 2117 et
1347 2055 1381 2116 iu
1404 2054 1458 2117 tali
1482 2075 1558 2118 casu
1581 2074 1638 2118 seu
1661 2055 1701 2119 de
1724 2055 1778 2118 tali

382 2178 478 2221 caiisa
500 2159 609 2223 literae
639 2161 873 2242 praedictorum
905 2160 1034 2243 palatini
1064 2168 1096 2221 et
1122 2160 1237 2221 iudicis
1259 2158 1355 2221 fidem
1378 2159 1500 2222 sariunt
1529 2159 1561 2221 in
1585 2159 1655 2222 foro
1679 2159 1778 2222 eoele-

380 2264 505 2325 siastieo
528 2263 567 2326 de
590 2265 821 2327 consuetudine
844 2265 917 2327 dieti
941 2265 1039 2345 regni.
1072 2263 1292 2344 Interrogatus
1315 2263 1475 2343 quomodo
1499 2263 1565 2344 seit,
1588 2263 1670 2325 dixit
1692 2262 1777 2343 quod
1816 2271 1849 2321 15

379 2386 437 2449 per
471 2375 571 2429 totum
603 2387 736 2448 regnum
767 2369 812 2431 sio
841 2375 987 2431 servatur
1016 2374 1047 2429 et
1076 2369 1144 2449 ipse
1174 2367 1264 2429 testis
1294 2366 1464 2447 aliquande
1492 2366 1552 2428 init
1575 2368 1672 2429 ludex
1695 2366 1778 2449 regis

380 2476 411 2533 et
433 2471 466 2533 in
488 2472 557 2553 ipso
579 2472 721 2534 iudioatu
745 2471 864 2554 pluries
886 2472 1040 2535 iudicavit
1061 2472 1238 2535 seeundum
1264 2471 1356 2534 talem
1381 2470 1655 2534 consuetudinem.
1677 2470 1779 2534 Inter·

378 2579 508 2657 rogatus
531 2576 561 2637 in
586 2595 723 2656 quornm
746 2577 859 2655 causis,
890 2577 1018 2658 quaudo
1049 2585 1080 2639 et
1104 2575 1158 2638 ubi
1181 2581 1213 2638 et
1242 2575 1358 2655 quibus
1381 2574 1610 2657 praesentibus,
1641 2575 1723 2637 dixit
1744 2594 1779 2637 se

380 2698 445 2741 non
468 2679 634 2741 reeordari.
675 2680 755 2742 item
786 2681 999 2762 iuterrogatus
1031 2700 1127 2762 super
1149 2657 1188 2741 1⁰1.
1212 2683 1245 2742 et
1265 2657 1322 2742 Ill.
1346 2679 1488 2741 articulis
1515 2678 1574 2741 sibi
1597 2678 1687 2741 lectis
1709 2677 1779 2739 dili-

379 2788 491 2864 genter
513 2791 545 2845 et
575 2784 730 2863 distinete,
762 2784 842 2847 dixit
864 2804 899 2847 se
930 2784 1007 2847 nihil
1030 2784 1118 2846 seire.
1162 2783 1244 2846 Item
1273 2782 1486 2863 interrogatus
1516 2801 1612 2864 super
1633 2759 1705 2843 llll.
1730 2801 1779 2843 ar-
1815 2788 1850 2842 20

380 2886 476 2950 tinnio
508 2888 567 2950 sibi
599 2887 691 2957 leuto,
719 2887 808 2951 leotis
839 2887 934 2950 etiam
965 2887 1022 2950 sibi
1059 2886 1167 2967 literis,
1202 2886 1241 2949 de
1272 2884 1389 2966 quibus
1418 2885 1493 2947 iooit
1525 2886 1593 2967 ipse
1626 2885 1780 2948 articulus

380 2992 583 3059 mentionem,
612 2992 692 3053 dixit
716 2992 799 3073 quod
824 2991 932 3073 eredit
961 2991 1047 3072 quod
1069 2992 1156 3075 ipsae
1178 2990 1287 3053 literae
1310 3009 1374 3051 non
1397 2988 1515 3052 iuoiant
1537 2989 1660 3071 plenam
1684 2989 1780 3052 fidem

380 3115 426 3176 eo,
450 3096 536 3176 quod
560 3115 621 3157 non
647 3096 791 3176 requisiti
815 3115 833 3156 a
857 3094 961 3157 iudice
983 3113 1094 3158 eorum
1117 3095 1335 3157 testimonqur
1354 3093 1565 3176 protulerunt
1589 3094 1672 3155 siout
1693 3095 1780 3176 ipsae

380 3200 488 3262 literae
512 3199 661 3268 iudicant.
685 3220 722 3262 eo
746 3202 840 3263 etiam
856 3199 942 3281 qnod
965 3198 1084 3262 similes
1098 3197 1205 3260 literas
1228 3199 1259 3258 in
1284 3217 1359 3259 oasu
1383 3196 1479 3259 simili
1494 3215 1668 3278 numquam
1693 3197 1779 3260 sidit

380 3304 461 3367 Item
469 3306 490 3381 ¹)
520 3305 733 3385 interrogatus
763 3323 859 3387 super
891 3281 929 3364 ll.
960 3301 1093 3365 articulo
1124 3300 1183 3363 sIbi
1218 3301 1298 3363 lecto
1328 3300 1503 3381 diligenter,
1534 3299 1616 3362 dixit
1637 3300 1721 3363 idem
1743 3308 1782 3364 ut
1816 3310 1849 3361 25

380 3426 477 3490 supra
499 3406 531 3467 iu
555 3407 656 3488 primo
680 3406 813 3469 articulo
836 3414 868 3471 et
890 3407 975 3470 aliud
998 3407 1072 3469 inde
1088 3407 1196 3468 nescit.
1223 3404 1304 3467 item
1319 3404 1533 3486 interrogatus
1549 3424 1646 3488 super
1661 3383 1715 3467 ili.
1731 3424 1780 3467 ar-

380 3510 477 3573 tioulo
500 3510 560 3573 sibi
583 3508 663 3572 lecto
687 3510 862 3593 diligenter,
884 3511 974 3574 lectis
1000 3510 1060 3573 sibi
1083 3510 1174 3572 etiam
1208 3508 1307 3571 literis
1330 3508 1369 3570 de
1401 3508 1519 3589 quibus
1541 3508 1617 3571 iacit
1640 3510 1707 3591 ipse
1730 3529 1780 3571 ar-

381 3612 498 3676 ticulus
521 3613 722 3695 mentionem,
746 3613 828 3676 dixit
850 3614 935 3693 quod
952 3613 1079 3676 videtur
1100 3612 1160 3694 ipsi
1184 3612 1257 3673 testi
1279 3631 1337 3693 pro
1352 3619 1448 3689 certe,
1473 3612 1558 3693 quod
1575 3612 1663 3674 nullo
1688 3613 1780 3676 uredo

379 3718 466 3801 ipsae
496 3716 606 3779 literae
632 3717 766 3797 valeant,
789 3736 848 3780 nec
871 3718 958 3798 quod
981 3717 1022 3779 sit
1044 3717 1120 3799 ipsis
1141 3714 1221 3778 fides
1236 3716 1344 3796 aliqua
1365 3717 1515 3783 adhiberi.
1539 3723 1607 3779 tum
1631 3717 1705 3798 qrria
1728 3716 1782 3780 illa

381 3838 463 3902 qnae
492 3818 701 3883 testificantur
724 3841 787 3883 non
811 3821 922 3884 dicum
949 3821 1031 3882 diota
1055 3819 1105 3882 vel
1136 3819 1219 3881 taeta
1241 3839 1310 3882 esse
1344 3840 1449 3883 coram
1473 3822 1559 3904 ipsis,
1594 3826 1661 3884 tum
1686 3824 1779 3885 etiarn
1816 3828 1851 3883 30

380 3924 457 4005 quia
484 3942 639 4007 personae
668 3923 878 3986 concedentes
911 3924 996 4006 ipsas
1025 3923 1132 3986 literas
1163 3942 1227 3985 non
1263 3933 1339 3986 sunt
1361 3924 1570 4006 authenticae,
1593 3945 1652 3989 nee
1675 3935 1779 4009 potes-

380 4034 476 4090 tatem
502 4026 619 4090 habeut
640 4027 719 4090 tales
748 4028 857 4090 literas
882 4026 1085 4104 concedendi,
1108 4045 1167 4089 neo
1190 4027 1271 4089 vidit
1293 4028 1360 4110 ipse
1383 4028 1472 4091 testis
1497 4048 1648 4111 umquam
1673 4029 1780 4092 literas

380 4131 467 4195 tales.
504 4130 584 4195 ltem
614 4132 828 4214 iuterrogatus
851 4149 948 4213 super
970 4129 1081 4195 ultimo
1104 4129 1249 4209 articulo,
1273 4130 1355 4193 dixit
1377 4150 1411 4194 se
1434 4131 1513 4194 nihil
1536 4133 1624 4194 seire.

535 4444 605 4521 Iul)
628 4446 756 4507 nomine
787 4445 906 4508 domini
936 4463 1037 4508 amen.
1075 4446 1172 4506 Anno
1195 4443 1338 4507 eiusdem
1368 4442 1535 4507 millesimo
1559 4445 1780 4507 trecentesimo

382 4568 475 4629 none,
499 4548 701 4630 pontificatus
724 4549 843 4612 domiui
868 4547 1039 4612 Clementis
1061 4566 1161 4630 papae
1185 4547 1289 4627 quinti
1312 4566 1397 4610 anno
1422 4553 1544 4628 quartu,
1573 4548 1623 4610 die
1647 4549 1780 4631 septimo
1816 4556 1849 4609 35

380 4652 497 4715 mensis
518 4652 618 4717 Junii.
649 4653 800 4735 septimae
825 4651 1014 4733 indictionis,
1041 4651 1235 4714 constitutus
1267 4651 1298 4712 iu
1330 4651 1447 4714 iudicio
1478 4670 1584 4712 coram
1609 4651 1781 4715 venerabili

381 4755 449 4817 siro
466 4756 594 4818 domiuo
610 4756 755 4839 Philippo
772 4757 811 4818 de
824 4756 976 4819 Sardinea
992 4754 1144 4818 eanonIoo
1156 4753 1342 4827 Arborensi,
1358 4755 1557 4818 decretorum
1573 4756 1710 4826 doutore,
1731 4776 1782 4818 oa-

382 4859 507 4942 pellano
525 4860 691 4922 reverendi
708 4861 805 4942 patris
826 4866 858 4921 et
876 4859 995 4921 domini
1015 4858 1134 4921 domini
1151 4857 1284 4920 Gentilis
1300 4858 1350 4920 dei
1366 4859 1466 4937 gratia
1481 4859 1564 4921 tituli
1584 4863 1682 4923 saneti
1700 4860 1783 4923 Mar·

539 5035 558 5093 ¹)
581 5030 779 5097 Uisprr'iapiirir
798 5031 881 5082 storid
900 5030 988 5082 dieser
1006 5030 1080 5096 Sota,
1105 5046 1186 5097 sulmr
1203 5010 1228 5081 ll
1246 5026 1356 5081 arficulo
1374 5044 1423 5081 ror
1435 5031 1494 5083 dem
1506 5045 1586 5096 super
1603 5010 1664 5082 lili.
1689 5030 1781 5084 Uebri·

378 5133 445 5186 pens
463 5117 528 5169 aiud
545 5117 618 5170 diosc
637 5116 732 5171 beiden
750 5117 856 5170 Zabieu
875 5116 974 5169 ror-diri.
1816 5118 1850 5170 40

535 5206 557 5261 ‘i
581 5202 641 5255 Vua
652 5202 712 5256 bier
724 5203 766 5255 bia
780 5202 850 5256 Seite
861 5207 917 5256 287
932 5202 1007 5255 Zeila
1018 5208 1052 5256 33
1065 5202 1175 5256 tilterins
1190 5204 1296 5272 pmoedi
1307 5202 1471 5271 ailquatonus
1490 5219 1543 5255 non
1556 5202 1652 5255 debere
1665 5203 1782 5256 Proaesa

378 5289 511 5345 swiacben
520 5289 577 5342 dem
592 5288 814 5358 ll'eiasenbarper
824 5289 938 5357 Kapitei
950 5289 1009 5342 and
1022 5289 1080 5342 dean
1090 5289 1273 5344 Miiblbocbor
1283 5290 1413 5344 Deleanut
1425 5306 1515 5359 wopan
1524 5291 1572 5344 deo
1581 5290 1605 5344 J
1603 5289 1781 5343 ubresaiases.
