4106 6294
931 606 1086 700 Q

309 795 468 856 curatoria
489 792 639 874 exhibita,
663 792 832 857 hincinde
855 794 1017 873 dixemnt,
1049 794 1135 876 quod
1159 814 1233 873 non,
1264 795 1374 875 sicque
1402 793 1441 856 de
1465 794 1633 875 utriusque
1656 814 1712 856 vo-

310 896 432 960 luntate
455 896 596 979 ipsorum
622 897 726 960 dictus
749 898 897 961 dominns
921 899 1048 961 auditor
1063 906 1137 962 ante
1158 899 1272 961 dictam
1289 903 1469 980 aperturam
1489 903 1712 981 procuratores

309 1000 395 1083 ipsos
410 1005 567 1063 eteorum
583 1003 802 1084 procuratorio
817 1002 1004 1083 legitimavit
1015 1003 1191 1086 procedens
1206 1002 1316 1085 postea
1331 1001 1370 1063 ad
1386 1006 1568 1083 aperturam
1584 1001 1711 1064 testium

309 1105 552 1187 praedictorum,
586 1106 752 1188 assignans
785 1107 914 1187 utrique
948 1106 1148 1188 procuratori
1182 1106 1354 1168 terminum
1385 1104 1424 1167 ad
1458 1105 1541 1167 diem
1575 1104 1712 1168 Veneris

257 1218 273 1268 5
309 1209 454 1290 proxime
484 1208 664 1290 futurumst)
692 1210 732 1272 ad
761 1210 977 1293 recipiendum
1008 1211 1131 1293 copiam
1155 1210 1311 1272 dictorum
1335 1209 1464 1272 testium
1487 1216 1520 1273 et
1542 1209 1710 1273 dicendum

309 1317 428 1391 contra,
460 1313 618 1394 quidquid
641 1314 763 1396 volunt,
793 1320 825 1378 et
848 1314 931 1377 dicto
954 1313 1069 1377 Sancto
1101 1313 1142 1376 ad
1171 1312 1384 1395 recipiendam
1410 1313 1533 1396 copiam
1556 1313 1712 1378 dictarum

309 1415 473 1479 literarum
496 1422 528 1480 et
551 1417 719 1480 dicendum
743 1424 855 1482 centra
876 1419 970 1502 ipsas,
1001 1424 1033 1480 et
1055 1417 1132 1480 alias
1162 1417 1201 1480 ad
1224 1415 1465 1499 producendum
1495 1417 1529 1479 in
1548 1437 1653 1499 causa,
1676 1424 1714 1482 ut

310 1519 349 1583 de
370 1520 441 1584 iure
463 1520 568 1585 tuerit

464 1624 523 1688 Die
546 1625 682 1689 Veneris
701 1603 795 1689 vill]
822 1626 906 1705 Maii,
936 1591 998 1690 Vir
1024 1624 1207 1688 indictionis
1234 1624 1492 1707 comparentibus
1523 1624 1615 1688 dictis
1637 1645 1710 1708 pro·
1737 1627 1893 1682 Substitua'o

244 1735 275 1789 10
310 1727 510 1792 curatoribus
525 1729 694 1810 utriusque
709 1731 808 1813 partis
823 1731 854 1792 in
872 1730 988 1793 iudicio
1004 1749 1110 1792 coram
1126 1729 1210 1792 dieto
1231 1728 1359 1791 domino
1375 1727 1528 1807 auditore,
1543 1734 1710 1812 praesente
1737 1721 1892 1838 ,ffiffi

309 1851 360 1895 me
381 1832 506 1915 Angelo
529 1834 569 1897 de
591 1841 701 1897 sancta
723 1834 865 1897 Victoria
886 1834 1009 1898 notario
1025 1834 1127 1897 dictae
1150 1833 1257 1895 curiae
1276 1831 1316 1895 ad
1331 1832 1413 1895 hanc
1428 1852 1556 1896 causam
1572 1834 1710 1897 conscri-
1789 1801 1870 1915 tugp

309 1934 454 2017 bendam,
477 1936 516 1999 de
540 1937 688 2000 mandato
711 1938 785 2001 dicti
809 1937 929 2000 domini
951 1938 1046 2021 legati
1066 1942 1228 2020 assumpto
1245 1937 1349 1999 dictus
1365 1935 1501 2000 Sanctus
1516 1943 1712 2021 procurator,

312 2041 531 2122 procuratorio
554 2041 683 2105 nominc
708 2061 771 2123 quo
795 2061 900 2125 supra,
923 2041 1088 2105 substituit
1110 2041 1145 2103 in
1167 2041 1251 2103 dicta
1274 2060 1371 2104 causa
1393 2046 1426 2104 et
1447 2041 1486 2104 ad
1510 2061 1621 2106 omues
1636 2042 1713 2107 alias

310 2150 411 2208 motas
423 2151 455 2207 et
466 2145 640 2208 movendas
652 2145 838 2228 magistrum
851 2146 1032 2229 Philippum
1044 2145 1084 2208 de
1097 2144 1232 2228 Cingulo
1244 2149 1443 2228 praesentem
1455 2152 1487 2209 et
1498 2146 1711 2229 recipientem,

242 2256 274 2309 15
309 2248 348 2310 ad
372 2249 487 2329 omnia,
511 2268 593 2330 quae
616 2249 711 2313 habet
733 2250 767 2311 in
790 2250 956 2329 mandatis,
987 2249 1181 2312 transferens
1204 2249 1238 2310 in
1261 2267 1336 2312 eum
1359 2248 1497 2313 totaliter
1519 2250 1606 2314 vices
1629 2270 1712 2331 suas,

310 2352 530 2435 praesentibus
553 2354 690 2417 dominis
704 2354 725 2417 J
727 2373 830 2417 oanne
846 2354 885 2418 de
900 2354 1010 2418 Aratio
1027 2352 1189 2436 capellano
1207 2352 1282 2415 dicti
1298 2351 1418 2414 domini
1433 2351 1538 2435 legati,
1560 2354 1712 2436 magistro

311 2454 412 2519 Paulo
435 2457 623 2521 cancellario
649 2459 735 2541 regio
759 2464 791 2522 et
813 2457 882 2521 aliis
906 2457 1047 2521 testibus.

466 2559 587 2624 Eodem
604 2562 654 2625 die
666 2569 698 2625 et
709 2563 743 2624 in
755 2562 866 2625 eodem
878 2561 995 2624 iudicio
1008 2561 1113 2623 dictus
1124 2561 1274 2643 magister
1285 2560 1452 2644 Philippus
1465 2567 1626 2642 tamquam
1639 2579 1714 2643 pro·
1743 2562 1874 2651 brutino

311 2671 440 2727 curator
448 2664 837 2748 substitutusapraedicto
853 2670 1059 2748 procuratore
1067 2664 1196 2747 capituli
1204 2662 1421 2727 'l'ranssiluani
1431 2664 1470 2727 ad
1479 2663 1638 2747 repulsam
1650 2669 1712 2727 tes·
1741 2640 1877 2772 [ΜΨ

241 2776 275 2827 20
312 2767 391 2829 tium
407 2773 439 2830 et
453 2766 617 2831 literarum
632 2767 860 2851 producturum
875 2788 933 2851 per
947 2774 1068 2851 partem
1085 2768 1251 2830 adversam
1267 2767 1420 2851 produxit
1436 2767 1590 2850 quasdam
1606 2767 1713 2831 literas
1748 2736 1869 2867 oessmlg

310 2870 429 2933 domini
446 2871 609 2951 vaivodae,
624 2891 682 2935 suo
701 2877 737 2934 ut
752 2872 946 2956 apparebant
962 2871 1064 2955 sigillo
1082 2872 1229 2955 signatas.
1250 2870 1394 2948 Quarum
1409 2879 1501 2936 tenor
1520 2871 1593 2935 talis
1610 2877 1666 2935 est

466 2975 648 3039 Venerabili
678 2976 711 3037 in
736 2974 860 3038 Christo
891 2976 972 3059 patri
1003 2983 1035 3039 ct
1065 2975 1193 3041 domino
1217 2976 1345 3039 domino
1369 2975 1487 3039 Gentili
1508 2976 1712 3040 miseratione
1738 2980 1895 3048 Ilteraepro

310 3079 418 3142 divina
440 3079 524 3143 tituli
545 3081 645 3143 sancti
661 3078 789 3143 Martini
805 3081 838 3141 in
853 3079 1018 3143 Montibus
1036 3081 1223 3164 presbytero
1239 3079 1400 3162 cardinali,
1423 3079 1713 3164 apostolicaesedis
1755 3057 1876 3127 &Pindi

310 3184 413 3266 legato
429 3184 594 3248 Ladislaus
614 3184 749 3247 vaivoda
762 3183 1008 3248 Transsiluanus
1024 3190 1056 3248 ct
1071 3202 1177 3247 comes
1193 3183 1232 3246 de
1248 3183 1382 3248 Zculrulr
1404 3183 1556 3248 devotum
1572 3184 1713 3247 animum

241 3294 274 3347 25
310 3309 383 3352 cum
405 3289 603 3371 plenitudine
615 3290 812 3352 reverentiae
835 3295 867 3352 et
882 3289 1020 3352 honoris.
1043 3287 1265 3370 Significamus
1287 3288 1447 3351 sanctitati
1469 3294 1604 3369 vestrae,
1628 3286 1714 3369 quod

309 3392 435 3476 plebani
452 3412 510 3457 seu
524 3393 704 3457 sacerdotes
720 3393 759 3456 de
775 3393 982 3457 decanatibus
998 3393 1037 3456 de
1049 3392 1161 3474 Sebus,
1183 3391 1222 3455 de
1238 3390 1370 3475 Spreng,
1394 3392 1433 3456 de
1444 3390 1547 3473 Kyzd,
1569 3391 1609 3455 de
1624 3390 1715 3454 Kozd

310 3504 342 3562 et
365 3498 404 3561 de
427 3498 497 3562 aliis
520 3502 552 3561 et
570 3497 609 3560 de
625 3496 882 3560 archidiaconatu
897 3497 937 3560 de
952 3496 1098 3560 Kukullu
1113 3496 1225 3557 maiori
1241 3500 1273 3558 et
1287 3496 1403 3558 minori
1419 3503 1451 3559 et
1467 3496 1506 3559 de
1523 3494 1713 3578 quibusdam

310 3603 388 3684 aliis,
413 3604 469 3684 qui
492 3609 603 3666 eontra
625 3601 801 3684 capitulum
824 3600 975 3665 ecclesiae
996 3599 1240 3663 'l'raumssuanae
1262 3599 1303 3662 ad
1325 3604 1464 3663 vestram
1488 3600 1609 3662 curiam
1628 3598 1715 3662 citati

309 3705 356 3767 ire
386 3705 616 3768 contumaciter
647 3704 860 3787 neglexerunt
889 3704 969 3767 falsa
999 3704 1203 3787 suggestione
1232 3703 1317 3787 apud
1344 3703 1543 3767 sanctitatem
1566 3708 1715 3783 vestram

241 3816 276 3867 30
311 3810 373 3872 nisi
403 3828 460 3872 seu
490 3809 594 3871 conati
621 3816 697 3871 sunt
719 3828 810 3871 suam
833 3808 1064 3871 contumaciam
1088 3825 1253 3887 excusare,
1285 3806 1371 3888 quod
1395 3826 1453 3870 nos
1475 3806 1607 3870 liberam
1629 3806 1714 3869 viam

310 3913 429 3977 eisdem
452 3913 528 3976 dare
550 3912 811 3995 neglexissemus,
835 3918 867 3975 et
889 3931 995 3975 coram
1019 3911 1134 3975 vestris
1158 3911 1309 3993 delegatis
1330 3930 1428 3994 super
1446 3911 1506 3973 hoc
1521 3929 1579 3974 seu
1595 3910 1714 3974 exami-

311 4016 476 4080 natoribus
506 4015 660 4097 quosdam
692 4021 789 4079 testes
819 4016 916 4079 falsos
945 4021 977 4079 et
1005 4015 1209 4098 probationes
1231 4015 1362 4078 frivolas
1385 4015 1424 4078 de
1447 4015 1514 4079 suis
1536 4014 1715 4078 fautoribus

310 4124 421 4182 contra
449 4120 554 4203 ipsum
585 4120 760 4203 capitulum
791 4120 1024 4203 produxerunt,
1062 4138 1199 4200 quorum
1230 4119 1422 4182 assertiones
1455 4124 1487 4183 et
1512 4117 1716 4202 probationes

311 4223 441 4286 frivolas
472 4229 504 4287 et
532 4224 628 4287 falsas
659 4243 728 4288 csse
752 4224 896 4303 dicimus
928 4223 1004 4304 quia
1027 4242 1201 4304 numquam
1229 4222 1415 4285 intentionis
1436 4228 1564 4286 nostrae
1586 4222 1656 4303 brit,
1679 4226 1716 4284 ut

241 4334 276 4386 35
312 4334 535 4411 procuratores
558 4347 669 4391 eorum
693 4328 745 4391 vel
768 4328 893 4409 aliquos
915 4347 957 4391 ex
974 4327 1050 4410 ipsis
1066 4327 1341 4409 impedivissemus
1356 4326 1408 4390 rel
1422 4326 1455 4388 in
1472 4326 1579 4408 aliquo
1596 4325 1715 4388 voluis·

311 4451 417 4495 semus
440 4431 616 4513 molestare,
640 4452 714 4495 cum
735 4452 793 4516 per
815 4432 865 4495 dei
888 4431 1023 4514 gratiam
1046 4449 1171 4513 semper
1192 4428 1332 4493 cultores
1354 4430 1493 4495 iustitiae
1512 4430 1667 4494 fuerimus
1682 4434 1715 4493 et

310 4536 342 4598 in
366 4541 478 4600 tenuta
500 4542 609 4599 nostm
631 4536 779 4600 omnibus
802 4536 985 4599 hominibus
1007 4535 1129 4599 clericis
1156 4540 1188 4597 et
1209 4533 1297 4597 laicis
1318 4534 1390 4597 viae
1411 4539 1541 4618 pateant
1562 4533 1661 4597 libere
1683 4539 1716 4597 et

310 4659 430 4704 secure.
468 4638 573 4716 Quare
603 4641 753 4703 sanctitas
779 4646 886 4703 vestra
908 4640 985 4723 ipsis
1008 4637 1226 4702 sacerdotibus
1248 4636 1299 4700 rel
1322 4656 1433 4700 eorum
1455 4637 1715 4722 procuratoribus

310 4763 366 4808 seu
390 4745 482 4807 dictis
505 4745 634 4807 testium
655 4763 786 4806 suorum
812 4764 936 4807 necnon
954 4741 1196 4827 probationibus
1216 4760 1326 4805 eorum
1343 4741 1466 4806 frivolis
1482 4742 1604 4806 nullam
1619 4741 1714 4806 fidem

241 4864 277 4915 lo
311 4848 458 4911 adhibeat
479 4848 511 4910 in
537 4847 594 4909 hac
616 4852 714 4931 parte.
744 4846 861 4911 Datum
878 4849 911 4911 in
928 4846 1027 4925 Deua,
1052 4851 1166 4928 ‹puarta
1184 4845 1263 4908 feria
1278 4846 1423 4928 proxima
1438 4852 1510 4931 post
1524 4845 1714 4909 dominicam

310 4949 408 5027 Quasi
433 4953 526 5015 modo
549 4951 682 5034 geniti,²)
699 4972 784 5014 anno
808 4952 928 5014 domini
948 4929 990 5013 hi.
1013 4929 1098 5014 odo.
1120 4927 1232 5024 Villa)

465 5056 547 5120 Item
569 5055 681 5119 eodem
704 5055 755 5119 die
777 5062 809 5118 et
831 5056 865 5117 in
887 5054 999 5118 eodem
1021 5053 1139 5117 iudicio
1162 5054 1311 5136 magister
1333 5052 1499 5135 Philippus
1525 5058 1713 5135 procurator
1750 5052 1883 5107 Exhibifio

310 5159 503 5224 substitutus
525 5159 704 5242 praedictus
726 5158 873 5222 exhibuit
895 5157 1100 5240 exceptiones
1119 5156 1202 5219 intra
1217 5156 1350 5240 scriptas
1364 5157 1398 5219 in
1414 5155 1546 5240 scriptis.
1570 5153 1712 5231 Quarum
1751 5147 1864 5221 'excep

471 5264 477 5276 .
1738 5212 1895 5278 bonumpro

310 5269 402 5328 tenor
425 5263 496 5327 talrs
519 5268 575 5326 est
1754 5286 1878 5359 capitulo.

242 5408 276 5463 45
469 5401 489 5469 ¹)
507 5399 572 5454 Mat
589 5404 615 5456 9.

465 5488 487 5556 ί)
505 5486 590 5556 Apro
606 5491 631 5542 a.

465 5577 487 5642 ⁸)
505 5571 593 5639 rua
614 5571 704 5629 maa
726 5570 814 5641 rrrr,
833 5575 859 5641 a,
877 5575 920 5627 ao.
