4064 6288
893 580 1048 675 „re—

271 771 425 850 perpetuo
448 766 681 847 conferendam
712 786 808 848 quam
830 787 887 851 per
909 767 1060 832 dilectum
1082 773 1115 831 et
1139 767 1265 831 fidelem
1288 773 1434 832 nostrum
1455 767 1668 832 Laurentium

271 871 439 934 vaivodam
452 871 714 935 lhanssiluanum
729 876 762 934 et
783 872 930 935 comitem
953 871 992 935 de
1006 872 1135 935 Vollrou
1156 871 1216 934 sihi
1233 872 1365 935 fecimus
1380 872 1541 954 assignari.
1564 871 1668 936 Metae

271 980 378 1038 autem
393 992 451 1038 seu
464 974 592 1037 termini
606 974 708 1058 ipsius
719 978 830 1056 terrae,
846 974 1115 1056 quemadmodum
1128 974 1222 1038 nobis
1235 994 1293 1058 per
1308 975 1446 1038 eundem
1456 973 1668 1038 laurencium

272 1073 283 1157 [
439 1077 450 1161 ]
474 1077 624 1159 constitit,
647 1076 707 1139 hoc
729 1076 840 1140 ordine
855 1077 1091 1160 disiunguntur.
1119 1076 1227 1141 Prima
1248 1084 1332 1141 meta
1352 1078 1463 1161 incipit
1484 1078 1524 1142 ab
1547 1079 1669 1143 oriente

221 1189 237 1241 5
273 1199 370 1264 super
392 1180 531 1262 quodam
552 1185 661 1244 monte
683 1180 812 1243 nomine
829 1180 933 1244 Vecrd
955 1185 988 1243 et
1007 1182 1097 1244 venit
1119 1181 1159 1244 ad
1180 1179 1301 1244 flumen
1324 1180 1399 1245 Olth
1419 1201 1524 1264 usque
1546 1188 1669 1267 partem

272 1284 510 1348 meridionalem
533 1290 565 1348 et
585 1302 643 1367 per
664 1289 875 1349 memoratum
896 1281 1017 1346 flumen
1033 1282 1109 1347 Olth
1130 1283 1294 1348 descendit
1314 1285 1355 1347 ad
1376 1286 1542 1369 indagines
1563 1304 1669 1368 usque

271 1388 520 1471 septentrionem
549 1393 581 1451 et
609 1406 667 1471 per
690 1387 850 1469 quendam
879 1386 1020 1450 rivulum
1052 1387 1141 1450 vadit
1171 1388 1226 1451 diu
1248 1407 1353 1470 usque
1382 1389 1422 1452 ad
1444 1395 1540 1472 ceput
1568 1389 1669 1473 ipsius

273 1491 378 1574 rivuli,
401 1497 434 1555 et
454 1491 529 1555 inde
552 1490 694 1555 ascendit
716 1490 754 1554 ad
776 1490 996 1573 monticulum,
1020 1491 1076 1573 qui
1097 1491 1271 1574 vulgariter
1291 1490 1395 1556 Berch
1416 1492 1541 1574 dicitur,
1562 1512 1581 1555 a
1603 1511 1668 1573 quo

272 1595 476 1678 contignatur
507 1594 667 1678 praedicto
697 1595 798 1658 monti
819 1594 923 1658 Vecul
944 1613 1059 1659 versus
1086 1595 1240 1659 orientem
1270 1595 1369 1659 etsie
1395 1597 1590 1660 terminatur.
1623 1596 1669 1661 Ut

204 1704 238 1758 10
271 1703 378 1763 autem
399 1698 560 1782 praedicta
581 1697 752 1762 liberalitas
781 1717 839 1762 seu
868 1698 996 1762 donatio
1018 1697 1118 1762 robur
1140 1698 1281 1763 obtineat
1305 1704 1478 1784 perpetuae
1499 1697 1666 1781 {inuitatis

270 1807 453 1884 praesentes
475 1801 578 1865 eidem
593 1801 815 1865 concessimus·
829 1801 937 1865 literas
959 1800 1094 1885 duplicis
1104 1799 1125 1880 ¹)
1147 1802 1241 1885 sigilli
1256 1803 1359 1867 nostri
1376 1804 1552 1867 munimine
1574 1802 1669 1867 robo-

270 1909 363 1968 ratas.
399 1906 496 1968 Anno
526 1904 647 1968 domini
673 1903 720 1967 Μ0
749 1901 978 1987 [ducentesimo
1012 1906 1289 1991 quinquagesimo]
1319 1905 1469 1986 secundo,
1496 1906 1668 1971 tredecimo

270 2006 432 2072 Kalendas
454 2006 657 2092 Septembris,
679 2010 770 2092 regni
792 2015 899 2073 autern
921 2010 1023 2073 nostri
1045 2010 1179 2093 septimo
1202 2010 1332 2073 decimo.

940 2335 1003 2418 87.

204 2532 237 2587 15
348 2518 462 2588 1252.
500 2516 577 2588 Dae
611 2514 890 2607 weissenburgo
916 2517 1061 2608 Kopital
1094 2516 1239 2607 beaupr,
1276 2517 1357 2589 dues
1390 2517 1446 2588 die
1473 2515 1585 2587 Seiae
1611 2516 1670 2588 das

276 2636 393 2709 &mes
409 2637 553 2708 Martia
578 2638 634 2709 dic
651 2635 778 2725 Holfle
802 2637 899 2709 ihrer
915 2637 1104 2729 Bceitaany
1123 2636 1288 2710 ssaaasrl
1305 2661 1352 2710 aa
1374 2636 1492 2709 Censes
1509 2635 1672 2709 Harbord

270 2758 345 2829 uod
369 2758 488 2829 &seca
513 2757 657 2829 Bmdcr
682 2755 897 2829 Laurentius
921 2758 1084 2846 amicust
1110 2757 1227 2830 sata.

428 2919 707 2989 disperdidimus
731 2919 791 2973 dart
813 2918 1037 2988 Weissenburper
1061 2919 1176 2988 Kapital
1200 2925 1271 2975 1277
1289 2920 1331 2975 hie
1349 2924 1426 2988 1300,
1451 2920 1670 2990 uaoodstdudipc

375 3005 518 3072 Abedsrit't
536 3021 589 3060 aaa
606 3006 665 3061 dem
683 3005 756 3060 Jahr
775 3006 893 3061 reseis
909 3006 969 3059 aaa
986 3005 1208 3076 Weisscaturper
1220 3006 1469 3075 Kapitelprotolcoll
1486 3011 1528 3060 11.
1546 3006 1671 3061 Jocaoce

205 3091 239 3146 20
374 3091 493 3158 neura
523 3091 626 3161 Unger.
644 3091 852 3147 Laodeearchio
869 3091 1021 3160 Budapcst.
1049 3092 1109 3147 Der
1127 3091 1268 3147 Salsrciher
1284 3097 1425 3149 oon1588
1446 3093 1495 3147 tat
1517 3094 1561 3148 als
1579 3092 1671 3163 Qaellc

375 3179 421 3232 eia
440 3178 669 3248 Perpomenttcst,
686 3179 745 3233 oter
762 3179 879 3245 Bldttcr,
896 3177 944 3232 des
967 3178 1191 3249 Weisseobwrper
1210 3179 1447 3248 Kapttdardarcs
1465 3180 1582 3234 denatat.

427 3353 610 3437 Capitulum
624 3353 776 3418 ecclesiae
790 3353 875 3417 beati
885 3352 1048 3418 Michaelis
1061 3353 1311 3435 Transyluaniae
1326 3355 1474 3420 omnibus
1488 3359 1672 3439 praesentes

273 3455 381 3520 literas
391 3457 583 3539 inspecturis
595 3456 730 3520 salutem
741 3458 776 3520 in
787 3475 864 3521 vero
879 3457 1044 3520 salvatore.
1067 3457 1119 3521 Ad
1130 3458 1355 3522 universorum
1367 3458 1511 3522 notitiam
1522 3457 1673 3521 volumus

271 3561 448 3643 pervenire,
469 3559 556 3642 quod
571 3559 758 3625 accedentes
773 3561 814 3624 ad
828 3565 969 3624 nostram
984 3560 1195 3643 praesentiam
1209 3559 1267 3623 filii
1281 3559 1410 3624 Martini
1428 3561 1561 3643 comitis,
1584 3560 1672 3624 vide-

205 3668 238 3723 25
272 3662 346 3726 licet
366 3662 476 3746 Balad,
505 3662 692 3740 Martinus¹)
722 3669 756 3727 et
776 3662 911 3728 Thomas
939 3663 1106 3746 protestati
1133 3682 1239 3727 coram
1261 3663 1353 3728 nobis
1375 3670 1452 3727 sunt
1480 3664 1556 3726 viva
1583 3683 1672 3743 voce,

273 3766 359 3846 quod
373 3767 413 3830 de
425 3785 586 3831 consensu
601 3772 809 3851 cognatorum
820 3787 953 3831 suorum
964 3768 1165 3832 medietatem
1179 3767 1386 3831 hereditariae
1401 3771 1504 3830 terrae
1519 3768 1672 3852 ipsorum,

273 3888 354 3951 quae
376 3874 511 3933 vocatur
536 3869 683 3953 Zonchel‚
707 3889 789 3952 quae
811 3871 1007 3955 integraliter
1026 3870 1209 3935 continebat
1230 3876 1263 3935 et
1284 3866 1506 3954 sustentab[et]
1530 3879 1673 3956 tempore

275 3973 492 4057 prosperitatis
506 3979 571 4037 tres
594 3973 695 4056 villas,
720 3993 802 4056 quae
817 3974 975 4038 habebant
997 3974 1160 4038 ecclesiam
1181 3974 1324 4058 ipsorum
1345 3974 1380 4037 in
1402 3975 1555 4039 honorem
1572 3975 1673 4039 sancti

273 4073 411 4155 Martini,
435 4093 517 4156 quae
533 4074 594 4138 sita
616 4082 666 4140 est
679 4077 764 4141 inter
786 4077 868 4141 duos
882 4076 999 4141 flumas
1013 4076 1168 4158 Kylrtrllu,
1192 4076 1247 4140 ubi
1263 4081 1296 4140 et
1316 4077 1377 4158 ipsi
1392 4076 1456 4140 duo
1471 4074 1563 4140 fluvii
1578 4076 1674 4140 simul

206 4186 240 4240 30
275 4178 506 4260 diffunduntur,
522 4178 742 4243 vendidissent
756 4199 814 4263 pro
831 4182 975 4263 quinque
990 4181 1104 4244 mercis
1119 4181 1242 4263 argenti
1257 4184 1290 4244 et
1305 4178 1362 4243 fini
1376 4178 1543 4243 Herbordo
1567 4181 1673 4244 comiti

273 4288 304 4346 et
325 4282 417 4345 tratri
446 4282 589 4346 eiusdem
611 4280 783 4346 Laurentio
813 4290 967 4366 perpetuo
990 4283 1213 4365 possidendam
1239 4283 1334 4346 certis
1356 4282 1449 4346 metis
1471 4283 1671 4366 assignatam.

272 4384 314 4448 Et
323 4384 495 4467 aliquando
511 4403 662 4448 successu
677 4386 828 4470 temporis
843 4388 920 4450 haec
935 4387 1076 4450 venditio
1092 4393 1124 4450 et
1136 4386 1253 4469 emptio
1269 4391 1373 4449 terrae
1386 4386 1487 4469 possit
1501 4386 1534 4449 in
1546 4386 1672 4449 irritum

273 4488 453 4571 revocari,³)
484 4496 516 4551 et
546 4489 633 4569 quod
654 4490 832 4573 praenotati
863 4494 1021 4572 emptores
1051 4489 1153 4553 dictae
1182 4495 1285 4553 terrae
1311 4495 1343 4553 et
1372 4490 1515 4573 ipsorum
1540 4489 1673 4553 heredes

272 4592 488 4674 heredumque
518 4611 718 4656 successores
748 4592 782 4655 in
810 4599 1002 4676 perpetuum
1033 4593 1158 4676 possint
1185 4592 1357 4676 possidere,
1389 4592 1423 4654 in
1455 4593 1672 4656 testimonium

206 4703 239 4757 36
273 4701 456 4779 praesentes
470 4696 685 4759 concessimus
700 4695 808 4760 literas
823 4696 917 4780 sigilli
931 4698 1033 4760 nostri
1048 4696 1224 4760 munimine
1240 4695 1411 4760 roboratas.
1441 4697 1537 4760 Anno
1552 4696 1672 4780 gratiae

273 4777 424 4878 ildico
447 4800 712 4882 quinquagesimo
735 4798 884 4863 secundo.

428 4971 449 5037 ¹)
470 4967 604 5039 Verlupc:
622 4966 726 5039 duplici.

426 5057 449 5123 ¹)
471 5053 605 5125 Vorlaps:
621 5055 756 5110 Martinus.

427 5144 449 5209 ⁸)
467 5140 597 5209 Hierouf
609 5140 860 5212 durcltpestn'chen:
877 5144 905 5196 et
921 5156 968 5211 pro
986 5157 1056 5212 prae.

207 5228 241 5283 so
427 5232 450 5296 4)
468 5228 592 5298 rure:
616 5208 667 5298 cc
685 5229 758 5283 aaa
777 5228 822 5283 ee
845 5228 974 5283 urucae
990 5229 1036 5296 aa,
1057 5228 1108 5283 aa
1125 5246 1178 5284 aa
1195 5231 1244 5285 er
1261 5226 1613 5299 scelestissimae
1631 5243 1672 5280 e-

274 5313 404 5383 sichtlirh,
421 5318 483 5370 ante
501 5314 708 5370 combustionem
725 5314 860 5383 eeclesiae,
878 5316 938 5369 also
954 5331 1004 5369 eor
1021 5316 1081 5371 dem
1098 5315 1186 5370 Jahn
1204 5320 1274 5371 1278
1290 5314 1453 5386 carpenella
