4084 6302
905 639 1060 735 —uto-

437 828 519 893 Item
548 829 627 893 ieris
658 826 779 906 tertic1)
812 829 915 906 dicavi
944 828 1052 892 villam
1082 827 1208 891 Purkaz
1238 833 1270 891 et
1290 828 1401 892 inveni
1431 828 1464 890 in
1492 846 1530 891 ea
1551 827 1682 911 triginta

282 932 426 1013 quinque
456 933 571 1015 fumos,
600 938 633 997 et
655 933 771 997 Petrus
793 932 948 1017 plebanus
979 931 1018 996 de
1041 932 1151 995 eodem
1173 932 1270 995 solvit
1291 931 1458 1008 mediani
1489 950 1626 996 mercam
1650 934 1683 995 et

282 1038 427 1120 quinque
449 1038 603 1101 kuntinos
626 1037 754 1101 maion's
777 1036 936 1120 ponderis.
1697 1042 1702 1051 “

436 1140 519 1205 item
541 1140 621 1204 ieris
636 1147 752 1222 quartu
773 1140 894 1205 scilicet
915 1140 948 1202 in
970 1140 1052 1204 festo
1075 1139 1160 1203 beati
1176 1138 1319 1203 Othmeri
1334 1137 1554 1216 confessoris³)
1578 1137 1681 1201 dicavi

230 1252 246 1302 5
282 1244 389 1307 vilium
412 1243 560 1322 Ramw)
584 1250 617 1308 et
638 1245 748 1307 inveni
770 1245 804 1307 in
825 1264 864 1309 ea
886 1222 937 1315 ὅδ’
953 1251 986 1309 et
1009 1244 1243 1326 quinquaginta
1266 1244 1409 1326 quinque
1431 1243 1537 1307 fumos
1558 1242 1592 1305 in
1615 1246 1682 1306 toto

284 1367 356 1411 cum
381 1346 563 1411 molendino
587 1353 619 1412 et
641 1348 719 1429 eliis,
742 1354 775 1411 et
789 1347 1009 1431 Sigirmannus
1030 1346 1186 1430 plebanus
1209 1347 1247 1411 de
1263 1346 1374 1411 eadem
1396 1347 1492 1410 solvit
1515 1351 1652 1429 quatuor
1660 1344 1683 1425 ²)

283 1469 404 1514 meroes
426 1457 458 1514 et
481 1451 636 1516 fertonem
660 1452 788 1515 maioris
810 1452 968 1534 ponderis.

438 1553 490 1617 Sic
499 1552 521 1631 ⁶)
544 1554 577 1616 in
599 1558 666 1618 toto
690 1560 767 1618 sunt
787 1555 943 1637 nongenti
966 1560 998 1619 et
1019 1554 1118 1618 XXV
1140 1553 1228 1617 tumi.

438 1657 520 1723 item
551 1657 691 1721 secundo
720 1658 773 1722 die
795 1658 868 1722 festi
891 1658 1001 1723 beatae
1022 1656 1208 1740 niyzaboto
1238 1657 1341 1721 dicavi
1363 1657 1472 1721 villum
1495 1656 1628 1720 Crakovv
1651 1660 1684 1719 et

215 1769 249 1821 10
283 1761 392 1824 inveni
416 1761 450 1823 in
473 1739 550 1824 ee&
573 1767 605 1824 et
627 1762 811 1845 octuaginta
833 1769 904 1826 octo
927 1763 1043 1843 tumes,
1074 1768 1107 1826 et
1128 1761 1251 1825 Paulus
1281 1760 1436 1844 plebanus
1462 1765 1590 1825 tenetur
1620 1759 1683 1823 sol·

284 1883 359 1928 vere
382 1870 447 1927 tres
468 1883 590 1927 marces
613 1870 645 1928 et
667 1865 808 1929 medium
831 1866 988 1929 fertonem
1009 1865 1067 1929 fini
1090 1866 1213 1949 argenti
1234 1865 1363 1928 maioris
1377 1863 1537 1948 ponderis,
1560 1868 1593 1927 et
1608 1862 1684 1944 quie

287 1968 362 2030 mihi
384 1987 449 2031 non
473 1966 568 2031 solvit
589 1968 683 2051 posui
706 1968 766 2032 sibi
788 1969 1002 2033 interdictum.

440 2070 521 2135 Item
543 2071 655 2136 eodem
677 2072 729 2135 die
751 2072 790 2135 de
813 2073 954 2136 secundo
977 2073 1081 2136 dicavi
1102 2073 1211 2137 villam
1226 2072 1308 2155 Igun
1332 2077 1365 2136 et
1386 2073 1497 2138 inveni
1518 2073 1554 2135 in
1576 2090 1614 2136 ea
1633 2051 1684 2142 ὅδ’

285 2182 318 2238 et
332 2174 430 2238 XVII
444 2174 559 2255 innoc,
575 2181 608 2238 et
621 2175 642 2239 J
644 2175 786 2240 ohannes
800 2175 956 2259 plebanus
972 2176 1011 2240 de
1027 2176 1137 2241 eedem
1153 2182 1281 2240 tenetur
1295 2176 1419 2242 solvere
1434 2182 1500 2240 tres
1515 2194 1637 2240 marces
1652 2181 1685 2242 et

219 2288 250 2339 15
286 2279 421 2342 mediam
444 2297 517 2341 cum
539 2278 668 2341 dimidio
685 2279 808 2343 fertone
824 2280 930 2342 minus
952 2280 1088 2343 kuntino
1107 2278 1164 2343 fini
1179 2280 1303 2363 urgenti
1318 2299 1392 2343 oum
1407 2280 1548 2362 pondere
1563 2280 1683 2343 maiori.

942 2608 1031 2691 512.

336 2773 452 2844 1334.
488 2769 653 2844 Urlomdc
677 2771 762 2844 tiber
787 2772 854 2844 den
879 2772 1033 2844 &hoico
1057 2794 1122 2844 oon
1147 2769 1241 2843 Bond
1320 2829 1327 2844 .
1346 2829 1380 2844 ..
1403 2770 1585 2866 antiquum
1610 2770 1683 2866 pri·

286 2893 455 2989 vilegium
490 2891 621 2964 duobus
649 2892 792 3007 sigillis
817 2892 970 3007 iudicum
1006 2891 1236 2988 delegatorum
1272 2897 1306 2964 et
1331 2914 1440 2964 manu
1465 2891 1605 2986 publica
1629 2908 1684 2963 ro·

286 3014 453 3104 bocetum,
480 3035 571 3085 anno
598 3013 728 3085 domini
754 3012 795 3085 M
813 2994 894 3087 OOC
919 3012 1094 3086 tricesimo
1125 3017 1247 3108 quarto
1274 3017 1484 3106 emunctam,
1518 3012 1558 3084 in
1583 3012 1684 3085 ouius

217 3125 252 3206 20
285 3133 463 3230 p1ivilegii
489 3138 603 3206 tenore
629 3133 720 3206 inter
745 3142 857 3207 cetera
875 3134 1103 3229 comperimus
1116 3129 1141 3224 ⁷)
1169 3133 1351 3225 evidenter,
1377 3132 1591 3205 medietatem
1613 3132 1684 3205 dic·

287 3261 403 3327 urum
431 3253 643 3326 decimarum
661 3254 705 3326 ed
723 3253 913 3349 capitulum
939 3250 1191 3349 praedictum)
1219 3260 1379 3349 quartam
1397 3275 1477 3326 vero
1504 3253 1548 3326 ad
1570 3252 1685 3325 erchi-

286 3374 469 3448 diaconum
479 3368 506 3464 8)
538 3373 579 3446 de
604 3373 679 3446 inne
707 3381 881 3469 spectasse
907 3381 940 3446 ct
965 3373 1175 3469 pertinuisse
1202 3397 1243 3448 ec
1270 3379 1423 3470 spectans
1449 3379 1483 3445 ct
1508 3372 1686 3470 pertinere.

444 3536 581 3591 ouum
592 3552 646 3591 um
657 3538 717 3592 em
732 3537 891 3593 voctote„
903 3537 995 3593 vano
1007 3537 1102 3592 naus
1113 3541 1190 3605 noc,
1206 3537 1282 3607 ovo.
1296 3536 1506 3606 souuerse
1517 3536 1686 3606 narsum.

944 3850 1033 3933 513.

219 4036 253 4090 25
365 4014 472 4085 1335
488 4013 597 4085 Mdrz
614 4018 671 4085 19.
700 4015 778 4086 Dae
800 4013 1103 4087 Grosswordeincr
1119 4014 1264 4106 Kuqvitel
1290 4014 1435 4106 temo,
1463 4014 1544 4086 dues
1561 4012 1690 4105 Propst

287 4134 478 4206 Ludistoos
509 4135 701 4226 ycqeoddcr
736 4134 889 4226 Stephon
928 4158 993 4208 von
1029 4134 1214 4224 Oroeefuja
1249 4137 1313 4208 doc
1340 4134 1493 4207 Aorcctt
1532 4135 1605 4223 cof
1632 4134 1687 4205 die

289 4255 521 4346 Bceiteooqen
558 4253 695 4345 Notitae
734 4256 807 4326 ond
841 4256 992 4328 Komldd
1017 4257 1089 4344 fur
1123 4257 1187 4327 due
1230 4255 1510 4345 Weissoouvqer
1544 4253 1689 4345 Kopitcl

288 4375 428 4466 yeltcod
451 4376 576 4447 matht.

448 4537 524 4608 Orto.
544 4538 624 4608 Pero.
643 4539 853 4608 Kapttelurctio
871 4541 1039 4610 Karlebury.
1062 4538 1159 4609 δῶρά,
1177 4537 1320 4607 ερόίεουαὶ,
1337 4553 1397 4591 war
1413 4537 1446 4590 io
1463 4538 1570 4592 weisece
1587 4536 1688 4592 Wactt

221 4633 256 4687 30
393 4626 450 4692 aus
462 4625 512 4679 der
531 4625 675 4680 Rdcltscitc
692 4627 882 4697 oufqedrdckt.

446 4745 559 4816 meu:
580 4747 742 4801 nonemims
759 4748 805 4802 eo
822 4752 899 4814 neo,
917 4751 977 4803 see.

446 4901 467 4968 ¹)
485 4899 636 4954 Novcvober
653 4905 695 4956 15.

445 4988 467 5054 ¹)
489 4987 551 5041 Von
567 4987 627 5041 tier
644 5004 684 5041 an
700 4993 794 5056 spdter
812 4988 996 5060 einyetrayen.

445 5075 467 5140 ⁸)
485 5073 635 5128 Noomoer
653 5078 695 5129 16.

221 5163 255 5216 35
445 5163 468 5230 ⁴)
490 5160 622 5229 Variam:
640 5159 746 5215 Bumsn.

446 5248 468 5314 ⁸)
489 5246 552 5300 Von
569 5246 612 5301 Sic
630 5247 673 5301 bic
689 5247 757 5301 fumi
775 5248 908 5315 ebenfalls
925 5254 1019 5318 epdtcr
1036 5250 1220 5320 cioqmaym.

446 5336 468 5401 ⁸)
486 5331 637 5388 November
653 5338 697 5389 20.

446 5421 467 5489 ')
484 5418 598 5474 Jeoobus
616 5421 705 5475 Inoni
723 5420 834 5475 vuivodn
850 5419 1051 5474 'iinnssiluenus
1069 5423 1097 5474 et
1113 5436 1202 5475 comes
1220 5422 1253 5475 de
1271 5419 1376 5475 Zoinok

446 5507 468 5575 ⁸)
490 5505 553 5560 Vos
575 5505 778 5577 Wciombmg.

396 5623 588 5670 urkundenbuch.
