4048 6284
980 628 1135 726 Q

356 817 536 883 Siculorum
558 823 615 881 aut
636 836 694 901 per
715 823 832 882 terram
855 816 1034 900 Blaoorum
1064 818 1209 883 homines
1232 838 1362 902 quoque
1389 839 1476 884 nunc
1498 826 1615 885 terram
1638 823 1760 887 inhabi-

356 928 461 987 tantes
476 922 668 1006 praedictam
683 922 723 985 ad
739 922 915 985 eorundem
929 921 1064 984 fratrum
1080 924 1247 987 servitium
1259 929 1291 986 et
1306 924 1420 987 domus
1435 925 1575 1001 eorum¹t
1592 925 1760 988 utilitatem

356 1026 425 1089 sine
455 1025 663 1107 requisitione
693 1025 810 1090 liberos
841 1024 1027 1107 dimisimus,
1058 1025 1102 1089 ita
1131 1033 1169 1090 ut
1198 1028 1225 1090 si
1247 1027 1347 1109 aliqui
1377 1030 1416 1093 de
1446 1035 1550 1094 cetero
1581 1031 1621 1094 de
1643 1031 1761 1094 nostris

356 1128 538 1193 hominibus
552 1129 606 1192 vel
624 1129 803 1214 hospitibus
822 1133 924 1193 terrae
939 1136 1067 1193 nostrae
1088 1129 1322 1212 pertinentibus
1345 1133 1384 1195 ad
1407 1133 1493 1216 ipsos
1515 1135 1760 1217 transmigrave-

355 1232 429 1315 rint,
460 1233 566 1297 statim
589 1253 664 1297 oum
686 1233 727 1296 ad
748 1233 894 1297 notitiam
916 1233 1051 1297 iratrum
1081 1252 1123 1297 ex
1154 1233 1288 1297 veritate
1317 1237 1508 1319 pervenerit,
1538 1255 1593 1300 eos
1626 1238 1681 1318 qui
1712 1237 1757 1300 sio
1792 1246 1809 1298 5

355 1336 574 1414 intraverint¹)
598 1335 794 1420 expellant⁸l
826 1342 859 1399 et
888 1336 931 1398 hii
963 1337 1019 1417 qui
1048 1356 1103 1401 eos
1133 1338 1373 1402 introduxerint
1394 1339 1428 1401 in
1452 1357 1567 1402 manus
1595 1339 1679 1421 regis
1709 1339 1760 1404 vel

356 1441 549 1504 nunciorum
569 1441 639 1504 eius
658 1441 792 1505 hadent
827 1438 1028 1522 Quicumque
1051 1441 1146 1504 etiam
1168 1441 1202 1503 in
1225 1460 1323 1524 regno
1345 1447 1455 1505 nostro
1479 1443 1673 1507 constitutus
1688 1462 1761 1526 pro·

353 1545 520 1628 prietatem
546 1560 637 1608 suam
658 1544 841 1608 memoratis
866 1543 1017 1607 tratribus
1038 1563 1096 1628 pro
1123 1543 1297 1607 elemosina
1318 1545 1393 1609 dare
1415 1545 1562 1627 voluerit,
1589 1547 1629 1610 de
1652 1554 1761 1611 nostra

356 1647 576 1713 munificentia
596 1648 729 1712 liberam
752 1648 866 1712 habeat
887 1648 1069 1712 facultatem
1092 1654 1124 1711 et
1153 1649 1253 1731 ipsam
1276 1648 1456 1712 donationis
1479 1656 1606 1713 nostrae
1627 1651 1760 1733 gratiam

361 1759 400 1817 ut
420 1752 521 1817 libera
541 1757 727 1836 permaneat
748 1758 858 1816 nostro
873 1752 1039 1836 privilegio
1054 1756 1208 1835 perpetuo
1224 1751 1456 1816 confirmamus.
1480 1752 1649 1817 Praeterea
1663 1753 1758 1816 talem
1794 1761 1828 1816 10

355 1876 393 1921 ac
408 1862 530 1921 tantam
544 1857 663 1921 eisdem
678 1855 831 1919 iratribus
846 1856 1062 1919 concessimus
1077 1854 1264 1937 libertatem,
1280 1855 1367 1936 quod
1383 1855 1492 1919 nullus
1511 1857 1759 1920 monetariorum

355 1960 441 2025 ultra
462 1960 559 2025 silvas
580 1966 698 2024 terram
728 1978 840 2024 eorum
862 1959 960 2022 intret
981 1959 1034 2023 rel
1056 1965 1239 2044 praesumat
1260 1978 1315 2023 eos
1341 1960 1375 2022 in
1397 1959 1506 2041 aliquo
1528 1958 1704 2041 molestare,
1727 1966 1760 2023 et

353 2065 460 2148 ipsum
482 2064 533 2127 ius
562 2068 595 2127 et
622 2062 800 2144 utilitatem,
831 2081 929 2144 quam
956 2062 992 2125 in
1021 2068 1106 2127 terra
1135 2063 1278 2146 ipsorum
1308 2063 1470 2146 percipere
1500 2063 1689 2128 deberemus
1720 2065 1759 2128 de

354 2186 440 2231 nora
461 2173 598 2249 moneta,
620 2166 760 2230 totaliter
788 2167 908 2230 eisdem
931 2166 1084 2230 iratribus
1109 2166 1310 2248 indulsimus,
1335 2168 1411 2248 quia
1439 2167 1487 2230 ira
1509 2173 1619 2231 nostra
1647 2175 1759 2231 contra

354 2291 410 2337 eos
425 2277 597 2357 provocata
612 2290 650 2335 eo
667 2276 817 2355 tempore,
833 2290 907 2333 oum
922 2275 1038 2334 terram
1054 2288 1148 2354 saepe
1164 2270 1279 2333 dictam
1295 2271 1340 2334 eis
1355 2290 1616 2355 praeceperamus
1632 2271 1758 2354 auferri,
1795 2282 1827 2334 lo

354 2376 484 2441 fuerant
512 2394 578 2439 non
607 2375 768 2438 modicum
791 2372 990 2437 damnificati.
1022 2373 1124 2450 Quam
1146 2375 1410 2437 restaurationem
1440 2373 1574 2438 facimus
1601 2394 1648 2455 eo,
1672 2376 1758 2458 quod
1877 2452 1879 2457 ι

353 2480 444 2565 ipsi‘)
475 2480 509 2543 in
542 2479 680 2543 confinio
710 2478 765 2542 illo
795 2485 959 2560 tamquam
988 2478 1141 2563 plantatio
1171 2477 1299 2541 novella
1328 2478 1392 2540 sint
1421 2479 1515 2561 positi
1548 2484 1581 2542 et
1613 2479 1759 2543 assiduos

353 2603 551 2670 paganorum
568 2583 726 2667 patientes
748 2581 897 2665 insultus,
919 2601 953 2646 se
975 2602 1033 2665 pro
1048 2600 1147 2665 regno
1163 2587 1326 2663 tamquam
1339 2581 1468 2646 firmum
1482 2583 1757 2666 propugnaculum

353 2688 395 2752 de
410 2688 461 2753 die
475 2689 511 2751 in
526 2687 609 2751 diem
623 2687 718 2751 morti
734 2705 894 2770 opponere
909 2705 975 2749 non
989 2685 1170 2749 formidant
1193 2686 1421 2750 Verumtamen
1434 2686 1556 2750 nullam
1569 2693 1758 2770 potestatem

353 2791 491 2856 habeant
512 2790 649 2856 cudendi
672 2808 909 2872 quamcumque
924 2796 1084 2853 monetam
1106 2790 1176 2853 sine
1198 2790 1282 2872 regis
1303 2790 1431 2855 licentia
1453 2791 1588 2874 speciali.
1618 2790 1757 2855 Domum
1792 2797 1828 2852 20

353 2902 460 2960 autem
471 2915 530 2961 seu
537 2894 692 2979 hospitale
700 2893 833 2956 tranum
841 2891 1017 2956 eorundem
1027 2912 1101 2956 oum
1115 2893 1263 2957 omnibus
1270 2893 1525 2977 possessionibus
1535 2902 1569 2958 et
1577 2894 1669 2959 bonis
1681 2897 1757 2977 suis,

354 3020 438 3084 quae
451 2999 749 3085 inpraesentiarum
763 2996 902 3080 legitime
913 2995 1030 3060 habere
1044 3003 1283 3080 cognoscuntur
1297 3003 1354 3061 aut
1368 2998 1402 3060 in
1416 2998 1562 3062 futurum
1577 3005 1758 3082 praestante

354 3105 414 3170 deo
435 3105 519 3169 iuste
541 3101 710 3188 poterint⁸)
734 3101 873 3185 adipisci,
904 3099 964 3164 sub
986 3105 1098 3164 nostra
1124 3101 1320 3184 protectione
1351 3102 1551 3185 suscipimus,
1581 3109 1757 3168 statuentes

353 3214 391 3273 ut
412 3208 573 3293 perpetuis
601 3206 720 3270 tuturis
748 3203 946 3288 temporibus
975 3204 1035 3268 sub
1065 3205 1153 3288 regia
1181 3205 1281 3270 tutela
1302 3211 1335 3269 et
1357 3205 1541 3271 defensioue
1573 3209 1756 3272 consistant

352 3313 396 3377 Et
416 3318 454 3377 ut
482 3311 569 3376 istud
599 3311 645 3374 eis
673 3314 780 3372 ratum
810 3313 994 3392 permaneat
1022 3314 1121 3390 atque
1141 3307 1279 3389 firmum,
1301 3315 1500 3394 praesentem
1525 3312 1673 3394 paginam
1695 3312 1756 3376 sibi
1791 3316 1825 3373 25

352 3417 507 3481 iussimus
529 3414 635 3478 bullae
657 3418 786 3477 nostrae
807 3431 922 3477 aureae
937 3418 1097 3476 caractere
1112 3410 1291 3495 insigniri.⁰)
1321 3410 1440 3476 Datum
1462 3433 1519 3496 per
1539 3434 1655 3478 manus
1677 3415 1757 3480 oreti

353 3519 445 3584 aritae
473 3518 578 3602 regiae
600 3517 787 3597 canoollmii,
816 3516 982 3600 Agriensis
1003 3516 1182 3600 praepositi,
1212 3536 1297 3580 auno
1327 3515 1366 3580 ab
1389 3517 1607 3584 incarnatione
1637 3519 1758 3584 domini

353 3622 520 3687 millesimo
542 3620 617 3686 00⁰.
639 3619 749 3684 XXII.
793 3620 976 3684 Venerabili
1008 3619 1156 3683 Johanne
1186 3619 1404 3703 Strigoniensi,
1435 3621 1556 3705 Vgrino
1592 3622 1757 3688 colocensi

352 3726 603 3811 archiepiscopis,
624 3723 790 3789 Desiderio
813 3723 1033 3805 Oheuadieusi,
1055 3723 1228 3801 Ruborto⁷l
1253 3724 1492 3809 Vesprimiensi,
1514 3724 1674 3810 Stephano
1697 3728 1755 3792 Za·

352 3829 520 3913 grabiensi,
549 3828 669 3892 'l'homa
698 3828 855 3911 Agriensi,
885 3827 1070 3891 Alexandro
1093 3827 1303 3911 Waradiensi,
1333 3829 1449 3893 Oosma
1470 3828 1647 3912 Gouriensi,
1676 3831 1755 3895 Bar·
1790 3835 1826 3891 30

353 3933 512 3998 tholomeo
535 3932 878 4015 Quinqueecolesiensi,
901 3932 1024 3995 Briccio
1043 3931 1205 3996 Waciensi
1227 3933 1384 4016 episcopis
1406 3939 1439 3997 et
1459 3932 1634 4017 Reginaldo
1650 3934 1756 3999 Vitra-

354 4037 479 4102 siluano
502 4037 602 4102 electo
625 4035 839 4101 existentibus
853 4041 887 4100 et
901 4034 1051 4100 ecclesias
1066 4035 1117 4099 dei
1131 4035 1266 4099 feliciter
1281 4036 1570 4119 gubernantibus.⁸l
1592 4037 1756 4102 'lhoodoro

352 4141 419 4206 filio
441 4141 568 4206 Wetieh
596 4141 745 4225 palatino,
767 4140 875 4204 Poura
902 4137 968 4202 filio
990 4138 1082 4202 Naue
1112 4138 1232 4220 curiali,
1254 4138 1386 4203 Nicolao
1409 4138 1585 4221 Bachiensi,
1606 4142 1753 4206 tiburcio

352 4245 550 4326 Posouiensi,
572 4244 667 4308 Helia
681 4243 887 4326 Bichoriensi,
909 4242 1047 4307 hlartino
1068 4242 1134 4307 filio
1157 4242 1320 4308 Michaelis
1339 4244 1423 4307 Nori
1445 4245 1539 4308 castri
1555 4245 1724 4310 comitibus
1732 4246 1754 4325 ⁸)

352 4350 566 4414 existentibus
594 4354 628 4413 et
649 4348 719 4412 aliis
740 4347 850 4412 multis
871 4348 1041 4411 comitatus
1062 4347 1253 4411 tenentibus.
1276 4347 1379 4431 Regni
1403 4350 1504 4412 nostri
1527 4368 1611 4412 auno
1633 4348 1754 4413 xvnt
1789 4356 1824 4410 ab

508 4524 529 4589 ¹)
547 4520 574 4574 Β
592 4519 652 4573 aad
671 4517 704 4574 0:
721 4518 847 4589 ipsorum.

507 4611 530 4676 ¹)
547 4608 575 4662 Β
593 4607 652 4661 aad
671 4605 895 4662 &intraverunt

508 4698 531 4762 ⁸)
548 4695 590 4748 B:
608 4691 750 4764 expellent

508 4778 953 4849 ⁴)SoBaadtlsdslts'ader
975 4778 1102 4851 Vorlops.

507 4870 529 4936 ⁸)
546 4866 584 4923 So
606 4867 724 4938 Vorlope
741 4867 801 4921 aad
817 4867 854 4934 Β,
874 4865 909 4923 G:
925 4866 1028 4935 poberit
1789 4883 1825 4938 40

506 4958 529 5023 θ)
546 4955 589 5009 B:
605 4954 731 5009 iussimus
748 4952 827 5023 sigili
843 4954 926 5008 nostri
942 4957 1075 5009 caractere
1093 4954 1223 5009 roborare.

508 5046 531 5110 Ι)
548 5042 576 5096 Β
592 5042 652 5097 aad
672 5041 845 5097 esscharte.

506 5133 528 5198 ⁸)
546 5128 583 5184 So
600 5128 632 5182 ia
649 5129 685 5183 Β.
707 5128 840 5199 Vorlope:
857 5128 986 5198 episcopis
1004 5169 1012 5185 .
1031 5167 1039 5186 .
1056 5127 1139 5183 electo
1157 5126 1336 5183 Ultrasilrauo
1353 5127 1535 5182 existentibus.
1568 5127 1602 5183 0:
1626 5126 1754 5196 episcopis

351 5216 526 5271 existentibus
543 5220 571 5271 et
587 5214 712 5270 eoeleeias
730 5214 830 5270 utiliter
845 5215 1060 5285 gubernantibus.

506 5305 529 5371 θ)
546 5300 584 5357 So
600 5302 633 5356 ia
650 5303 678 5357 Β
695 5303 754 5357 sud
774 5302 802 5371 0,
824 5302 957 5373 Vorlope:
973 5302 1108 5357 militibus.
1787 5301 1822 5353 to
