4106 6294
940 614 1093 709 effi

315 803 438 866 erstitit
458 809 630 886 separatus.
665 802 834 867 Praeterea
855 803 938 866 idem
970 804 1119 887 magister
1140 804 1274 868 Thomas
1306 804 1507 888 evangelicae
1539 804 1715 869 doctrinam

315 925 454 987 sequens
469 906 645 988 scripturae
669 926 703 970 se
725 907 898 989 proximos,
920 908 1138 990 possessiones
1160 916 1193 972 et
1215 914 1366 991 cognatos
1389 928 1466 972 suos
1481 928 1539 992 pro
1561 907 1714 973 fidelitate

314 1010 419 1092 regiae
443 1016 569 1073 nostrae
599 1010 755 1074 maiestati
782 1010 888 1074 debita
913 1012 1080 1093 invasioni,
1110 1012 1289 1094 perditioni,
1319 1012 1528 1076 destructioni
1558 1017 1592 1076 et
1612 1013 1715 1096 inopi·

317 1113 399 1177 natis
421 1113 569 1178 fortunae
591 1114 718 1177 casibus
740 1135 798 1198 pro
821 1115 913 1178 nobis
928 1134 1091 1198 exponere
1113 1136 1179 1179 uon
1202 1117 1341 1199 expavit,
1364 1115 1546 1197 exquibus
1568 1116 1715 1179 nonnulli

264 1226 280 1276 ὁ
315 1222 441 1300 praeter
470 1217 595 1281 infinita
625 1238 731 1282 rerum
755 1219 879 1300 damna,
909 1221 1100 1300 tormentati,
1130 1219 1248 1296 afflicti,
1280 1220 1413 1283 verbera
1443 1225 1475 1283 et
1496 1218 1636 1283 ludibria
1656 1238 1714 1283 ex-

314 1321 405 1403 perti,
434 1321 581 1384 nonnulli
612 1322 706 1386 etiam
729 1324 764 1386 in
787 1342 841 1387 ore
872 1323 967 1406 gladii
997 1344 1054 1407 pro
1085 1324 1300 1403 fidelitatibus,
1324 1324 1442 1406 quibus
1473 1323 1556 1387 idern
1588 1323 1715 1388 assidue

314 1423 476 1488 nitebatur
502 1424 594 1488 nobis
622 1427 828 1510 complacere,
859 1435 935 1491 sunt
965 1428 1069 1507 occisi,
1100 1429 1177 1510 quid
1200 1428 1294 1511 plura
1315 1429 1366 1491 hic
1396 1428 1457 1491 fuit
1487 1427 1542 1509 qui
1573 1430 1715 1490 nostram

315 1529 433 1610 regiam
448 1547 588 1610 sequens
604 1529 808 1611 maiestatem,
831 1531 1001 1613 abnegavit
1016 1537 1115 1596 semet
1129 1532 1244 1616 ipsum,
1265 1552 1342 1596 snos
1356 1537 1453 1612 atque
1469 1551 1535 1595 sua
1567 1529 1715 1595 Ceterum

314 1651 388 1694 cum
403 1631 549 1697 Matheus
572 1633 610 1696 de
625 1633 806 1697 'lhinchinio
831 1635 1027 1700 damnandae
1046 1637 1217 1700 memoriae
1233 1642 1341 1699 noster
1356 1634 1501 1699 aemulus
1524 1640 1556 1699 et
1578 1633 1715 1699 infidelis

249 1744 280 1797 10
315 1742 483 1819 aggregata
513 1735 572 1799 sibi
595 1756 728 1801 suorum
751 1738 941 1821 complicum
964 1740 1101 1803 nefanda
1126 1747 1255 1803 caterva
1284 1745 1396 1803 contra
1426 1745 1567 1803 nostram
1595 1739 1715 1821 regiam

315 1840 508 1903 maiestatem
532 1860 612 1904 ausu
636 1842 802 1905 temerario
825 1843 958 1907 veniens
980 1863 1079 1927 prope
1100 1843 1261 1906 civitatem
1284 1847 1425 1907 nostram
1449 1842 1546 1907 Cassa
1568 1848 1713 1906 vocatam

315 1943 389 2007 belli
419 1945 601 2008 discrimina
632 1946 798 2010 nobiscum
830 1946 946 2010 habere
968 1966 1034 2009 non
1064 1946 1274 2027 formidasset,
1296 1946 1380 2009 idem
1408 1947 1559 2030 magister
1580 1946 1715 2011 Thomas

315 2054 477 2131 tamquam
507 2069 564 2113 vas
592 2050 789 2113 constantiae
819 2050 948 2113 militiae
978 2050 1089 2115 laurea
1117 2057 1306 2131 coronatus,
1336 2051 1543 2115 cernentibus
1568 2050 1661 2114 nobis
1683 2056 1716 2114 et

315 2158 392 2216 tunc
421 2153 514 2216 nobis
551 2153 773 2217 assistentibus
802 2154 962 2217 universis
993 2174 1051 2219 nec
1089 2155 1253 2237 sanguinis
1283 2154 1487 2236 effusionem,
1515 2173 1575 2218 nec
1604 2154 1715 2218 mortis

249 2264 279 2316 15
315 2256 456 2339 pericula
485 2275 718 2340 expavescenS,
747 2277 813 2321 non
836 2258 904 2321 sine
925 2257 1006 2341 largi
1028 2259 1078 2321 sui
1101 2259 1224 2321 cruoris
1247 2258 1414 2322 stillicidiis
1444 2257 1646 2322 laudabiliter
1668 2257 1715 2320 di·

316 2360 450 2423 micavit
481 2361 634 2425 Volentes
648 2360 838 2425 fidelitatum
855 2360 1017 2443 obsequiis
1031 2362 1133 2444 ipsius
1148 2362 1289 2444 magistri
1304 2362 1441 2427 Thomae
1456 2361 1715 2426 remuneratione

314 2465 401 2546 regia
428 2465 684 2548 correspondens,
714 2471 752 2528 ut
772 2466 872 2549 ipsius
902 2467 1102 2529 indemnitati
1125 2485 1182 2549 per
1203 2472 1346 2530 nostram
1376 2467 1496 2549 regiam
1518 2466 1715 2530 maiestatem

314 2568 525 2632 condecenter
547 2569 734 2633 consulatur
756 2577 788 2633 et
809 2575 847 2633 ut
868 2570 983 2651 reliqui
1006 2570 1130 2634 discant
1152 2570 1212 2634 sub
1239 2570 1382 2654 principe
1404 2570 1543 2653 gratimo
1565 2570 1714 2633 devotus

314 2673 460 2736 famulari
483 2679 515 2736 et
537 2674 696 2736 laetentur
718 2673 751 2735 iu
782 2673 900 2737 virtute
932 2674 1008 2737 boni
1030 2674 1240 2757 praesidentis
1262 2679 1295 2743 et
1324 2673 1541 2737 misericordia
1562 2674 1607 2756 pii
1628 2673 1713 2756 regis

246 2783 280 2836 20
315 2777 499 2859 glorientur,
515 2777 671 2859 praefatas
686 2778 902 2859 possessiones
917 2778 956 2840 ab
979 2778 1091 2842 eodem
1106 2779 1237 2842 Andrea
1252 2783 1284 2842 et
1306 2778 1373 2842 suis
1393 2776 1563 2841 heredibus
1584 2781 1715 2860 propter

315 2879 510 2944 infidelitatis
532 2886 649 2961 nomm,
673 2899 738 2962 qua
760 2900 825 2943 una
846 2900 920 2944 cum
936 2879 1080 2945 ladislao
1104 2882 1266 2964 quondam
1283 2881 1419 2944 vaivoda
1440 2879 1566 2963 capitali
1588 2878 1713 2943 aemulo

315 2989 347 3047 et
368 2983 489 3048 infideli
519 2991 627 3048 nostro
651 2990 763 3048 contra
790 2991 930 3049 nostram
953 2986 1072 3069 regiam
1095 2987 1292 3050 maiestatem
1323 2984 1499 3068 procedens
1521 2982 1644 3048 exstitit
1664 2983 1714 3046 in-

314 3087 454 3170 volutus,
484 3094 647 3170 tamquam
677 3089 758 3152 male
788 3090 908 3153 meritis
938 3090 1147 3165 auffereutes,
1177 3109 1252 3153 cum
1282 3089 1431 3153 omnibus
1461 3087 1652 3152 utilitatibus
1682 3092 1714 3151 et

313 3194 512 3276 pertinentiis
535 3194 601 3257 suis
625 3193 783 3257 universis
806 3194 865 3258 sub
883 3195 975 3258 metis
997 3199 1029 3258 et
1052 3195 1204 3274 terminis,
1228 3193 1346 3276 quibus
1368 3193 1408 3257 ab
1431 3192 1564 3274 antiquo
1589 3189 1714 3255 habitae

246 3303 279 3357 25
315 3298 509 3361 exstiterunt
531 3303 562 3360 et
583 3315 757 3379 possessae,
780 3297 881 3361 eidem
904 3300 1054 3381 magistro
1069 3298 1206 3363 Thomas
1228 3305 1261 3363 et
1282 3318 1339 3381 per
1361 3317 1436 3362 eum
1452 3296 1520 3361 suis
1542 3294 1713 3359 heredibus

315 3400 532 3483 heredumque
554 3420 687 3463 snorum
703 3401 940 3465 successoribus
962 3402 995 3464 in
1011 3402 1181 3484 aliqualem
1197 3401 1340 3466 fidelium
1355 3401 1558 3465 servitiorum
1581 3417 1714 3461 suorum

314 3504 639 3588 recompensationem
674 3504 835 3587 dedimus,
870 3506 1060 3570 donavimus
1094 3513 1126 3570 et
1159 3505 1354 3571 contulimus
1387 3506 1458 3568 iure
1490 3508 1645 3588 perpetuo
1682 3507 1715 3566 et

314 3608 563 3673 irrevocabiliter
593 3608 809 3691 possidendas,
839 3610 992 3673 tenendas
1021 3611 1139 3693 pariter
1161 3616 1193 3673 et
1222 3610 1392 3674 habendas.
1430 3608 1476 3674 Ut
1496 3608 1594 3692 igitur
1615 3608 1713 3672 huius

315 3720 442 3777 nostrae
457 3712 637 3776 donationis
652 3712 751 3776 series
770 3713 870 3777 robur
888 3720 1061 3797 perpetuae
1083 3714 1226 3778 obtineat
1239 3712 1408 3795 firmitatis,
1430 3717 1614 3797 praesentes
1636 3731 1713 3775 con-

246 3824 281 3878 30
314 3817 468 3881 cessimus
483 3816 591 3879 literas
606 3822 731 3879 nostras
746 3814 958 3898 privilegiales
970 3817 1105 3901 duplicis
1121 3818 1213 3901 sigilli
1230 3818 1332 3882 nostri
1346 3817 1523 3881 munimine
1538 3815 1711 3879 roboratas

313 3920 430 3984 Datum
462 3940 519 4003 per
540 3939 655 3982 manus
685 3919 811 3983 discreti
836 3920 895 3982 viri
926 3921 1067 4003 magistri
1089 3921 1246 3985 Johannis
1268 3921 1419 3985 Albensis
1448 3919 1599 3985 ecclesiae
1621 3937 1712 4002 prae-

312 4025 407 4110 positi
438 4030 469 4088 et
498 4023 709 4087 archidiaconi
740 4024 779 4087 de
810 4023 983 4101 Kuhulleu,
1013 4024 1105 4088 aulae
1127 4030 1255 4089 nostrae
1278 4024 1529 4089 vicecancellarii
1551 4023 1657 4087 dilecti
1680 4028 1713 4087 et

312 4128 416 4192 fidelis
438 4128 548 4209 nostri,
578 4147 662 4190 anno
694 4127 813 4190 domini
836 4104 877 4191 li
901 4105 1003 4192 ddd.
1027 4127 1148 4191 decimo
1180 4147 1274 4209 nono,
1297 4128 1387 4211 regui
1414 4132 1521 4191 autem
1543 4128 1646 4191 noshi
1668 4127 1710 4190 si-

313 4231 429 4295 militer
450 4229 572 4295 decimo
596 4251 691 4312 nono,
715 4233 827 4314 quinto
850 4230 1010 4295 Kalendas
1031 4232 1181 4314 Augusti.

971 4628 1060 4710 367.

390 4808 630 4900 Weisseuburp
669 4812 767 4879 1319
803 4808 998 4900 September
1032 4813 1091 4879 15.
1128 4807 1309 4895 Beuedilvt,
1344 4806 1454 4879 Vitur
1492 4808 1552 4879 aa
1584 4807 1713 4880 amera

313 4930 513 5021 brlrpiscteo
535 4930 703 5019 Biscboyh,
732 4930 877 5020 beaeuqt,
906 4931 987 5001 dass
1009 4929 1126 5001 Comes
1144 4928 1252 5001 Belus
1279 4929 1343 5001 dea
1370 4929 1499 5001 dritten
1528 4928 1630 5001 aaut
1656 4929 1715 5001 dea

313 5051 442 5140 Dorfes
460 5050 705 5141 Bellcscbdorf
720 5052 783 5124 der
807 5050 944 5123 Wittwc
960 5053 1070 5124 seiaes
1088 5050 1256 5139 Braders,
1275 5051 1401 5139 Eleae,
1428 5049 1626 5123 tiberim
1643 5051 1712 5123 hot.

472 5214 547 5285 oria
566 5216 646 5285 Perp.
671 5215 775 5285 Unpar.
794 5214 1000 5269 Laadeaarchiu
1018 5214 1170 5283 Badapcat.
1195 5213 1291 5284 Stupet,
1309 5213 1451 5282 mosol,
1470 5213 1578 5269 wmaaea
1602 5213 1712 5281 Wooha

244 5302 279 5356 40
416 5318 476 5355 war
494 5302 551 5369 aas
564 5302 612 5355 der
631 5301 774 5356 Rbckaeite
792 5300 980 5370 auspedrr'icht.

468 5421 580 5481 nauca·
598 5423 683 5493 aaa
703 5421 1116 5492 corrumpamini.
