4106 6294
918 632 1073 726 „3⁵5-

293 817 381 882 dedit
402 817 624 902 replicationes
645 819 730 883 inira
752 820 893 904 scriptae.
928 819 1070 897 Quarum
1093 828 1186 887 tenor
1211 823 1284 887 talis
1307 828 1363 887 est
1398 821 1511 886 Coram
1534 823 1626 887 vobis
1648 829 1695 888 et-

293 926 398 985 cetera
419 922 615 987 constitutus
637 942 696 1006 ego
718 923 891 988 Bertoldus
914 925 1054 989 decanus
1077 926 1116 989 de
1139 925 1240 990 Sabus
1261 932 1451 1009 procurator
1472 931 1593 1010 septem
1610 928 1694 1010 capi-

292 1023 435 1088 tulorum
457 1030 490 1088 et
505 1027 707 1107 quorundam
729 1027 938 1110 plebanorum
961 1029 1107 1093 dedistis
1129 1030 1275 1113 capitulis
1292 1031 1420 1093 nomine
1436 1049 1506 1093 meo
1526 1036 1694 1112 eteorum,

294 1147 433 1210 quorum
461 1150 533 1193 sum
554 1137 752 1213 procurator,
781 1132 963 1214 replicando
986 1138 1097 1196 contra
1119 1134 1324 1215 exceptiones
1346 1135 1523 1217 proposItas
1549 1153 1606 1217 per
1628 1154 1694 1196 rna

244 1240 260 1292 ὁ
295 1232 431 1313 gistrum
454 1233 638 1317 Philippum
665 1235 705 1298 de
728 1235 863 1317 Cingulo
886 1231 1126 1317 procuratorem
1148 1238 1279 1320 capituli
1303 1236 1520 1301 I‘ranssiluani
1541 1238 1696 1302 adversus

290 1334 399 1399 literas
420 1337 664 1418 provincialium
686 1357 744 1421 per
764 1357 816 1402 me
839 1339 874 1400 in
895 1338 1012 1401 iudicio
1035 1339 1207 1422 productas
1229 1341 1269 1403 ad
1292 1341 1509 1405 defensionem
1534 1342 1614 1405 iuris
1630 1343 1693 1407 mei

292 1443 324 1502 ot
342 1457 463 1520 eorum,
487 1459 626 1521 quorum
641 1461 713 1505 sum
729 1449 925 1524 procurator,
948 1441 1018 1506 dico
1041 1449 1074 1506 et
1095 1463 1247 1526 propono,
1277 1445 1377 1509 dictas
1399 1447 1605 1528 exceptiones
1628 1466 1691 1511 non

293 1542 427 1607 obstare.
458 1543 541 1608 Nam
563 1565 629 1608 non
652 1546 757 1609 obstat
779 1546 866 1629 quod
889 1548 1006 1611 dicitur
1027 1568 1094 1610 non
1116 1554 1262 1612 constare
1284 1549 1324 1613 de
1346 1548 1446 1612 literis
1469 1550 1598 1613 illorum
1619 1571 1693 1633 pro·

293 1647 486 1727 vindalium,
510 1649 586 1731 quia
607 1650 639 1712 in
664 1651 796 1713 veritato
821 1650 860 1713 de
883 1651 929 1714 eis
951 1656 1084 1732 constat
1116 1671 1172 1736 per
1194 1653 1392 1717 authenticas
1415 1653 1532 1733 literas,
1563 1672 1620 1737 per
1644 1673 1693 1717 me

225 1756 259 1810 10
293 1755 330 1813 ut
351 1751 545 1833 praedicitur
574 1754 608 1815 in
630 1754 748 1817 iudicio
780 1754 958 1837 productas
995 1755 1037 1818 Et
1060 1762 1127 1819 esto
1152 1757 1239 1838 quod
1263 1776 1326 1819 non
1350 1762 1518 1837 constaret
1549 1757 1595 1820 nil
1618 1758 1693 1822 iacit

293 1853 333 1917 ad
355 1873 431 1932 rem,
454 1875 528 1919 nam
551 1864 684 1937 constat,
706 1859 811 1941 ipsum
827 1859 996 1923 vaivodam
1019 1879 1061 1925 ex
1082 1865 1172 1943 parte
1195 1860 1352 1923 dictorum
1375 1860 1620 1943 provincialium
1642 1881 1693 1925 ro·

292 1964 401 2041 gutum
425 1959 464 2022 de
487 1962 624 2024 mansitu
647 1962 860 2043 concedenda
891 1963 1060 2027 transitum
1091 1965 1196 2047 ipsum
1222 1965 1404 2047 denegasse,
1435 1971 1467 2028 et
1489 1965 1549 2028 hoo
1572 1972 1695 2029 constat

293 2080 350 2145 per
380 2062 480 2127 dictas
502 2063 611 2129 literas
633 2067 839 2129 authenticas.
877 2066 944 2129 Nec
967 2065 1072 2130 obstat
1094 2067 1181 2148 quod
1204 2067 1328 2147 dicitur,
1359 2068 1446 2150 quod
1468 2087 1534 2131 non
1557 2074 1691 2152 constat

295 2185 433 2247 quorum
448 2169 693 2250 proviocIulium
716 2170 827 2234 literae
850 2170 1054 2233 transmissae
1076 2170 1210 2233 fuerunt
1231 2171 1392 2255 praedicto
1415 2173 1578 2237 vaivodae.
1610 2172 1693 2237 Nam

226 2278 259 2330 15
294 2270 355 2353 ipsi
376 2271 483 2353 iidem,
507 2273 564 2353 qui
586 2273 687 2337 dictas
710 2275 908 2338 authenticas
931 2275 1038 2338 literas
1060 2276 1327 2358 conscripserunt
1350 2276 1503 2357 suetidi,
1528 2278 1584 2359 qui
1606 2296 1692 2340 com-

293 2376 384 2439 muni
414 2377 570 2440 vocabulo
604 2383 637 2441 et
665 2385 819 2444 consueto
853 2378 1065 2462 provinciales
1095 2385 1331 2462 nuncupantur.
1377 2379 1458 2443 Item
1489 2400 1553 2444 non
1588 2380 1693 2444 obstat

256 2474 259 2480 ’
295 2479 381 2560 quod
412 2480 529 2545 dicitur
550 2501 617 2544 non
639 2488 794 2563 constare,
826 2482 964 2562 quando,
991 2482 1047 2545 ubi
1069 2492 1102 2546 et
1123 2502 1181 2566 per
1203 2502 1284 2564 quos
1307 2483 1409 2547 dictae
1431 2483 1541 2548 literae
1564 2485 1693 2569 provin-

293 2583 419 2648 ciaIIum
441 2586 524 2649 dioto
540 2587 695 2650 vaivodae
711 2591 928 2669 praesentatae
943 2586 1083 2665 fuerunt
1106 2606 1180 2650 nam
1197 2587 1475 2670 quandocumque,
1498 2588 1693 2670 ubicumque

293 2694 325 2750 et
354 2708 412 2772 per
434 2708 655 2773 quoscumque
677 2691 799 2754 tuerint
819 2695 1047 2773 praesentatae,
1079 2689 1204 2754 sufficit
1241 2690 1294 2754 Ila
1317 2710 1381 2772 quo
1404 2696 1537 2772 constat
1565 2692 1604 2756 de
1628 2712 1692 2775 quo

224 2794 259 2848 20
292 2790 361 2873 ipse
390 2792 527 2857 vaivoda
555 2799 687 2877 rogatus
715 2795 777 2858 tuit
805 2813 863 2877 per
891 2795 977 2877 ipsos
1007 2795 1219 2878 provinciales
1249 2801 1281 2858 et
1307 2795 1346 2858 de
1368 2796 1575 2878 responsione
1597 2816 1693 2878 quam

292 2893 376 2958 iecit
405 2895 487 2960 Item
509 2917 575 2960 non
600 2898 704 2961 obstat
736 2898 822 2980 quod
853 2898 977 2980 dicitur,
1009 2899 1094 2980 quod
1125 2900 1194 2982 ipsa
1217 2899 1409 2962 universitas
1431 2899 1582 2963 videntur
1603 2920 1694 2983 prae·

294 2998 378 3062 dicta
400 3000 505 3064 dicere
524 3020 635 3065 eorum
658 3003 785 3086 proprio
801 3009 900 3083 motu,
924 3004 1000 3084 quia
1022 3023 1087 3067 non
1110 3004 1211 3085 rogati
1234 3021 1292 3066 seu
1307 3002 1453 3083 requisiti
1476 3023 1532 3087 per
1554 3004 1693 3086 aliquem

293 3107 439 3167 otcetera
483 3104 564 3169 Nam
598 3106 668 3169 dico
697 3108 799 3190 ipsam
828 3108 1071 3170 universitatem
1101 3108 1287 3189 requisitam
1318 3108 1417 3170 fuisse
1447 3107 1486 3170 de
1515 3109 1693 3192 praedictis,

293 3211 326 3271 et
354 3207 415 3270 hoc
444 3227 495 3271 me
525 3207 622 3273 offero
645 3211 855 3293 probaturum
886 3230 944 3275 suo
974 3211 1044 3274 loco
1076 3217 1108 3275 et
1133 3216 1285 3294 tempore,
1317 3211 1344 3274 si
1373 3229 1503 3275 necesse
1525 3212 1630 3296 fuerit
1661 3219 1695 3278 at

224 3315 258 3371 26
293 3314 400 3375 tamen
434 3312 504 3375 dico
537 3313 714 3396 praedictas
746 3314 868 3394 literas,
901 3320 939 3379 ut
971 3317 1089 3395 iacent,
1122 3315 1216 3379 fidem
1250 3314 1354 3378 facere
1388 3314 1428 3377 de
1461 3317 1694 3382 consuetudine

293 3416 384 3498 regni
413 3417 508 3480 eliam
538 3425 630 3481 exim
659 3420 831 3501 potentiam
861 3420 962 3503 ipsius
992 3419 1209 3482 universitatis
1241 3426 1273 3482 et
1299 3419 1386 3482 inter
1411 3437 1564 3502 personas
1594 3421 1694 3485 eccle·

293 3519 442 3584 siasticas.
480 3521 560 3584 Item
586 3541 650 3584 non
675 3522 779 3586 obstat
805 3524 893 3603 quod
918 3523 1044 3605 dicitur,
1075 3522 1161 3605 quod
1189 3522 1265 3586 dicti
1288 3522 1465 3586 Goboliuus
1488 3530 1521 3587 et
1542 3524 1694 3589 Nicolaus

293 3629 326 3687 et
347 3624 540 3688 universitas
562 3632 640 3689 sunt
661 3626 781 3690 inimici
804 3627 954 3709 capitales
976 3626 1052 3690 dicti
1067 3626 1206 3709 capituli.
1237 3627 1320 3690 Nam
1342 3627 1402 3690 hoc
1424 3646 1489 3690 non
1506 3628 1610 3709 credo,
1633 3648 1694 3692 nec

293 3732 342 3791 est
352 3747 449 3791 causa
462 3728 697 3793 inimicitiarum
713 3730 798 3793 inter
813 3749 876 3807 eos,
888 3737 920 3793 et
929 3731 989 3812 ipsi
1004 3730 1149 3793 canonIci
1163 3731 1210 3793 ire
1222 3735 1356 3814 possunt
1370 3737 1403 3794 et
1417 3731 1549 3809 vadunt
1561 3732 1690 3813 quando

224 3835 260 3890 30
293 3831 397 3914 placet
418 3833 472 3911 eis,
494 3851 552 3915 per
573 3834 752 3897 districtum
781 3836 882 3917 ipsius
913 3835 1129 3898 universItatis
1152 3834 1243 3897 liberi
1266 3843 1298 3898 et
1320 3835 1432 3915 securi,
1460 3840 1492 3898 et
1516 3835 1600 3898 dicta
1622 3837 1694 3899 uni·
1732 3826 1737 3830 ⁴

294 3936 427 3999 versitas
450 3954 505 4000 eos
528 3937 663 4001 honorat
684 3938 776 4001 Iactis
799 3948 831 4002 et
846 3939 961 4019 verbis,
984 3944 1016 4001 et
1038 3940 1098 4001 hoc
1121 3944 1207 4022 patet
1221 3939 1318 4002 etiam
1338 3958 1396 4021 per
1417 3939 1502 4021 ipsas
1521 3938 1636 4020 Ilteras,
1659 3940 1693 4002 in

295 4038 413 4120 quibus
428 4040 511 4102 dicta
525 4041 718 4106 universitas
733 4042 870 4126 appellat
886 4043 987 4106 dictos
1002 4043 1172 4105 canonicos
1188 4042 1334 4105 dominos
1350 4043 1520 4106 canonicos
1542 4043 1693 4107 ecclesiae

294 4142 444 4207 Albensis
464 4144 716 4210 Transsiluanae.
753 4147 795 4209 Et
818 4147 905 4229 quod
927 4146 1044 4210 dicitur
1065 4146 1105 4209 de
1127 4146 1293 4209 invasione
1315 4146 1466 4209 Alliensis
1488 4146 1640 4210 ecclesiae
1662 4155 1695 4211 et

293 4247 513 4311 combustione
536 4249 700 4313 hominum
723 4256 755 4313 et
778 4252 979 4332 quorundam
1002 4250 1228 4313 canonicorum
1253 4256 1284 4313 et
1306 4249 1345 4313 de
1368 4248 1446 4326 aliis
1475 4269 1557 4331 quae
1580 4252 1613 4312 in
1637 4269 1694 4314 ex·

225 4354 258 4409 36
294 4351 440 4434 ceptione
463 4358 547 4434 sunt,
570 4372 636 4417 non
651 4353 764 4417 obstat
790 4353 872 4416 Nam
887 4355 914 4417 si
931 4354 1008 4435 quid
1031 4354 1070 4417 de
1092 4353 1262 4436 praedictis
1284 4353 1476 4435 factumest
1499 4356 1558 4417 hoc
1573 4354 1693 4419 factum

294 4458 343 4517 est
364 4473 422 4537 per
444 4456 604 4536 quendam
627 4456 766 4521 nobilem
789 4459 918 4521 nomine
936 4457 958 4520 J
960 4458 1116 4521 ohannem
1138 4456 1240 4521 filium
1255 4458 1366 4520 Alardi
1388 4458 1513 4521 comitis
1536 4458 1575 4522 de
1598 4457 1694 4522 Salis-

294 4556 384 4637 iorio,
408 4561 465 4640 qui
479 4559 643 4625 Iohannes
667 4562 770 4625 voluit
791 4561 902 4625 uchsci
923 4567 1058 4625 mortem
1082 4562 1156 4625 dicti
1178 4562 1278 4645 patris
1301 4563 1359 4642 sui,
1387 4581 1482 4644 quam
1505 4581 1694 4645 procurasse

295 4661 411 4725 dicitur
433 4664 601 4747 epIscopus
623 4665 782 4746 dioensis,
812 4665 953 4730 collectis
975 4667 1202 4749 consanguinis
1232 4671 1264 4729 et
1285 4666 1394 4730 amicis
1416 4667 1524 4748 aIIqua
1545 4666 1694 4730 incendia

295 4771 328 4829 et
348 4766 513 4831 hominum
535 4770 648 4833 caedes
670 4769 753 4849 fecit
784 4770 844 4832 hoc
866 4768 1119 4833 faciens'contra
1141 4768 1324 4851 episcopum
1347 4768 1478 4833 Petrum
1502 4775 1534 4835 et
1555 4777 1620 4835 tres
1642 4790 1694 4834 ca·

224 4874 261 4928 40
294 4870 436 4953 noricos
461 4873 517 4953 qui
538 4874 640 4956 ipsam
663 4878 798 4936 mortem
812 4876 1075 4955 procuraverunt
1098 4872 1140 4934 Et
1154 4878 1318 4955 praeterea
1332 4873 1490 4955 quidquid
1506 4873 1611 4956 fuerit,
1633 4874 1694 4938 hoc

293 4991 359 5036 non
389 4974 503 5058 obstat
533 4996 608 5039 nam
638 4977 722 5040 tacta
752 4977 813 5039 fuit
841 4996 906 5059 pax
936 4976 1039 5059 plena,
1069 4981 1195 5059 etpost
1220 4976 1297 5039 haec
1320 4976 1424 5040 dictus
1447 4978 1695 5061 episcopusper

294 5075 411 5141 dicam
440 5081 638 5162 proviuciam
667 5080 788 5164 pluries
817 5085 855 5144 ut
885 5079 945 5144 sibi
974 5079 1119 5163 placebat
1148 5081 1208 5144 ivit
1235 5080 1451 5144 consecrando
1482 5080 1631 5144 ecclesias
1661 5088 1694 5145 et

292 5180 405 5245 altaria
421 5188 466 5247 ‘et
495 5184 558 5247 alia
585 5184 731 5249 iaciendo
761 5204 836 5248 cum
864 5185 1025 5249 canonicis
1051 5184 1201 5249 Albenais
1231 5184 1382 5249 ecclesiae
1411 5191 1444 5248 et
1474 5184 1543 5248 sine
1572 5184 1627 5267 eis,
1657 5190 1695 5248 ut

292 5290 383 5368 pater
410 5286 495 5351 inter
523 5287 607 5353 filios
636 5291 740 5353 facere
768 5289 944 5353 consuevit
981 5289 1024 5353 Et
1052 5295 1090 5353 ut
1118 5290 1311 5373 praedicitur
1340 5288 1416 5352 dicti
1445 5288 1590 5351 canonici
1614 5293 1694 5371 ‘post

223 5394 258 5449 45
295 5392 410 5455 dictam
440 5412 551 5478 pacem
583 5398 657 5457 ante
688 5398 823 5458 mortem
854 5393 994 5478 episcopi
1026 5397 1158 5477 etpost
1186 5396 1325 5476 iverunt,
1357 5397 1516 5458 steterunt
1549 5398 1581 5456 et
1610 5392 1694 5456 redi-

294 5501 413 5559 verunt
433 5514 491 5579 per
513 5496 629 5560 dictam
651 5498 848 5580 provInciam
878 5517 936 5582 pro
959 5496 1049 5561 libito
1072 5496 1247 5562 voluntatis
1268 5502 1302 5562 et
1322 5497 1382 5562 hoc
1404 5503 1546 5580 tempore
1562 5496 1694 5582 vadunt,
