4086 6300
967 616 1123 711 gm-

349 908 474 990 sissent,
508 912 541 971 et
573 926 685 971 eorum
718 913 941 991 procuratores
976 909 1124 974 videlieet
1156 909 1301 991 Myohael
1335 911 1475 976 decanus
1508 913 1548 976 de
1582 911 1685 978 Sabus
1718 919 1751 977 et

348 1009 513 1075 iohannes
535 1010 691 1093 plebanus
713 1012 753 1076 de
763 1012 913 1095 Apoldya
928 1014 1084 1096 superiori
1106 1033 1213 1077 coram
1229 1014 1320 1078 nobis
1336 1015 1405 1079 vioe
1428 1021 1459 1079 et
1474 1017 1603 1081 nomine
1618 1037 1750 1081 suorum

348 1114 509 1179 sociorum
532 1114 656 1179 solvere
678 1120 929 1199 assumpserunt,
952 1116 1101 1181 videlicet
1124 1118 1158 1180 in
1179 1119 1299 1181 octavis
1322 1117 1405 1182 beati
1420 1118 1583 1184 Michaelis
1604 1122 1750 1204 proxime

347 1220 412 1285 iarn
434 1219 580 1283 venturis
588 1217 609 1296 ¹)
641 1218 767 1282 solvent
796 1220 1030 1303 quinquaginta
1060 1222 1204 1303 quinque
1228 1242 1349 1285 marcas
1374 1221 1430 1285 fini
1453 1223 1576 1305 argenti
1597 1224 1748 1307 ponderis
1783 1233 1800 1283 o

347 1323 508 1387 Budensis
540 1322 601 1386 sub
635 1342 746 1387 eorum
779 1324 921 1406 periculo
952 1325 1125 1409 portandas
1155 1330 1187 1389 et
1217 1326 1301 1409 apud
1335 1345 1492 1390 cameram
1525 1327 1657 1410 capituli
1689 1327 1749 1411 ipsi

349 1427 487 1511 capitulo
511 1426 727 1510 assignandas,
750 1427 890 1509 reliquas
905 1447 981 1492 vero
1006 1429 1239 1512 quinquaginta
1263 1431 1406 1512 quinque
1428 1450 1551 1494 marcas
1574 1430 1701 1495 solvent
1716 1431 1749 1495 in

349 1532 472 1596 hisdem
494 1531 598 1595 modis
614 1530 648 1593 in
664 1530 784 1594 octava
798 1532 974 1596 nativitatis
990 1533 1073 1596 beati
1084 1532 1105 1596 J
1107 1533 1241 1596 ohannis
1264 1532 1419 1615 baptistae
1442 1534 1748 1617 subsequentibusb

347 1653 483 1718 poenam
509 1634 598 1719 dupli
619 1634 791 1716 incursuri,
820 1635 847 1698 si
870 1636 1044 1717 quemlibet
1074 1636 1283 1700 terminorum
1306 1636 1490 1700 omitterent
1519 1638 1553 1700 in
1582 1638 1746 1721 solvendo,

347 1743 444 1822 prout
473 1738 626 1821 praedicti
655 1743 877 1821 procuratores
906 1739 1116 1823 plebanorum
1143 1741 1379 1823 praedictorum
1408 1760 1515 1803 coram
1545 1742 1637 1806 nobis
1659 1761 1694 1805 se
1716 1748 1749 1806 et
1785 1748 1818 1801 10

347 1843 434 1926 ipsos
463 1842 616 1925 plebanos
645 1841 686 1905 ad
713 1842 745 1904 id
776 1848 952 1925 spontanea
980 1843 1161 1926 obligarunt
1190 1843 1362 1907 voluntate.
1406 1842 1525 1906 Datum
1560 1850 1674 1926 quarto
1697 1845 1748 1909 die

348 1945 553 2011 Perseoses
581 1945 729 2010 aranea
755 1923 804 2010 111
825 1944 986 2010 Kalendas
1007 1946 1107 2029 Junii,
1141 1966 1225 2010 anno
1256 1947 1376 2010 domn
1401 1924 1443 2010 ir
1474 1926 1550 2011 oct
1581 1949 1748 2013 mommo.

1004 2240 1097 2324 476.

429 2406 536 2476 1330
560 2403 652 2476 Jaci
673 2406 708 2475 8.
741 2404 819 2476 Das
844 2402 1125 2495 Warbseabarpcr
1142 2404 1286 2495 Kopitcl
1311 2403 1457 2494 bossuyt,
1485 2404 1567 2476 dass
1593 2406 1749 2478 iliardae

350 2549 415 2598 coa
442 2524 611 2615 Salaberp
638 2525 701 2596 das
726 2526 798 2596 ihm
821 2526 981 2616 qehh‘ripe
1016 2523 1196 2597 Viertthca'l
1221 2525 1283 2596 der
1308 2524 1498 2614 Besitauap
1524 2524 1749 2616 Riapellrirch
1784 2547 1817 2599 15

352 2672 400 2720 aa
426 2647 483 2719 die
510 2645 621 2718 Silano
648 2644 826 2719 Submotis
852 2647 926 2718 aad
950 2646 1098 2719 Daniele
1123 2669 1188 2718 vora
1214 2644 1356 2737 Kallias
1385 2647 1547 2735 vmkaaft
1572 2647 1643 2719 hat.

506 2809 582 2880 Deip.
600 2810 682 2880 Pero.
705 2810 810 2879 anar.
827 2809 1037 2864 Loadasarcbiu
1054 2811 1205 2879 Badapest.
1229 2810 1325 2879 Sieqel,
1343 2810 1450 2864 weiaaes
1474 2810 1583 2878 wacta,
1601 2828 1641 2865 aa
1656 2812 1747 2882 yelber

452 2895 655 2951 Seideascbaur
672 2897 837 2967 amaseam,
854 2897 975 2951 daraelbe
993 2896 1109 2965 Stampel
1126 2896 1176 2951 wie
1195 2897 1249 2951 Nr.
1266 2900 1327 2951 216.

508 3017 734 3087 Umoustandiq:
751 3017 837 3088 Naqy
857 3017 922 3073 (lod.
941 3018 1149 3087 Andeqaoensis
1167 3019 1212 3085 11,
1229 3022 1290 3073 486.

504 3139 618 3210 Reyesi:
635 3139 723 3206 qutr
743 3137 834 3194 Codes
851 3138 909 3207 XI,
926 3143 987 3195 470.
1782 3143 1818 3199 20

504 3315 687 3400 Capitulum
714 3315 866 3380 ecclesiae
887 3315 1130 3381 Transsiluanae
1160 3317 1308 3381 omnibus
1337 3315 1454 3381 Christi
1481 3317 1629 3382 fidelibus
1656 3337 1748 3403 prae-

348 3426 471 3487 sentem
492 3420 639 3505 paginam
663 3419 855 3503 inspecturis
878 3418 1014 3484 salutern
1034 3420 1068 3482 in
1091 3420 1233 3482 omniurn
1256 3419 1422 3485 salvatore.
1449 3420 1500 3484 Ad
1523 3422 1748 3486 universorum

348 3525 495 3589 notitiam
519 3529 583 3587 tam
604 3523 821 3608 praesentium
845 3541 941 3605 quam
964 3523 1146 3586 futurorum
1169 3524 1282 3587 harum
1305 3523 1386 3587 serie
1408 3524 1558 3589 volumus
1580 3526 1748 3609 pervenire

346 3629 521 3712 literanrm,
555 3627 643 3709 quod
672 3627 853 3691 constitutis
875 3627 1084 3710 personaliter
1113 3646 1219 3690 coram
1243 3627 1335 3690 nobis
1356 3627 1476 3692 Alardo
1497 3626 1563 3692 filio
1586 3629 1747 3711 quondam

347 3733 472 3798 comitis
493 3731 604 3796 Alardi
626 3730 667 3795 de
689 3729 857 3812 Wyzakna
886 3751 944 3814 pro
974 3750 1008 3795 se
1038 3736 1071 3795 et
1092 3730 1227 3811 Renero,
1248 3730 1417 3794 Herbordo
1447 3751 1484 3795 ac
1505 3732 1653 3796 Johanne
1673 3731 1747 3796 liliis
1781 3740 1816 3795 25

347 3838 416 3901 suis
443 3835 482 3899 ab
513 3855 580 3899 una
607 3840 698 3920 parte
729 3839 761 3898 et
790 3834 921 3899 Nioolao
955 3834 1020 3898 filio
1049 3834 1228 3899 Salomonis
1259 3834 1316 3897 filii
1347 3834 1452 3916 Oheel,
1485 3856 1522 3899 ac
1551 3835 1682 3899 Nicolao
1715 3841 1748 3901 et

346 3939 512 4023 Mychaele
541 3938 615 4003 filiis
637 3937 779 4004 Danielis
808 3937 848 4001 de
870 3936 999 4001 Kelnulr
1029 3957 1071 4002 er
1100 3938 1200 4003 altera
1228 3938 1311 4002 idern
1335 3939 1475 4003 Alardus
1502 3939 1667 4003 contessus
1699 3945 1748 4003 est

348 4045 476 4110 oraculo
500 4044 593 4108 vivae
615 4043 712 4124 vocis,
735 4047 881 4125 quartam
903 4047 1025 4126 partem
1041 4043 1147 4106 totalis
1161 4048 1265 4106 terrae
1280 4041 1485 4126 Ryngellrerh
1499 4061 1586 4105 nunc
1608 4042 1746 4106 eundem

347 4149 503 4214 Alardum
517 4149 755 4231 contingentem
770 4166 844 4209 cum
865 4145 1014 4210 omnibus
1028 4146 1219 4211 utilitatibus
1233 4147 1301 4210 suis
1316 4146 1436 4210 seilicet
1451 4147 1544 4209 terris
1565 4145 1746 4228 arabilibus,

347 4253 472 4335 tenetis,
493 4252 583 4316 silvis
605 4257 638 4315 et
659 4250 730 4314 aliis
751 4250 791 4313 ad
813 4251 914 4334 ipsam
938 4255 1084 4332 quartam
1104 4256 1226 4333 partem
1249 4250 1459 4314 attinentibus
1480 4249 1662 4314 vendidisse
1677 4250 1746 4314 sine
1780 4258 1816 4311 ³0

346 4356 540 4441 praeiudicio
570 4354 671 4418 nostri
701 4359 734 4419 et
762 4353 938 4435 tradidisse,
968 4358 1000 4417 et
1029 4373 1135 4417 coram
1166 4353 1259 4417 nobis
1284 4352 1429 4416 vendidit
1457 4357 1490 4417 et
1511 4352 1641 4417 tradidit
1669 4353 1746 4436 ipsis

346 4459 478 4523 Nicolao
507 4458 573 4522 filio
596 4457 775 4522 Salomonis
804 4463 837 4522 et
865 4457 996 4521 Nicolao
1027 4476 1064 4521 ac
1085 4457 1243 4538 Mychaeli
1272 4456 1346 4520 liliis
1373 4454 1514 4521 Danielis
1544 4461 1576 4521 et
1605 4475 1663 4541 per
1691 4475 1746 4521 eos
1815 4509 1818 4513 .

348 4582 459 4627 eorum
489 4561 659 4626 heredibus
688 4562 907 4643 heredumque
937 4580 1069 4625 suorum
1101 4560 1339 4625 successoribus
1368 4578 1425 4643 pro
1456 4560 1568 4643 viginti
1602 4561 1746 4643 quinque

350 4668 465 4732 marcis
486 4665 543 4730 fini
566 4665 689 4750 argenti
709 4665 804 4750 plene
818 4665 933 4729 habilis
955 4670 988 4730 et
1001 4665 1159 4749 perceptis
1173 4683 1231 4749 per
1245 4664 1383 4729 eundem
1395 4663 1549 4727 lindum
1572 4662 1611 4726 ab
1627 4664 1746 4728 endem

347 4770 478 4834 Nicolao
507 4768 572 4833 filio
601 4768 780 4834 Salomonis
809 4774 842 4833 et
863 4769 994 4834 Nicolao
1024 4789 1061 4833 ac
1082 4768 1248 4850 Mychaele
1276 4766 1351 4831 filiis
1372 4765 1523 4849 Danielis,
1557 4767 1640 4831 sicut
1660 4768 1745 4832 idem
1780 4774 1815 4829 ab

346 4872 487 4937 Alardus
502 4877 551 4937 est
565 4873 739 4954 confessus,
754 4873 823 4937 iure
837 4879 993 4957 perpetuo
1009 4877 1042 4937 et
1055 4871 1305 4937 irrevocabiliter
1319 4870 1551 4955 possidendam,
1574 4872 1745 4936 tenendam

346 4975 476 5061 pacifice
499 4981 532 5041 et
553 4975 739 5058 habendam,
762 4976 906 5060 obligans
921 4995 956 5041 se
978 4978 1110 5058 insuper
1130 4974 1293 5059 praefatus
1307 4975 1447 5039 Alardus
1469 4981 1502 5039 et
1523 4973 1655 5039 heredes
1669 4995 1746 5039 suos

348 5079 387 5143 ab
410 5079 559 5144 omnibus
573 5098 726 5163 processu
741 5084 921 5165 temporum
942 5081 1029 5163 ipsos
1043 5078 1211 5144 Nicolaum
1225 5077 1328 5142 filium
1339 5077 1516 5143 Salomonis
1531 5083 1564 5144 et
1577 5078 1745 5143 Nicolaum

347 5203 384 5247 ac
399 5182 597 5266 Mychaelem
618 5182 701 5247 filios
715 5181 858 5248 Danielis
880 5182 933 5247 rel
955 5183 1088 5248 heredes
1110 5202 1222 5248 eorum
1244 5182 1368 5247 ratione
1382 5182 1484 5246 dictae
1501 5187 1633 5264 quartae
1646 5182 1746 5266 partis

346 5286 447 5371 ipsius
469 5293 573 5351 terrae
594 5286 800 5372 Ryngelherh
821 5287 1006 5371 peripsum
1020 5286 1177 5351 Alardnm
1199 5286 1319 5351 eisdem
1341 5285 1490 5350 venditae
1511 5285 1673 5370 impetere,
1694 5285 1745 5349 in·
1778 5291 1815 5348 40

503 5422 525 5491 ί)
545 5421 662 5477 caeco
678 5425 705 5478 e.
1028 5396 1031 5401 ⁴

501 5506 734 5577 ¹)13311ab'1.
