4086 6300
912 606 1068 700 283—

283 790 414 875 Aprilis,
443 791 534 876 regni
563 796 672 857 autem
699 793 801 856 nostri
831 812 916 857 anno
946 793 1091 858 similiter
1113 772 1189 858 XX.
1220 799 1343 877 quarto.
1380 795 1625 860 venerabilibus
1653 797 1688 860 in

287 893 410 958 Christo
433 894 578 978 patribus
609 895 746 960 dominis
767 896 916 961 Bolezlao
939 896 1148 981 Strigoniensi
1179 902 1212 962 et
1232 898 1330 964 tratre
1352 897 1498 963 ladislao
1521 899 1688 964 colocensi

287 998 540 1082 archiepiscopis,
562 999 710 1064 Johanne
724 1000 899 1083 Nytriensi,
914 1001 1089 1065 Benedicto
1105 1001 1325 1085 Chanadiensi,
1348 1002 1484 1086 (taorgio
1501 1001 1687 1084 syrmiensi,

286 1099 383 1165 trahe
398 1100 494 1165 Petro
505 1101 675 1185 Bonnensi,
696 1102 828 1167 Nicolao
843 1105 1015 1188 lauriensi,
1036 1104 1182 1168 Ladislao
1197 1103 1541 1189 Quinqueecclosionsi,
1556 1105 1688 1170 Iwanha

235 1210 252 1262 5
288 1202 499 1286 Waradiensi,
513 1205 887 1290 Andreaihanssiluano,
901 1206 1036 1272 Herrico
1052 1208 1282 1291 Vesprimiensi
1297 1213 1330 1272 61
1345 1207 1528 1273 Chanadino
1540 1211 1689 1293 Agrtcnsi

287 1306 490 1370 ecclesiarum
521 1309 686 1392 episcopis,
709 1310 857 1374 ccclesias
879 1310 931 1374 dei
952 1311 1086 1375 feliciter
1112 1310 1372 1395 gubernantibus.
1409 1311 1586 1395 Magnificis
1609 1314 1687 1377 viris

286 1408 445 1493 Phylippo
475 1410 624 1495 palatino,
654 1413 769 1476 comite
800 1413 839 1478 de
861 1411 982 1497 Sccpus
1012 1418 1044 1478 et
1073 1414 1112 1478 de
1135 1415 1249 1496 Vyuar
1278 1434 1315 1478 ac
1337 1414 1442 1480 iudice
1465 1414 1688 1499 Gomanorum,

286 1511 449 1578 Demetrio
477 1514 629 1598 magistro
660 1516 898 1580 taveruicorum
927 1522 1120 1599 nostrorum,
1150 1518 1265 1582 comite
1286 1518 1455 1584 Bachiensi
1481 1526 1513 1584 et
1534 1520 1688 1602 Trinchy-
1805 1562 1808 1566 ‚

286 1616 400 1698 niensi,
429 1615 598 1701 [simperto
627 1618 732 1683 iudice
762 1620 869 1684 curiae
899 1626 1036 1703 nostrae,
1066 1622 1181 1685 comite
1211 1620 1421 1687 Ohanadiensi
1451 1628 1483 1688 61
1512 1624 1688 1707 Nytriensi,

219 1726 254 1779 10
287 1719 448 1802 praedicto
469 1720 589 1784 Thomu
617 1722 753 1786 vaivoda
774 1723 998 1788 Transsiluano
1029 1728 1063 1788 61
1090 1725 1205 1789 comite
1235 1725 1275 1790 de
1297 1725 1418 1808 Zonulr,
1440 1726 1572 1791 Nicolao
1602 1728 1685 1791 bano

289 1823 386 1887 totius
408 1822 605 1908 Sclauoniae,
626 1825 728 1889 Paulo
751 1825 834 1891 bano
857 1827 897 1891 de
911 1828 1057 1909 Machou,
1079 1827 1195 1891 comite
1214 1826 1386 1911 Sirmiensi,
1410 1829 1449 1893 de
1463 1830 1579 1894 Wollro
1603 1831 1689 1895 6116

287 1926 430 2010 Budrug,
452 1926 571 2009 Mykch
593 1929 743 2011 magistro
758 1931 994 1995 tavernicorum
1010 1930 1157 1995 dominae
1174 1931 1312 2014 reginae,
1335 1931 1516 1996 carissimae
1530 1934 1687 1997 consortis

289 2036 426 2115 nostrae,
448 2033 563 2096 comite
578 2032 617 2096 de
629 2031 727 2096 Sarus
743 2038 775 2097 61
789 2034 991 2117 deZemlino‚
1013 2033 1121 2099 Deseu
1139 2034 1244 2099 iudice
1259 2036 1366 2099 curiae
1382 2035 1526 2100 eiusdem
1541 2036 1688 2101 dominae

288 2135 426 2218 reginae,
448 2135 554 2199 Blasio
570 2136 720 2219 magistro
739 2155 914 2219 agasonum
929 2143 1123 2222 nostrorum,
1137 2137 1293 2220 Dyonisio
1308 2139 1458 2222 magistro
1475 2139 1688 2223 dapiferorum

221 2246 254 2298 lo
288 2224 473 2303 nostrornm
488 2243 521 2302 et
534 2238 665 2303 Nicolao
689 2240 804 2303 comite
818 2240 1006 2305 Posoniensi
1029 2241 1163 2324 aliisque
1187 2261 1282 2324 quam
1305 2242 1451 2326 pluribus
1473 2244 1564 2326 regni
1587 2244 1688 2307 nostri

289 2342 459 2405 comitatus
480 2342 664 2407 tenentibus
687 2349 720 2407 61
741 2344 886 2408 honores.

946 2637 1038 2720 416.

367 2795 662 2890 1324Aprtt11.
690 2799 808 2890 Kdniq
825 2800 921 2871 Karl
945 2799 1091 2890 teacupt,
1119 2800 1201 2872 (1666
1227 2822 1266 2873 cr
1291 2802 1356 2872 (166
1379 2800 1540 2873 Casuum
1558 2801 1690 2894 Solpow

289 2918 364 2989 etad
389 2919 456 2991 alle
473 2919 705 3012 Beaitaunpea
731 2921 790 2992 das
807 2927 975 2994 6616666
992 2922 1144 3010 Jotonn,
1172 2922 1232 2994 (166
1254 2916 1462 2994 Corrardus'
1481 2921 1584 3012 Sohn,
1613 2925 1690 2996 dem

220 3052 256 3107 20
288 3039 603 3132 aucturam
636 3039 832 3114 Woiwodan
860 3042 1009 3114 11166666
1033 3042 1202 3115 6611161166
1229 3043 1298 3115 liat.

445 3202 648 3272 66966666
672 3219 727 3259 voa
749 3204 809 3259 aem
832 3204 974 3260 aarum
997 3204 1112 3273 Kaprai
1135 3209 1212 3274 nse,
1241 3204 1317 3276 ore.
1349 3206 1454 3276 66966.
1478 3207 1687 3263 tamarae

392 3287 545 3358 auom.

448 3409 560 3480 nem.-
578 3411 666 3478 rije
685 3411 776 3467 cosa
793 3411 851 3480 xr,
869 3415 929 3468 roo.
954 3411 1138 3467 nmmum
1155 3412 1322 3468 noemae
1339 3418 1399 3469 592.

444 3584 583 3651 Karolus
605 3587 657 3652 dei
678 3589 780 3670 gratia
792 3587 986 3672 Hungariae,
1008 3587 1197 3671 Dalmaciae,
1220 3588 1378 3672 Croaciae,
1400 3589 1527 3672 Romae,
1549 3588 1688 3672 Seruiae,

221 3694 256 3747 25
292 3687 451 3766 Galliciae,
473 3689 688 3772 Lodomeriae,
711 3691 881 3755 (lomaniae
902 3691 1137 3773 Bulgariacque
1159 3711 1217 3755 rex
1238 3694 1386 3777 princeps
1406 3692 1636 3757 Sallernitanus
1657 3698 1691 3757 et

291 3792 420 3855 honoris
442 3813 480 3856 ac
502 3794 619 3857 montis
641 3795 742 3858 sancti
757 3794 874 3878 Angeli
896 3794 1044 3859 dominus
1067 3795 1215 3859 omuibus
1230 3795 1347 3862 Christi
1369 3795 1517 3861 fidelibus
1538 3815 1688 3879 praesen·

292 3895 378 3959 tibus
401 3902 433 3959 et
455 3896 573 3960 futuris
595 3898 811 3981 praesentium
832 3899 978 3962 notitiam
993 3898 1148 3963 habituris
1163 3899 1298 3964 salutem
1314 3900 1348 3963 in
1364 3901 1507 3964 omnium
1522 3898 1688 3965 salvatore.

291 3996 443 4064 Caelestis
471 4000 606 4064 altitudo
629 4001 754 4065 consilii
783 4021 881 4087 supra
902 4008 1019 4066 cuncta
1039 4008 1153 4067 tenens
1174 4004 1341 4087 imperium
1373 4005 1407 4067 in
1431 4002 1575 4086 excelsis,
1606 4022 1689 4086 quae

292 4101 346 4165 dat
367 4120 437 4166 esse
458 4102 564 4185 rebus,
595 4124 653 4188 per
684 4124 780 4188 quam
802 4125 893 4189 reges
915 4113 1051 4190 regnant
1073 4111 1105 4170 et
1126 4106 1339 4190 imperialium
1361 4106 1543 4191 diriguntur
1565 4106 1690 4190 lastigie

221 4211 257 4265 30
292 4204 491 4289 dignitatum,
502 4207 574 4271 1166
587 4227 767 4291 quosquam
779 4208 819 4271 ad
829 4209 919 4291 regni
931 4208 1128 4292 principatus
1140 4209 1242 4292 exigit
1252 4214 1285 4273 et
1295 4208 1453 4291 sublimat,
1468 4214 1506 4273 ut
1516 4208 1544 4272 si
1556 4213 1689 4273 cunctos

293 4309 354 4372 sibi
376 4310 522 4375 subditos
544 4312 615 4395 piae
629 4312 878 4395 longanimitatis
901 4313 1006 4377 studio
1022 4312 1083 4376 suh
1098 4311 1255 4396 praesidio
1272 4313 1359 4395 pacis
1372 4311 1540 4396 adoptatae
1554 4313 1589 4375 in
1604 4313 1688 4375 mam

291 4413 430 4478 iustitiae
453 4413 589 4498 dirigere
605 4421 761 4499 teneatur,
783 4418 817 4479 in
839 4417 896 4480 hos
912 4422 1018 4479 tamen
1033 4414 1165 4479 uberius
1179 4420 1276 4497 atque
1299 4415 1482 4498 vigilantius
1503 4415 1689 4498 perspicuae

296 4518 572 4602 contemplationis
595 4519 704 4583 oculos
729 4524 917 4583 convortere
939 4517 1041 4600 debet,
1071 4537 1153 4600 quos
1182 4537 1304 4583 merces
1335 4537 1523 4602 magnorum
1544 4516 1690 4582 laborum

292 4619 430 4684 declarat
445 4620 605 4704 digniores
627 4628 660 4686 et
680 4620 918 4686 recommendat
929 4622 1044 4704 ingens
1066 4621 1255 4686 excellentia
1276 4622 1471 4686 meritorum.
1493 4620 1633 4685 Proinde
1648 4620 1688 4683 ad

221 4728 256 4782 36
291 4723 517 4789 universorum
539 4725 684 4790 notitiam
706 4726 820 4790 harum
842 4725 923 4789 serie
944 4725 1095 4789 volumus
1116 4725 1294 4809 pervenire,
1317 4724 1404 4808 quod
1425 4724 1499 4787 lioet
1520 4721 1689 4787 fidelitates

291 4830 447 4909 actusque
481 4829 627 4892 strennui
657 4827 816 4913 magnifici
838 4828 899 4891 riri
920 4826 1057 4890 Thomas
1078 4826 1135 4890 filii
1157 4827 1298 4892 Farlrasii
1320 4827 1475 4892 vaivodae
1489 4826 1689 4890 Transiluaui

293 4936 325 4994 et
347 4931 471 4994 comitis
493 4930 533 4995 de
555 4930 680 4995 Zolnulr
702 4932 808 4997 dilecti
830 4936 862 4996 61
882 4930 994 4995 fideles
1015 4931 1116 4995 nostri
1139 4931 1203 4994 sint
1224 4931 1340 4995 notorii
1355 4949 1416 4995 nec
1437 4930 1545 5012 aliqua
1565 4930 1689 5013 possint

292 5035 551 5098 contradictionis
572 5035 707 5118 caligine
729 5033 885 5116 offuscari,
907 5039 1013 5098 166166
1030 5034 1106 5117 quia
1126 5033 1306 5098 labentibus
1328 5040 1507 5117 temporum
1522 5032 1689 5097 curriculis

292 5155 344 5201 res
359 5142 467 5220 gestae
480 5136 689 5221 laudabiliter,
710 5138 774 5202 nisi
784 5137 897 5201 literali
912 5138 1128 5202 recondantur
1142 5138 1281 5221 oraculo,
1303 5139 1517 5222 cognitionem
1532 5137 1689 5222 effugiunt

222 5245 260 5300 40
293 5247 504 5324 posterorum,
535 5241 691 5324 quaedam
721 5241 760 5305 16
782 5241 851 5305 6616
872 5241 1004 5324 actibus,
1033 5245 1071 5305 ut
1098 5242 1168 5305 eius
1197 5242 1345 5325 exemplo
1367 5247 1491 5306 ceteros
1512 5241 1553 5305 ad
1575 5241 1689 5305 similia

292 5342 452 5408 fidelitatis
482 5363 578 5428 opera
607 5344 779 5409 invitemus
808 5344 1029 5428 praesentibus
1060 5343 1210 5408 volumus
1238 5344 1398 5428 explicare
1428 5363 1502 5408 nam
1531 5345 1689 5409 humanae

292 5447 516 5512 imbecilhtatis
531 5449 611 5511 ratio
626 5448 817 5513 informatur
832 5447 871 5511 ah
894 5447 1052 5532 exemplo,
1070 5447 1339 5530 quemadmodum
1361 5466 1435 5512 cera
1447 5448 1688 5531 impressionem
