4064 6288
858 605 1013 700 *ra-s-

236 794 453 878 episcopatum
483 797 515 869 et
544 792 720 876 capitulum
749 797 822 857 ante
855 792 1029 857 adventum
1057 793 1261 858 Tartaromm
1292 794 1475 857 communia
1506 797 1636 877 propter

236 916 421 980 processum
444 898 596 980 temporis
618 896 838 962 deficientibus
860 899 1001 980 antiquis
1023 899 1184 962 canonicis
1207 899 1246 962 de
1265 898 1404 982 capitulo
1426 903 1649 994 [1166161116-ι

236 1002 366 1065 vitatem
390 1001 651 1065 succendentium
674 1020 882 1084 personarum
897 1003 1034 1066 inissent
1054 1003 1088 1065 in
1104 1002 1238 1066 dubium
1253 1008 1402 1066 revocata
1424 1021 1529 1084 neque
1544 1002 1636 1065 aliter

236 1104 275 1167 ad
297 1104 423 1188 plenam
447 1104 671 1168 certitudinem
692 1105 908 1188 potuissemus
931 1105 1133 1188 aliquatenus
1156 1107 1332 1187 devenisse,
1355 1125 1465 1169 omnes
1494 1106 1635 1169 seniores

183 1216 201 1268 5
236 1208 420 1292 iobagiones
449 1207 600 1272 ecclesiae
631 1213 663 1271 et
692 1208 771 1272 alios
801 1209 926 1290 aliquos
959 1209 1111 1274 habentes
1145 1211 1397 1274 recordationem
1430 1214 1462 1272 61
1490 1208 1634 1271 notitiam

235 1312 387 1395 temporis
410 1311 557 1376 retroacti
580 1312 828 1375 convocavimus
850 1313 883 1374 in
913 1333 1025 1394 unum,
1048 1312 1206 1395 aquibus
1229 1313 1390 1376 communi
1413 1312 1579 1375 voluntate
1603 1317 1635 1374 et

235 1433 394 1479 consensu
417 1415 511 1478 modo
534 1416 584 1478 vir
607 1414 774 1498 religiosus
789 1420 822 1480 61
843 1417 999 1481 discretus
1014 1417 1112 1480 irater
1133 1416 1297 1481 Iohannes
1311 1415 1512 1499 praepositus
1533 1415 1634 1477 sancti

234 1517 386 1602 Stephani
409 1519 448 1582 de
470 1520 687 1602 promontorio
703 1519 903 1583 WaradIensi
927 1521 1084 1585 adiunctis
1100 1519 1158 1583 sibi
1175 1518 1366 1601 quibusdam
1388 1518 1541 1583 fratribus
1557 1520 1633 1601 suis,

232 1626 400 1705 praesente
422 1622 630 1686 nihilominus
643 1622 756 1706 Egidio
772 1623 935 1687 sacerdote
950 1622 1083 1687 custode
1106 1623 1256 1687 ecclesiae
1278 1630 1406 1688 nostrae
1428 1642 1526 1706 super
1541 1642 1632 1687 sanc·

165 1732 200 1786 10
235 1726 393 1789 tissimum
422 1730 520 1809 capnt
548 1726 720 1789 beatissimi
750 1727 835 1809 regis
855 1725 993 1790 Ladislai
1015 1727 1136 1790 domini
1157 1727 1259 1790 nostri
1281 1728 1315 1790 in
1337 1727 1430 1791 terris
1452 1733 1485 1790 et
1506 1727 1632 1810 patroni

234 1829 269 1892 in
291 1829 387 1893 caelis
409 1829 517 1912 exegit
537 1829 740 1913 apraedictis
755 1830 903 1894 omnibus
926 1831 1132 1914 corporaliter
1146 1836 1388 1913 sacramentum,
1412 1831 1468 1913 qui
1482 1831 1633 1914 praestito

233 1933 416 1997 huiusmodi
438 1934 593 2016 corporah
615 1934 794 1997 iuramento
816 1934 1051 2016 praedictorum
1074 1936 1291 1998 communium
1314 1935 1432 1998 iurium
1454 1939 1486 1998 et
1507 1953 1633 2017 posses·

234 2038 361 2101 sionum
390 2036 487 2101 talem
516 2036 651 2102 fecerint
683 2038 940 2119 declarationem,
974 2037 1094 2102 scihoet
1125 2038 1211 2120 quod
1244 2038 1321 2102 villa
1349 2038 1522 2122 Pyspuky‚
1556 2037 1633 2101 villa

233 2141 394 2223 Zevvlervs,
416 2141 495 2204 villa
515 2142 616 2206 sancti
638 2141 806 2207 Laurencii
834 2143 919 2205 inter
949 2143 1166 2226 episcopatum
1196 2147 1229 2206 et
1250 2142 1426 2226 capitulum
1448 2147 1525 2206 suut
1546 2161 1632 2205 com-

164 2252 197 2303 15
233 2264 355 2309 munes.
389 2245 470 2309 Item
492 2246 527 2308 in
550 2245 680 2309 decimis
710 2245 749 2309 de
772 2247 848 2308 vino
879 2245 1074 2328 ubicumque
1097 2246 1196 2329 accipi
1224 2252 1361 2330 possunt
1382 2246 1415 2309 id
1437 2251 1486 2309 est
1508 2245 1576 2310 sive
1598 2246 1632 2308 in

232 2348 387 2412 Wardino
410 2348 462 2412 vel
481 2348 677 2431 ubicumque
693 2349 770 2412 alias
784 2368 842 2433 per
863 2353 1004 2412 nostram
1028 2349 1178 2414 diocesim
1193 2350 1298 2414 media
1311 2354 1401 2434 parte
1416 2349 1633 2433 episcopatum

232 2453 437 2536 contingente
460 2452 590 2516 dimidia
610 2473 684 2536 pars
706 2452 844 2536 capitulo
868 2452 1009 2517 debetur.
1046 2453 1128 2517 Item
1150 2454 1185 2517 in
1207 2453 1284 2517 villa
1306 2453 1406 2535 Olazy
1429 2453 1468 2517 de
1490 2452 1630 2516 tabernis

232 2562 297 2620 tam
319 2556 353 2619 in
376 2558 452 2619 vino
474 2558 527 2621 vel
549 2557 583 2620 in
607 2556 750 2639 quohbet
771 2562 851 2641 potu
870 2557 958 2638 quod
980 2557 1131 2621 venditur
1146 2557 1302 2622 tributum
1325 2576 1367 2621 ex
1391 2557 1451 2620 hiis
1466 2560 1631 2639 exspectat

233 2660 372 2744 capitulo
395 2661 479 2725 siout
499 2662 534 2724 in
556 2661 740 2743 Waradin0‚
763 2662 819 2725 sed
842 2661 904 2725 alia
926 2662 1033 2725 omnia
1054 2661 1202 2726 videhoet
1216 2662 1356 2726 decimae
1372 2680 1488 2725 census
1504 2659 1633 2743 terragii

161 2768 198 2825 20
233 2765 339 2830 solum
361 2765 578 2849 episcopatum
598 2766 796 2849 confingunt
830 2766 912 2829 Item
942 2771 1027 2829 terra
1049 2765 1161 2830 Kordu
1190 2770 1222 2830 61
1251 2770 1337 2829 terra
1357 2765 1431 2848 Ireg
1457 2763 1633 2847 aequaliter

234 2869 415 2953 tripartitur
435 2869 520 2934 inter
541 2871 767 2955 episcopatum,
790 2869 964 2954 capitulum
980 2875 1012 2934 61
1026 2875 1222 2935 conventum
1244 2870 1345 2934 sancti
1368 2868 1528 2952 Stephani.
1550 2867 1632 2931 Item

234 2977 320 3037 terra
340 2972 496 3037 Besenevv
517 2972 553 3037 in
576 2974 656 3038 duas
678 2974 832 3039 dividitur
854 2974 1031 3056 aequaliter
1051 2975 1135 3038 inter
1154 2974 1371 3058 episcopatum
1393 2979 1426 3037 et
1447 2972 1631 3057 capitulum.

230 3076 313 3140 Item
344 3082 430 3141 terra
458 3076 572 3141 Mache
600 3078 753 3142 dividitur
779 3078 874 3142 simili
895 3078 999 3142 modo.
1036 3078 1118 3142 Item
1149 3077 1189 3142 de
1210 3077 1287 3140 villa
1308 3076 1453 3141 leeser
1475 3074 1631 3156 dicebant

232 3180 320 3263 quod
341 3180 516 3264 capinrlnm
538 3201 630 3245 suam
643 3183 823 3266 portionem
845 3182 975 3247 haberet
1001 3182 1095 3246 certis
1117 3181 1210 3245 metis
1240 3181 1430 3262 distinctam,
1452 3180 1509 3244 sed
1529 3178 1631 3262 quali·

160 3286 196 3342 26
232 3289 330 3349 tatem
353 3285 629 3366 quantitatemque
651 3286 845 3367 ignorarent.
874 3286 955 3351 Item
976 3292 1061 3350 terra
1082 3284 1232 3349 Bovmorv
1254 3286 1338 3349 inter
1360 3286 1576 3369 episcopatum
1599 3289 1632 3346 et

231 3387 407 3471 capitulam
429 3393 479 3452 est
500 3389 686 3452 communis.
723 3389 805 3453 Item
827 3395 912 3453 terra
933 3390 1032 3474 Ivugd
1054 3396 1140 3454 terra
1154 3388 1304 3472 Stephani
1327 3388 1385 3452 filii
1401 3388 1511 3453 Choda
1534 3406 1630 3470 quam

231 3490 342 3575 Griges
372 3491 493 3556 detinet
520 3512 609 3556 nunc
638 3492 777 3557 decimas
806 3494 944 3577 capitulo
976 3493 1127 3558 solvebat
1172 3493 1254 3557 Item
1285 3497 1399 3575 quarta
1427 3511 1501 3575 pars
1531 3490 1630 3554 totius

230 3594 359 3678 terragii
390 3595 430 3659 de
451 3595 529 3659 villa
549 3596 665 3660 Feltoti
686 3617 762 3660 curn
784 3597 914 3663 decimis
935 3618 1107 3682 porcorum
1133 3603 1165 3662 61
1187 3597 1280 3662 melle
1302 3596 1441 3682 capitulo
1465 3594 1629 3658 debentur.

229 3698 313 3763 Item
335 3699 368 3761 in
391 3699 522 3763 decimis
543 3719 714 3782 porcorum
737 3701 857 3764 domini
879 3703 962 3785 regis
983 3704 1018 3765 in
1033 3702 1110 3766 villa
1123 3700 1234 3766 Doboz
1257 3708 1289 3765 et
1311 3702 1351 3764 de
1369 3700 1439 3763 aliis
1454 3698 1629 3783 capitulum

158 3805 196 3861 30
230 3802 326 3866 tertia
345 3822 419 3887 pars
434 3803 597 3886 contingit
623 3804 705 3869 Item
721 3806 860 3870 decimae
883 3804 922 3868 de
937 3805 1014 3868 villa
1034 3804 1159 3869 Harsan
1184 3805 1286 3887 Gyan,
1309 3804 1385 3867 villa
1406 3803 1490 3867 'Ieelr
1511 3801 1629 3886 Meger,

231 3906 311 3969 villa
334 3905 510 3971 Omberens
541 3913 573 3973 61
595 3908 634 3973 (16
656 3908 733 3971 villa
761 3907 870 3990 Evvsy,
901 3926 983 3989 quae
1013 3907 1181 3971 donativae
1204 3912 1281 3971 sunt
1309 3913 1342 3971 et
1369 3906 1525 3990 legativae
1547 3906 1630 3989 epis-

232 4015 382 4094 copatum
404 4012 602 4094 contingunt
639 4010 721 4074 Item
744 4010 884 4075 doctmae
905 4012 1130 4095 provenIentes
1160 4011 1199 4075 de
1221 4011 1366 4075 Homrolr
1388 4010 1465 4073 villa
1484 4009 1575 4093 rupo
1598 4013 1630 4072 61

231 4113 272 4178 de
294 4113 370 4177 villa
383 4113 540 4198 Herpauli
560 4113 719 4178 debentur
740 4114 878 4197 capitulo
901 4115 1048 4179 totaliter.
1070 4115 1152 4180 Item
1167 4115 1312 4179 simihter
1334 4115 1475 4179 decimae
1497 4112 1536 4178 de
1553 4112 1630 4176 villa

231 4216 446 4300 Panchyrgdy
468 4218 555 4282 etde
577 4217 639 4281 alia
658 4217 758 4302 Irgud
779 4218 856 4282 villa
877 4219 1048 4304 praepositi
1070 4219 1110 4284 (16
1124 4217 1217 4284 Lelez
1240 4218 1378 4303 capitolo
1401 4216 1559 4281 debentur
1581 4221 1629 4279 to·

156 4325 193 4379 35
230 4318 344 4383 tahter.
366 4319 448 4384 Item
467 4320 607 4385 decimae
630 4321 670 4386 de
692 4321 768 4385 villa
790 4322 938 4387 Sonchha
958 4329 1077 4387 terram
1099 4322 1249 4387 ecclesiae
1272 4322 1311 4386 de
1333 4320 1466 4386 Pororlo
1489 4320 1628 4410 capitolo

230 4422 348 4487 debent
366 4424 513 4490 totaliter.
546 4425 628 4490 Item
650 4426 808 4509 quidquid
829 4428 863 4490 in
885 4428 1008 4511 piscina
1029 4428 1068 4492 de
1090 4427 1196 4510 Fyred
1217 4431 1323 4511 potest
1343 4425 1513 4510 provenire
1536 4424 1630 4488 tertia

229 4546 304 4610 pars
321 4534 443 4612 spectat
463 4529 611 4613 capitulo.
639 4530 721 4594 Item
744 4531 783 4596 de
806 4532 924 4596 tributo
941 4531 1076 4615 Zegned
1100 4531 1244 4595 similiter
1265 4530 1342 4595 item
1365 4529 1484 4595 tributa
1506 4528 1566 4591 Iori
1589 4526 1628 4591 de

229 4634 298 4695 toto
320 4632 472 4695 comitatu
486 4632 661 4714 Abvvyvvar
682 4634 821 4717 capitulo
844 4634 992 4714 totaliter,
1014 4636 1091 4699 item
1114 4636 1153 4699 de
1172 4636 1325 4699 comitatu
1339 4633 1457 4697 Hevves
1472 4630 1628 4694 tributum

230 4733 291 4797 tori
313 4739 346 4798 61
366 4734 511 4799 Horwon
533 4737 672 4819 pertinet
694 4737 888 4821 episcopatui
919 4739 1065 4803 totaliter.
1099 4740 1138 4804 In
1161 4738 1238 4801 villa
1259 4737 1352 4818 Fudy
1376 4737 1523 4799 dominus
1546 4735 1629 4818 epis·

152 4844 192 4899 40
228 4858 329 4922 copus
348 4839 408 4901 hoc
422 4838 558 4903 habebat
571 4841 775 4904 mansionum
789 4841 980 4906 vinicatores
996 4845 1148 4926 quinque,
1165 4862 1240 4906 vero
1264 4841 1438 4924 capitulum
1460 4842 1494 4902 in
1517 4840 1628 4903 eadem

228 4942 364 5007 habebat
385 4943 581 5008 mistratores
596 4944 800 5008 candelarum
816 4950 848 5009 et
862 4945 913 5008 alii
930 4952 1026 5010 erunt
1041 4947 1125 5010 servi
1145 4947 1229 5029 regis
1249 4945 1309 5009 sub
1333 4964 1398 5008 una
1418 4950 1503 5008 meta
1522 4949 1627 5007 1661611

229 5051 297 5109 tota
317 5052 403 5109 terra
431 5047 615 5111 indistincta
644 5049 704 5111 hiis
734 5050 878 5132 exceptis
907 5056 940 5113 et
968 5051 1126 5133 exemptis
1154 5070 1251 5133 snper
1273 5048 1391 5132 quibus
1414 5047 1627 5111 dubitabatur.

227 5148 302 5212 Alia
330 5149 576 5232 possidebantur
605 5151 752 5217 (1161111616
778 5153 862 5217 sicut
890 5173 977 5217 nunc
1007 5173 1065 5237 per
1095 5154 1259 5217 dominum
1282 5153 1467 5236 episcopum
1489 5157 1522 5216 et
1543 5152 1628 5235 capi-

228 5251 341 5315 tulum.
370 5252 410 5316 ln
432 5254 526 5317 cuius
547 5256 594 5318 rei
609 5257 794 5319 memoriam
816 5262 999 5340 praesentes
1022 5258 1124 5341 sigillo
1140 5257 1310 5341 episcopali
1332 5256 1463 5340 capituli
1485 5275 1522 5318 ac
1536 5274 1627 5339 prae-

144 5364 187 5418 45
226 5354 323 5438 positi
353 5361 386 5420 et
414 5362 592 5421 conventus
622 5359 724 5422 6611611
746 5358 897 5442 Stephani
927 5361 967 5424 de
995 5361 1212 5445 promontorio
1235 5360 1436 5425 Waradiensi
1466 5360 1627 5423 voluimus

227 5459 428 5524 communiri
457 5458 576 5526 Datum
598 5482 683 5526 anno
707 5462 826 5526 domini
847 5463 1014 5528 millesimo
1034 5443 1088 5529 Οό
1107 5463 1339 5549 septuagesimo
1362 5465 1464 5528 tertio.
