4048 6284
973 596 1129 693 *aa*

350 772 478 868 pacifice
501 783 561 849 sibi
584 776 746 850 dimittens
775 786 952 850 secundum
981 785 1098 852 limites
1128 789 1161 851 in
1191 788 1357 872 privilegio
1387 782 1462 852 tuae
1493 789 1674 855 donationis
1697 811 1754 878 ex-

349 908 486 973 pressos,
507 889 669 973 praedicto
692 896 795 953 castro
818 890 865 954 eis
878 890 978 955 libere
992 892 1149 975 restituto,
1165 898 1197 955 et
1211 892 1407 958 satisfaciens
1422 914 1459 957 ac
1475 894 1620 959 satisfieri
1635 897 1755 961 faciens

350 994 390 1058 de
412 994 536 1058 damnis
560 1000 592 1057 et
613 994 748 1076 iniuriis,
771 1014 828 1078 per
849 1000 882 1058 te
904 1015 940 1057 ae
956 1001 1030 1059 tuos
1052 997 1171 1061 eisdem
1193 997 1348 1060 haetenus
1361 998 1517 1081 irrogatis,
1540 1000 1586 1063 sic
1608 1019 1664 1064 eos
1686 1008 1754 1064 turn

350 1098 384 1161 in
412 1097 481 1161 aliis
511 1097 640 1161 iustitiis
670 1098 746 1181 suis,
777 1104 846 1161 tnm
876 1099 1053 1182 specialiter
1082 1102 1117 1163 in
1146 1102 1308 1184 praedicta
1338 1108 1423 1166 terra
1451 1103 1566 1185 regalis
1595 1106 1755 1187 potandae

350 1201 478 1265 brachio
500 1206 648 1285 protegas
669 1207 702 1265 et
717 1202 877 1284 delendas,
894 1204 981 1284 quod
1002 1205 1035 1267 in
1052 1212 1137 1268 terra
1152 1205 1330 1269 viventium
1345 1212 1467 1290 gratam
1481 1207 1623 1290 recipere
1638 1207 1754 1272 debeas
1789 1215 1805 1267 5

350 1304 635 1370 retributionema
664 1307 732 1388 deo,
764 1307 820 1389 qui
850 1326 909 1370 nee
940 1307 1061 1372 bonum
1091 1309 1358 1373 irremuneratum
1387 1330 1448 1375 nec
1477 1312 1597 1374 malum
1625 1312 1755 1393 aliquod

351 1410 469 1474 deserit
489 1410 691 1494 impunitum.
725 1410 835 1493 Porro,
867 1412 893 1474 si
916 1431 1029 1475 verum
1052 1418 1108 1496 est,
1131 1413 1233 1477 dictos
1258 1414 1372 1479 naues
1394 1415 1518 1496 aliquas
1539 1416 1756 1498 possessiones

351 1518 424 1578 tuas
454 1521 547 1577 extra
576 1534 744 1580 concessos
774 1515 833 1579 sibi
865 1518 1017 1580 terminos
1047 1536 1228 1601 occupasse,
1258 1517 1417 1599 volumus,
1440 1520 1524 1582 siout
1545 1525 1578 1582 et
1599 1519 1645 1583 eis
1667 1538 1756 1583 man-

352 1617 499 1682 davimus
521 1637 577 1703 per
599 1618 708 1683 literas
730 1639 828 1702 supra
850 1620 958 1701 dictas,
981 1626 1019 1683 ut
1041 1621 1098 1684 tibi
1120 1623 1291 1686 restituant
1313 1622 1427 1701 omnia,
1451 1640 1534 1703 qnae
1556 1628 1649 1684 extra
1670 1622 1756 1705 ipsos

353 1720 506 1784 terminos
536 1727 690 1804 occupata
719 1741 789 1788 esse
818 1724 996 1788 constiterit
1024 1745 1082 1808 per
1111 1726 1247 1790 eosdem.
1285 1725 1379 1790 Unde
1410 1725 1532 1789 dilectis
1553 1724 1627 1789 filiis
1650 1769 1658 1787 .
1682 1770 1691 1788 .
1715 1726 1754 1790 de
1790 1732 1823 1786 10

352 1823 493 1888 linewel
517 1870 525 1887 .
550 1869 559 1888 .
582 1825 622 1889 de
644 1825 728 1889 Kern
751 1832 783 1890 et
806 1873 813 1889 .
838 1874 846 1891 .
871 1829 910 1892 de
932 1828 1026 1911 Egris
1047 1828 1215 1893 abbatibus
1237 1828 1444 1906 Pataviensis,
1468 1827 1701 1892 Ultrasilvanae
1724 1834 1757 1892 et

353 1928 558 1995 Cenadiensis
588 1930 771 2013 diocesim,
793 1951 851 2015 per
880 1938 1006 1996 nostras
1038 1932 1151 1996 damus
1179 1932 1287 1997 literas
1316 1933 1350 1995 in
1372 1932 1538 2013 mandatis,
1565 1936 1603 1995 ut
1624 1932 1663 1995 ad
1686 1931 1756 1995 loca

352 2034 422 2118 ipsa
454 2034 663 2117 personaliter
696 2037 891 2117 accedentes,
924 2036 1040 2100 limites
1070 2037 1103 2099 in
1133 2037 1273 2120 praefato
1304 2037 1469 2120 privilegio
1499 2042 1556 2100 tuo
1586 2055 1757 2119 expressos

354 2138 525 2222 inspiciant
541 2138 717 2222 diligenter,
741 2140 813 2204 etsi
830 2140 969 2204 viderint
983 2140 1070 2224 ipsos
1089 2140 1203 2204 batres
1218 2141 1337 2223 aliquid
1354 2146 1447 2205 extra
1461 2140 1590 2204 eosdem
1605 2140 1757 2204 terminos

354 2248 473 2306 temere
493 2262 674 2326 occupasse,
697 2249 808 2307 nostra
823 2244 868 2308 eis
884 2244 1071 2308 auctoritate
1086 2245 1264 2328 iniungant,
1286 2251 1324 2309 ut
1345 2264 1383 2308 ea
1401 2245 1457 2307 tibi
1472 2244 1570 2308 libere
1585 2244 1756 2308 restituant
1792 2252 1824 2305 15

355 2347 424 2411 sine
447 2366 545 2428 mora,
579 2347 733 2428 quicquid
755 2348 939 2412 invenerint
969 2368 1066 2431 super
1087 2349 1270 2431 praemissis
1292 2355 1325 2413 et
1346 2348 1479 2412 fecerint
1507 2347 1600 2411 nobis
1622 2347 1757 2411 fideliter

354 2450 495 2533 relaturi,
511 2456 548 2514 ut
562 2451 590 2514 si
611 2452 688 2533 quid
704 2453 892 2515 remanserit
908 2453 1112 2534 quaestionis,
1135 2459 1263 2517 nostrae
1278 2452 1469 2536 provisionis
1485 2453 1590 2515 studio
1606 2452 1756 2535 sopiatur.

353 2553 401 2617 Tu
431 2572 507 2638 ergo
538 2561 570 2618 et
599 2555 685 2638 ipsos
713 2556 874 2638 praedicta
902 2554 1001 2619 libere
1030 2556 1222 2640 investigare
1244 2557 1417 2640 permittas,
1447 2561 1480 2620 et
1510 2556 1537 2619 si
1559 2555 1616 2618 tibi
1639 2554 1757 2618 videris

355 2658 515 2741 expedire,
539 2665 613 2722 tuos
632 2660 739 2722 mittas
763 2660 898 2723 nuncios
920 2680 994 2723 curn
1017 2660 1136 2724 eisdem
1158 2661 1413 2744 investigationis
1438 2659 1621 2724 huiusmodi
1643 2660 1757 2723 seriem

354 2764 565 2848 inspecturos,
587 2769 695 2828 certus
711 2764 798 2846 quod
814 2764 897 2827 siout
911 2765 1030 2828 iniusta
1045 2784 1139 2848 saepe
1155 2764 1313 2827 dictorum
1336 2764 1521 2846 gravamina
1535 2764 1670 2827 fratrmn
1685 2783 1755 2827 sus·
1792 2770 1826 2824 20

356 2868 457 2931 tinere
485 2867 520 2930 in
549 2867 702 2951 patientia
728 2867 889 2949 nolumus,
920 2869 965 2931 sic
987 2868 1058 2931 iura
1084 2873 1141 2931 tua
1168 2867 1277 2931 illaesa
1305 2867 1361 2931 tibi
1385 2867 1535 2931 volumus
1557 2887 1756 2949 conservare,

355 2991 429 3035 cum
452 2977 483 3035 te
506 2978 669 3053 tamquam
688 2972 851 3054 egregium
873 2977 906 3035 et
921 2970 1114 3035 catholicum
1134 2972 1311 3055 principem
1332 2971 1504 3035 habeamus
1526 2972 1559 3034 in
1581 2970 1758 3035 visceribus

355 3075 503 3140 cantatis.
533 3073 653 3138 Datum
675 3074 799 3157 Tibure,
821 3075 862 3138 Π.
885 3075 963 3139 Idus
984 3076 1084 3157 Junii,
1107 3074 1311 3158 pontificatus
1332 3076 1435 3139 nostri
1457 3094 1541 3138 anno
1565 3094 1660 3139 nono.

1022 3386 1091 3469 46.

438 3568 550 3642 Tiooli
574 3571 680 3640 1225
701 3569 868 3640 Joai12.
905 3568 1016 3659 Popat
1041 3568 1219 3639 Honorias
1246 3566 1324 3638 ΙΙΙ.
1353 3567 1552 3657 becujlrcpt
1577 3567 1633 3637 die
1651 3564 1757 3637 Aebte
1792 3581 1826 3636 25

356 3715 422 3765 non
446 3690 649 3780 Lilicafeld,
686 3690 782 3762 Kcra
816 3691 890 3762 aad
918 3690 1043 3780 Epres,
1079 3712 1124 3760 aa
1157 3689 1394 3775 comaclen,
1430 3687 1470 3760 ob
1504 3688 1567 3758 der
1601 3687 1760 3759 deanebc

363 3812 479 3884 Ordea
514 3811 570 3883 die
609 3811 768 3884 (irenaeo
802 3811 861 3883 des
895 3812 999 3882 ilonea
1033 3834 1097 3882 con
1123 3810 1241 3901 Kdaip
1268 3808 1429 3881 Andreas
1455 3807 1510 3879 ΙΙ.
1547 3808 1759 3880 cerliebencn

363 3932 528 4022 cauae,
556 3934 615 4006 das
640 3933 905 4006 Baraealundea
931 3931 1180 4004 tiberscbra‘tten
1206 3931 1299 4002 lube.

515 4099 640 4170 Repietar
663 4096 872 4153 Vatiltom'acbea
889 4096 1000 4151 Archiv.

515 4221 628 4275 Druck.-
647 4220 733 4288 Faja
754 4210 843 4274 Gode'x
861 4217 924 4284 ΙΙΙ,
942 4222 967 4284 2,
985 4221 1028 4271 42.
1053 4217 1176 4271 Seliuller
1188 4216 1327 4283 ArabioI,
1345 4220 1405 4270 240.
1428 4215 1540 4270 Teanam
1558 4232 1584 4267 a.
1598 4214 1759 4269 Firnlaaber
1794 4213 1829 4268 30

462 4306 535 4363 sian.
558 4306 640 4360 Urltb.
660 4306 685 4372 1,
703 4308 746 4360 31.
770 4303 827 4359 Die
847 4304 1011 4358 Genauam
1028 4304 1088 4357 aad
1105 4303 1233 4358 Paulas
1250 4303 1361 4358 dotiren
1378 4302 1423 4357 die
1446 4301 1590 4356 Urlunde:
1614 4300 1669 4354 IV.
1688 4300 1760 4354 Idus

462 4392 554 4448 Jmii.
582 4391 698 4446 lbeiner
715 4390 793 4444 Mon.
812 4390 908 4460 Hunc.
926 4390 952 4457 Ι,
970 4394 1013 4445 59.
1037 4390 1221 4443 Deaeusinau
1239 4389 1405 4444 Documenta
1422 4392 1466 4443 93.

516 4513 628 4584 Repeti:
646 4512 773 4567 Panaca
791 4511 909 4581 napata
926 4512 980 4566 Nr.
996 4514 1070 4565 7428.

514 4689 679 4753 Honorius
702 4689 870 4772 episeopus
887 4737 987 4751 .....
1004 4687 1127 4750 dilectis
1156 4685 1230 4750 filiis
1246 4732 1254 4749 .
1271 4731 1279 4749 .
1297 4685 1336 4749 de
1351 4683 1529 4749 Linewelt.
1546 4730 1554 4746 .
1571 4684 1610 4748 de
1625 4682 1709 4747 Kerz
1728 4688 1761 4747 et

360 4836 395 4857 ..
419 4792 458 4857 de
480 4792 574 4876 Egn's
603 4790 771 4855 abbatibus
800 4791 1007 4873 Pataviensis,
1037 4791 1260 4856 Utrasilvanae
1290 4799 1322 4856 et
1351 4789 1557 4855 Oenadiensis
1585 4787 1758 4850 diocesium
1795 4794 1829 4848 35

360 4896 495 4961 salutem
511 4945 596 4959 .....
612 4894 765 4959 Delemna
788 4896 914 4978 quoties
929 4897 1077 4959 audimus
1092 4896 1290 4960 carissimum
1309 4895 1344 4958 in
1360 4895 1484 4958 Christo
1498 4890 1600 4954 filium
1615 4896 1761 4953 nostrum

359 5000 523 5064 Andream
544 4999 701 5064 illustrem
723 5018 831 5082 regem
853 4999 1014 5084 Ungariae
1035 5000 1156 5082 aliquid
1179 5001 1291 5081 lacere,
1321 4999 1408 5081 quod
1431 5017 1507 5062 suae
1529 4997 1632 5059 lamae
1654 4995 1762 5059 obviet

361 5109 393 5167 et
415 5102 510 5167 saluti
518 5100 539 5181 ¹)
555 5152 654 5167 .....
670 5103 827 5167 finanum
861 5103 956 5167 Unde
975 5104 1250 5187 praenominatum
1272 5122 1379 5186 regern
1405 5099 1582 5185 rogandum
1608 5098 1761 5162 duximus

361 5208 557 5273 monendum
589 5227 627 5272 ac
664 5207 895 5272 obsecrandum
924 5208 959 5271 in
992 5207 1120 5271 domino
1150 5206 1231 5270 Jesu
1262 5206 1396 5289 Christo,
1429 5209 1466 5269 ut
1494 5204 1554 5266 hoc
1586 5201 1762 5287 prudenter

361 5313 559 5392 attendens1)
571 5361 657 5377 .....
668 5332 726 5397 per
735 5313 872 5377 eosdem.
894 5312 1036 5395 Ideoque
1051 5311 1235 5376 discretioni
1249 5316 1374 5375 vestrae
1388 5329 1445 5395 per
1459 5307 1633 5393 apostolica
1644 5307 1762 5392 scripta
1795 5311 1831 5367 40

518 5486 540 5554 ¹)
563 5482 665 5540 Walter
682 5482 732 5538 wia
749 5483 818 5538 oben
835 5482 890 5539 Nr.
907 5485 942 5538 45
959 5482 1027 5537 decb
1044 5481 1094 5536 mit
1111 5480 1303 5550 enlepreclread
1319 5479 1480 5549 §adamar
1497 5477 1709 5533 Koumasenoi.
