4064 6288
983 564 1140 660 jao-

1016 769 1107 853 toa.

442 935 560 1004 1272.
588 933 706 1023 Κὸπὶ9
730 930 883 1023 Stephon
909 930 947 1004 V.
976 933 1109 1005 belem
1135 932 1253 1006 Comes
1270 933 1473 1006 Dominicus
1499 933 1573 1004 aad
1588 931 1763 1025 Mopister

364 1054 521 1126 Mieleel
547 1055 619 1142 sofr
652 1054 728 1125 llere
763 1052 972 1140 Verdienste,
1013 1054 1192 1126 boeoaders
1228 1056 1315 1126 ancl
1349 1055 1398 1125 im
1433 1054 1579 1145 Kampf
1605 1077 1664 1126 cm
1698 1056 1762 1127 doe

370 1174 532 1247 castrum
558 1173 782 1261 Feleelelrolm,
818 1173 857 1244 in
892 1195 959 1268 qno
985 1173 1146 1246 conflictu
1174 1174 1343 1270 magister
1368 1173 1532 1268 Mychael
1558 1173 1703 1247 dilectus
1729 1180 1763 1247 et

370 1294 484 1367 fidelis
510 1301 627 1367 noster
652 1292 797 1366 mortale
822 1292 955 1365 vulnus
982 1293 1115 1388 excepit
1139 1293 1361 1366 landabiliter
1385 1294 1589 1391 proeliando.
1797 1315 1813 1367 5

425 1500 429 1508 Ι
451 1416 560 1489 Uater
577 1417 644 1488 dea
655 1415 812 1506 Zeupec:
834 1412 1013 1507 Nycolans
1032 1414 1200 1511 magister
1213 1438 1417 1511 agasonum,
1434 1437 1546 1488 comes
1565 1416 1605 1488 de
1619 1415 1763 1490 Zibinio.

442 1537 571 1610 Datum
603 1559 663 1632 per
693 1557 820 1609 manns
852 1534 1014 1631 magistri
1041 1533 1217 1608 Benedicti
1246 1535 1445 1609 Orodiensis
1472 1535 1636 1609 eeclesiae
1662 1559 1761 1631 prae·

364 1658 478 1754 positi,
517 1656 619 1732 aulae
653 1662 792 1729 nostrae
827 1655 1103 1728 vicecancellarii
1138 1655 1253 1729 dilecti
1292 1662 1326 1728 et
1360 1655 1475 1729 fidelis
1511 1656 1632 1751 nostri,
1672 1679 1764 1729 anno

365 1778 496 1853 domini
522 1776 721 1851 MOOLXX
749 1776 906 1870 secundo,
931 1777 1031 1873 regni
1056 1782 1173 1851 autem
1199 1776 1309 1850 nostri
1336 1799 1427 1849 anno
1452 1776 1559 1850 tertio.

520 1942 632 1997 Druck:
650 1940 737 2009 Fejer
756 1939 846 1997 Codex
868 1940 901 2008 V,
919 1945 944 2009 1,
960 1944 1014 1996 238
1030 1941 1101 1996 noch
1118 1941 1167 1996 der
1185 1940 1373 2009 Headeelrrift
1389 1940 1469 2010 Dipo.
1487 1940 1583 2012 ΗΜ.
1600 1944 1662 1996 365.
1798 1943 1831 1997 10

521 2063 633 2135 Repest:
645 2061 758 2118 fenuclo
763 2061 957 2118 eFiraloober
964 2060 1157 2131 Salomon,
1165 2060 1331 2117 neceam
1342 2061 1763 2120 nemesianuDoeementeera

1021 2343 1115 2427 164.

442 2509 559 2578 1272.
604 2506 722 2597 Kiaip
747 2503 937 2578 Ladislous
968 2505 1039 2579 IV.
1072 2507 1230 2599 beslotipe
1260 2507 1316 2579 die
1350 2505 1514 2579 Urleunde
1546 2507 1605 2579 des
1630 2507 1765 2599 Konips

365 2627 518 2721 Stephon
535 2628 606 2717 fale
637 2625 754 2700 Comes
785 2625 872 2718 Olpe
895 2650 960 2699 ecc
986 2626 1559 2718 Kelliapoon1269Nr.127.

521 2791 725 2861 Einpeseleeltet
747 2806 802 2845 voa
824 2790 884 2845 dem
913 2790 1137 2861 Weiseeaburper
1159 2790 1275 2859 Kapitel
1298 2794 1376 2859 1355,
1405 2791 1481 2862 Orip.
1511 2791 1615 2861 Unper.
1639 2791 1762 2846 landes·
1799 2793 1832 2846 15

470 2879 564 2934 archiv
581 2878 732 2946 Budapest.

522 2999 635 3054 Druck:
653 2998 740 3066 Fejer
759 2997 850 3054 (ledea
871 2997 942 3067 VII,
958 3003 985 3066 4,
1003 3002 1062 3053 144.
1085 2998 1197 3054 Teatoelo
1214 3015 1241 3052 u.
1261 2999 1421 3054 Fimloober
1438 2997 1510 3054 Stel.
1533 2998 1616 3055 Urleb.
1633 2998 1660 3066 I,
1677 3003 1720 3054 99.

520 3173 688 3238 Ladizlaus
710 3174 761 3238 dei
782 3174 884 3258 gratia
896 3173 1090 3258 Hnngariae,
1104 3173 1293 3257 Dalmaciee‚
1309 3173 1466 3255 Croaciae,
1480 3173 1608 3256 Ramae,
1624 3173 1763 3257 Sennea,

367 3277 526 3360 Gallieiae,
540 3277 746 3342 Lodomeriae
761 3277 999 3360 Germaniaeque
1020 3297 1079 3342 rex
1102 3278 1251 3341 omnibus
1267 3277 1383 3341 Christi
1396 3276 1544 3342 fidelibus
1565 3284 1765 3362 praesentem

365 3382 513 3467 paginam
535 3382 726 3465 inspecturis
748 3381 883 3446 salutem
904 3382 939 3444 in
962 3382 1106 3445 omnium
1126 3381 1291 3446 salvatore.
1313 3382 1366 3445 Ad
1380 3382 1607 3445 universorum
1620 3382 1763 3446 notitiam
1799 3387 1835 3442 20

366 3493 477 3551 tenore
498 3486 712 3570 praesentium
744 3485 894 3550 volumus
923 3486 1100 3569 pervenire,
1132 3485 1218 3566 quod
1240 3484 1392 3550 Nicolaus
1417 3483 1502 3548 filius
1524 3484 1606 3567 Ohyl
1628 3484 1766 3549 devilia

365 3589 496 3654 Kalnulr
518 3589 558 3652 ad
579 3596 719 3653 nostram
744 3589 898 3653 accedens
926 3588 1137 3672 praesentiam
1166 3608 1224 3672 pro
1248 3607 1283 3652 se
1305 3593 1337 3652 et
1358 3587 1510 3652 tratribus
1532 3588 1600 3653 suis
1622 3588 1766 3653 exhibuit

366 3692 459 3756 nobis
488 3691 690 3775 privilegium
720 3693 823 3757 clarae
851 3693 1022 3757 memoriae
1051 3691 1135 3774 regis
1163 3690 1314 3775 Stephani
1343 3691 1498 3755 carissimi
1526 3692 1625 3776 patris
1654 3692 1764 3775 nostri,

366 3801 478 3880 petens
501 3795 627 3859 anobis
640 3795 802 3860 humiliter
817 3796 1033 3880 supplicando,
1049 3800 1086 3859 ut
1099 3796 1205 3879 ipsum
1219 3795 1421 3879 privilegium
1437 3802 1546 3859 nostro
1562 3795 1766 3879 dignaremur

366 3898 532 3983 privilegio
555 3897 750 3964 confirmare.
774 3900 874 3965 Cuius
898 3900 1027 3982 quidem
1050 3899 1208 3982 privilegii
1229 3905 1322 3962 tenor
1343 3899 1415 3963 talis
1437 3904 1493 3962 est
1515 3897 1620 3982 (Foloe
1633 3897 1683 3962 die
1705 3895 1764 3962 Ur·
1799 3903 1834 3959 25

365 4000 467 4065 kunde
492 4000 544 4065 deo
564 3999 683 4085 Konipe
707 4000 842 4086 Stephon
863 4024 919 4066 con
941 4002 1029 4065 1269
1050 3999 1109 4066 Nr.
1132 4002 1222 4084 127.)
1258 4001 1326 4066 Nos
1353 4002 1461 4084 itaque
1482 4003 1667 4086 petitionem
1689 4002 1765 4065 dicti

365 4105 489 4171 Nicolai
510 4106 710 4170 attendentes
732 4124 801 4170 esse
822 4107 939 4169 iustam
961 4111 993 4171 et
1015 4125 1053 4170 ea
1075 4124 1157 4188 quae
1179 4106 1214 4168 in
1235 4106 1417 4190 praemissis
1438 4124 1495 4188 per
1516 4107 1622 4188 ipsum
1643 4109 1765 4190 patrem

366 4213 514 4273 nostrum
542 4210 741 4274 carissimum
766 4209 827 4273 rite
858 4213 891 4272 et
919 4228 1060 4291 congrue
1082 4214 1189 4273 actum
1211 4209 1342 4290 exstitit
1364 4215 1470 4273 ratnrn
1495 4208 1647 4273 habentes
1668 4213 1764 4290 atque

365 4310 503 4395 firmum
533 4317 676 4377 tenorem
707 4312 783 4376 dicti
811 4311 969 4396 privilegii
998 4311 1039 4376 de
1067 4312 1166 4377 verbo
1197 4313 1238 4377 ad
1264 4313 1398 4378 verbum
1426 4311 1647 4396 praesentibus
1667 4311 1764 4376 inseri

366 4415 526 4498 iacientes,
549 4415 655 4499 ipsum
676 4415 878 4500 privilegium
901 4414 1037 4498 duplicis
1059 4415 1152 4500 sigilli
1175 4416 1276 4479 nostri
1298 4415 1473 4498 patrocinio
1497 4414 1650 4478 duxnnus
1671 4414 1763 4478 robo·
1798 4420 1834 4476 30

365 4518 511 4582 randum
544 4516 663 4583 Datum
692 4538 750 4602 per
778 4538 894 4582 manus
921 4519 1064 4602 magistri
1085 4519 1208 4583 Nicolai
1236 4519 1406 4603 praepositi
1435 4518 1585 4582 Albensis
1614 4517 1764 4583 ecclesiae

364 4619 608 4684 'linnssiluanae
623 4620 728 4685 dilecti
744 4625 776 4685 et
789 4619 892 4685 fidelis
903 4622 1012 4704 nostri,
1028 4622 1119 4686 aulae
1131 4629 1258 4686 nostrae
1269 4620 1528 4705 vicecancellarii,
1544 4642 1628 4685 anno
1644 4619 1764 4684 domini

366 4723 534 4789 millesimo
549 4724 767 4789 ducentesimo
783 4725 1016 4809 septuagesimo
1035 4727 1185 4807 seeundo,
1207 4726 1298 4809 regni
1313 4731 1422 4790 autem
1437 4726 1538 4790 nostri
1553 4746 1638 4789 anno
1653 4725 1763 4809 primo.

1020 5018 1110 5100 tot.

443 5178 581 5270 Zepm
599 5181 708 5250 1272
725 5178 776 5250 bis
793 5181 900 5250 1289
925 5179 1113 5253 December
1137 5184 1168 5253 1.
1196 5182 1314 5274 Konip
1338 5181 1530 5253 Ladisloae
1547 5180 1617 5253 IV.
1644 5180 1764 5252 ordea
1797 5195 1832 5249 35

366 5301 422 5372 die
455 5298 717 5391 Ualeraeelmcp
742 5300 805 5371 der
821 5298 1069 5374 Beeclwerden
1094 5302 1153 5374 dee
1184 5302 1484 5375 Grcsmeerdeiner
1500 5301 1661 5393 Kopitels
1682 5301 1765 5374 iiber

374 5419 578 5512 Verleleucp
602 5421 712 5493 seina
736 5420 991 5494 Morlctreelrles
1016 5444 1073 5494 en.
