4086 6300
957 524 1110 618 -.311-

335 718 368 777 et
401 712 504 796 sigillo
536 718 645 777 nostro
674 714 872 776 communiri.
918 713 1018 777 Cuius
1047 712 1203 796 privilegii
1235 717 1327 775 tenor
1356 712 1428 775 tulis
1458 719 1514 775 est.
1552 711 1656 796 (mut
1685 713 1734 776 die

343 815 490 882 Urbis-mle
511 816 563 879 dos
585 814 703 898 Kenios
725 813 808 879 Karl
831 837 886 879 oon
909 818 991 880 1319
1005 816 1062 881 Nr.
1088 817 1181 897 365.)
1203 816 1269 879 Nos
1292 815 1389 898 igitur
1411 815 1619 898 petitionibus
1635 817 1733 899 ipsius

335 921 475 1005 magistri
499 921 648 1002 Symouis
670 920 763 983 iustis
786 926 818 984 et
839 921 933 985 licitis
957 943 992 985 ao
1017 921 1164 1005 legitimis
1187 926 1374 1001 annuentes,
1410 920 1485 1000 quia
1508 919 1612 1002 ipsum
1635 919 1733 1002 privi-

335 1026 453 1108 legium
483 1026 667 1088 invenimus
696 1026 855 1107 integrum
886 1027 920 1089 in
950 1026 1052 1109 sigillo
1083 1032 1115 1089 et
1137 1026 1246 1088 olianta
1275 1031 1308 1088 et
1329 1044 1395 1087 nou
1418 1023 1636 1105 cancellatum,
1667 1043 1731 1086 non

261 1159 266 1174 ·
335 1129 493 1211 abrasum,
526 1148 592 1191 non
615 1128 767 1191 abolitum
791 1148 850 1191 nee
872 1130 904 1191 in
936 1129 1043 1211 aliqua
1072 1130 1122 1192 sui
1153 1133 1243 1212 parte
1272 1129 1429 1207 vitiatum,
1460 1134 1604 1192 tenorem
1632 1127 1734 1211 ipsius
1768 1134 1785 1185 5

334 1232 491 1317 privilegii
515 1234 554 1297 de
577 1231 674 1296 verbo
698 1232 738 1295 ad
761 1232 895 1296 verbum
917 1234 1139 1316 praesentibus
1161 1233 1259 1297 inseri
1288 1232 1422 1296 fecimus
1444 1238 1476 1295 et
1498 1231 1600 1315 sigillo
1623 1236 1733 1296 nostro

333 1337 521 1420 consignari.
566 1335 684 1399 Datum
713 1337 792 1399 feria
815 1342 929 1418 quarta
950 1339 1097 1420 proxima
1118 1344 1191 1422 post
1213 1337 1402 1400 dominicam
1426 1336 1617 1417 Palmarum,
1648 1355 1732 1399 anno

335 1441 455 1504 domini
473 1418 515 1503 ll.
539 1418 641 1504 (illd.
672 1440 833 1521 vigesimo.
879 1442 1009 1505 Andreo
1041 1443 1228 1525 praeposito,
1258 1440 1356 1505 Sento
1390 1446 1528 1522 cantore,
1558 1440 1733 1505 Vinoeuoio

333 1544 474 1626 custode,
496 1543 526 1607 N
527 1542 627 1607 ieoloo
649 1543 870 1606 archidiacono
893 1544 932 1608 de
946 1544 1050 1608 Torde
1065 1545 1184 1609 decano
1201 1546 1350 1611 eeclesiae
1367 1552 1495 1609 nostrae
1511 1545 1732 1609 existentibus.

993 1891 1084 1973 374.
1767 1921 1805 1976 1o

412 2070 584 2143 Debreein
618 2075 724 2143 1320
753 2073 836 2143 Mai
864 2076 899 2143 4.
945 2072 1062 2162 Kdniq
1088 2071 1183 2142 Korl
1216 2072 1347 2144 erkldrt
1382 2073 1438 2145 die
1473 2076 1511 2145 iu
1541 2073 1633 2148 Dede
1662 2076 1736 2147 wid

336 2192 519 2266 nesano
545 2195 616 2265 sicli
633 2194 932 2265 uiederlussemleo
950 2192 1134 2264 Ansiedler
1160 2193 1354 2284 tbeilbofliq
1377 2194 1440 2265 der
1457 2194 1524 2266 deo
1540 2195 1735 2269 Deutsolieu

337 2313 485 2386 daselbst
510 2338 575 2386 ooo
601 2315 672 2386 iiim
699 2315 772 2386 und
796 2315 913 2385 seinos
948 2312 1171 2404 Voryduqero
1196 2314 1409 2387 verliobeneo
1435 2316 1642 2389 Freibeiteu.

492 2479 696 2548 Einyeacbaltet
713 2495 766 2532 oon
784 2478 880 2547 Kenio
898 2476 1067 2532 Fordiuund
1079 2477 1114 2543 L,
1133 2477 1289 2546 Ρνοεεὸανρ
1302 2482 1342 2532 19.
1362 2479 1446 2547 April
1459 2482 1535 2547 1554,
1556 2479 1632 2550 θήρ.
1651 2482 1732 2551 Perq.

439 2565 616 2620 Stadtarcbio
634 2566 714 2620 Dee‘s.
1769 2571 1803 2624 15

491 2740 558 2805 Nos
566 2740 588 2819 ¹)
612 2741 744 2806 Carolus
754 2740 774 2819 ¹)
790 2742 840 2805 dei
859 2741 960 2824 matis
975 2759 1033 2805 rex
1048 2740 1233 2822 Hungaiioe
1256 2746 1367 2804 tenore
1381 2744 1598 2825 praesentium
1614 2743 1732 2827 signifi·

335 2865 446 2908 eamus
469 2845 586 2926 quibus
602 2846 731 2929 expedit
745 2846 914 2925 universis,
937 2844 1025 2928 quod
1041 2844 1236 2926 quicumque
1251 2842 1369 2907 liberae
1384 2845 1574 2910 conditionis
1590 2847 1734 2910 homines

336 2949 543 3039 adyeivitates
566 2955 691 3013 nostras
713 2949 864 3014 Deeswar
886 2955 918 3012 et
932 2948 1100 3013 Deesakns
1122 2951 1252 3011 vocatas
1274 2967 1371 3011 eausa
1385 2950 1601 3013 commorandi
1624 2951 1734 3015 venire

336 3052 497 3116 voluerint
518 3055 586 3118 sive
602 3054 746 3118 Saxones
768 3056 836 3118 sive
851 3053 997 3136 Hunguri
1019 3053 1087 3116 sive
1110 3051 1240 3116 alterius
1262 3051 1453 3115 conditionis
1470 3053 1612 3117 homines
1627 3054 1734 3118 euius-

335 3175 483 3238 oumqne,
513 3156 611 3222 libere
634 3158 766 3221 veniant
793 3164 825 3222 ot
847 3176 959 3222 secure
981 3161 1219 3219 commorentur
1249 3155 1282 3216 iu
1305 3155 1424 3218 eisdem
1447 3156 1507 3220 sub
1531 3164 1640 3221 nostra
1661 3178 1734 3241 pro·
1769 3164 1805 3219 20

335 3261 473 3325 tectione
495 3261 623 3345 speciali
646 3263 821 3345 eademque
843 3262 989 3326 libertato
1004 3260 1164 3343 gaudeant
1186 3264 1218 3322 et
1239 3259 1396 3340 truantur,
1420 3277 1503 3340 quae
1525 3281 1582 3344 per
1604 3262 1734 3345 prwde-

335 3381 478 3427 cessores
499 3383 591 3446 reges
613 3365 702 3447 regni
717 3365 902 3450 Hungariee
924 3372 955 3430 et
977 3384 1034 3449 per
1049 3383 1108 3426 nos
1123 3361 1336 3425 mediantibus
1352 3361 1450 3444 signis
1467 3368 1498 3425 et
1512 3363 1735 3428 instrumentis

336 3467 455 3530 uostris
477 3467 596 3531 eisdem
619 3474 668 3532 est
697 3489 848 3533 concessa
870 3475 902 3534 et
923 3470 958 3532 in
981 3468 1098 3550 quibus
1121 3466 1218 3529 ueteri
1240 3466 1443 3529 civitatenses
1473 3468 1574 3530 nostri
1596 3487 1735 3532 eommo-

336 3576 456 3634 ruutur.
495 3571 652 3636 Volumus
682 3573 786 3654 etiam,
820 3581 857 3635 ut
886 3573 996 3636 nullus
1025 3571 1167 3635 iudicum
1197 3573 1381 3633 nostrorum
1411 3570 1463 3633 vel
1492 3571 1616 3636 nobiles
1645 3573 1735 3656 regui

335 3675 438 3738 nostri
459 3674 604 3740 homiues
634 3676 674 3739 ad
696 3677 873 3759 praedictas
895 3677 1040 3741 civitates
1070 3694 1167 3740 eausa
1187 3674 1403 3737 commorandi
1427 3693 1461 3738 se
1483 3676 1655 3740 transferre
1678 3696 1734 3740 vo·
1769 3681 1804 3737 25

336 3778 438 3842 lentes
460 3779 627 3862 prohibere
649 3780 765 3844 audeat
787 3780 898 3844 ordine
919 3781 999 3843 iuris
1022 3780 1189 3844 observato
1217 3782 1273 3841 aut
1294 3778 1328 3840 iu
1350 3796 1487 3861 persona
1508 3779 1560 3842 vol
1582 3780 1616 3843 in
1634 3780 1736 3867 ‘rebus

336 3882 558 3965 condemnare,
581 3889 614 3947 et
634 3884 712 3947 haec
734 3884 884 3947 volumus
906 3903 964 3966 per
985 3884 1054 3946 fora
1076 3888 1109 3946 et
1129 3882 1200 3946 loca
1222 3881 1350 3965 publiea
1377 3881 1572 3964 proclamari.
1616 3882 1735 3947 Datum

335 3986 370 4049 in
392 3985 584 4069 Debreezeu
615 3986 773 4050 dominica
801 3988 948 4070 proxima
976 3993 1050 4051 ante
1080 3987 1298 4051 assensionem
1322 3986 1451 4069 domiui,
1484 4006 1569 4049 anno
1592 3987 1736 4051 eiusdem

335 4089 503 4155 millesimo
527 4093 748 4156 trecentesimo
772 4092 931 4156 vicesimo.

992 4420 1082 4503 375.
1771 4441 1807 4497 so

413 4606 520 4675 1320
550 4603 628 4674 Mai
654 4606 718 4675 25.
760 4602 838 4675 Dos
869 4602 1149 4693 Wessoioorqer
1170 4601 1315 4692 Kapitel
1341 4600 1487 4691 bozeam,
1523 4601 1605 4672 dass
1631 4599 1735 4687 Bate,

336 4726 520 4798 Kastellon
545 4749 610 4798 oon
637 4726 846 4816 Bulodnyos,
884 4723 1100 4815 Einspraobe
1127 4721 1271 4795 erboien
1297 4723 1358 4793 bot
1391 4744 1499 4812 qeqon
1534 4719 1738 4812 Verlelauoq

336 4847 395 4918 des
417 4846 571 4919 Gobietes
596 4871 661 4919 ooo
679 4846 877 4937 Bolodoyos
904 4845 1013 4917 duret
1039 4844 1250 4917 anoboer
1274 4867 1339 4915 von
1366 4842 1466 4914 ded
1491 4842 1565 4913 uod
1590 4841 1736 4928 Molem,

336 4965 469 5058 Hdriqe
496 4992 560 5040 von
588 4967 756 5038 Nikoluus
782 4967 856 5037 uod
880 4965 1003 5055 June,
1033 4965 1144 5037 Solius
1170 4959 1289 5056 Apu’s.

492 5131 651 5199 Absoluit‘t:
668 5130 791 5201 Kentny
809 5131 932 5200 Diplom.
951 5131 977 5197 1,
996 5134 1047 5186 191
1066 5130 1134 5184 olim
1152 5129 1268 5199 Anyabe
1285 5128 1334 5182 dor
1353 5126 1453 5196 Qoelle.

493 5252 605 5307 Dntok:
623 5252 746 5306 Nenaeti
763 5252 924 5307 toreollcodo
943 5255 1019 5319 1830,
1038 5254 1099 5305 206.

494 5408 515 5477 ¹)
537 5407 714 5478 Verldnyerle
732 5407 847 5476 suun.
