4048 6284
957 578 997 640 27

382 763 488 819 wasser
506 764 614 831 Woelas,
632 782 671 819 aa
688 764 733 819 die
749 764 879 818 Urbaadc
896 763 945 817 mit
964 764 1054 817 rothcr
1074 762 1274 817 Seideaeelraar
1292 762 1448 831 aopcbboot
1464 777 1592 831 praesen,
1610 762 1682 816 roird

381 850 420 904 im
434 851 612 922 Hernropast.
625 851 727 906 Archiv
740 850 920 918 oaffiewabrt.
946 850 1039 920 Kbaip
1056 852 1176 919 yehrb‘at,
1195 850 1252 917 aas
1264 850 1324 902 dem
1340 849 1433 902 Tbrorr
1451 849 1565 915 mend,
1583 849 1615 902 ia
1632 850 1681 903 der

382 936 500 991 maon
517 938 569 991 dos
582 937 698 1007 Seeptcr,
717 937 748 989 in
766 938 814 991 der
826 937 936 990 Lintea
953 938 1001 990 der
1015 937 1196 1005 Reirlasopscl.
1219 940 1255 988 ha
1268 936 1413 1005 Sicpelfcld
1425 936 1511 990 rccbta
1523 936 1568 989 dic
1581 935 1680 1002 Soatra,

381 1023 453 1075 linire
471 1024 520 1077 der
532 1024 621 1078 Mond
638 1025 698 1077 aad
715 1024 760 1078 cia
773 1024 862 1077 Siara.
892 1023 1041 1091 Umscbrift
1058 1023 1252 1091 doppolrcibiffl
1271 1023 1398 1090 Korpiloi,
1416 1023 1446 1075 E
1457 1023 1515 1076 aad
1527 1022 1563 1075 M
1572 1022 1681 1075 ancial:

382 1110 581 1174 rennuens
594 1128 600 1164 ι
614 1092 671 1165 n‘i':
682 1092 774 1164 altr:
794 1110 966 1177 vualane
984 1130 990 1163 ;
1014 1110 1206 1178 urrunnun
1222 1128 1227 1162 :
1242 1109 1411 1163 renonum:
1427 1109 1537 1174 sisinn
1550 1126 1555 1161 ι
1569 1108 1680 1177 srvis:

381 1196 522 1249 ermom
535 1213 540 1248 :
555 1196 636 1249 REX.
667 1198 702 1249 Ia
718 1197 768 1250 der
783 1197 896 1250 awriten
909 1197 1007 1251 Reibe:
1026 1197 1180 1265 [81]an
1194 1196 1348 1250 SECUNDI
1361 1215 1366 1248 :
1381 1195 1525 1249 nunant
1538 1213 1544 1248 :
1558 1195 1679 1249 snam:

380 1282 495 1337 rusci]
513 1299 519 1335 :
539 1282 629 1336 BELE
648 1300 654 1335 z
673 1282 775 1337 suum
793 1284 878 1337 mnu
896 1302 902 1337 :
938 1285 1097 1352 abachilda
1118 1285 1197 1352 Proy
1218 1282 1370 1351 Syntopmo
1398 1282 1477 1349 Tofel
1494 1281 1545 1348 111,
1572 1282 1637 1351 Fra.
1655 1287 1680 1336 2.

382 1398 416 1407 -
433 1369 498 1422 Dae
516 1368 762 1439 Repimaapsjabr,
781 1387 874 1426 annus
895 1371 1048 1440 mersimus,
1072 1371 1108 1424 iat
1126 1370 1253 1424 eoadem
1275 1370 1346 1423 Todr
1363 1368 1680 1437 montembarrum,

382 1458 400 1519 †
419 1459 487 1509 moe
505 1455 655 1510 November
672 1460 715 1522 30,
734 1473 772 1509 aa
789 1458 935 1526 percoleret.

273 1634 276 1637 Α
433 1577 544 1631 Druck:
564 1577 649 1644 che'r
671 1576 760 1631 Codex
772 1577 824 1645 111,
844 1584 868 1646 1,
886 1584 937 1634 399
950 1597 976 1632 u.
994 1578 1056 1645 Vll,
1069 1584 1093 1645 1,
1111 1584 1171 1635 212.
1195 1577 1387 1646 Tudomdayos
1409 1577 1585 1647 yyiijterabay
1604 1581 1680 1631 1830.

382 1662 435 1731 ΙΙΙ,
452 1667 494 1718 99.
529 1663 641 1717 Temseu
666 1681 693 1716 u.
719 1664 880 1719 Firnhaber
904 1663 974 1718 siro.
1006 1664 1087 1719 urae.
1107 1665 1128 1733 Ι,
1151 1669 1193 1718 23.
1217 1663 1510 1730 transmarinarum,
1532 1667 1574 1717 42.
1606 1664 1680 1718 Dea·

382 1749 501 1803 manaa
519 1748 686 1803 Documento
707 1755 748 1804 ⁷9.

433 1908 473 1973 In
488 1910 617 1973 nomine
632 1916 759 1973 sanctae
774 1911 924 1975 trinitatis
943 1918 977 1975 et
994 1911 1178 1975 individuae
1193 1912 1332 1975 unitatis.
1355 1911 1501 1974 Andreas
1513 1911 1563 1974 dei
1582 1910 1684 1992 gratia

280 2013 473 2097 Hungariae,
489 2012 677 2094 Dalmaciae‚
693 2013 850 2095 Graeciae,
865 2014 992 2095 Romae,
1009 2013 1147 2093 Semiae,
1167 2014 1316 2078 Galliciae
1335 2014 1604 2095 Lodomeriaeque
1623 2032 1681 2077 rex

209 2126 243 2178 15
280 2118 315 2180 in
330 2123 528 2201 perpetuum.
552 2118 632 2182 Cum
650 2118 809 2200 quaehbet
824 2119 908 2182 iusta
922 2119 1032 2202 petitio
1048 2121 1132 2204 apud
1148 2120 1253 2202 regiae
1269 2120 1447 2183 serenitatis
1461 2117 1683 2182 excellentiam

280 2221 322 2284 sit
336 2221 539 2301 admittenda
556 2221 611 2283 illa
624 2222 764 2285 maxime
778 2222 893 2285 mereri
908 2230 1058 2286 censetur
1072 2223 1238 2287 obtentum
1255 2242 1337 2304 quae
1352 2222 1391 2286 ab
1407 2222 1513 2285 animo
1529 2221 1683 2284 divinitus

277 2326 430 2409 inspirato
445 2326 620 2409 procedens
638 2325 744 2409 prodit
766 2326 849 2390 velle
864 2328 1001 2409 petentis
1024 2327 1187 2410 largiendo
1210 2335 1337 2391 terrena
1350 2326 1467 2389 lucrari
1482 2325 1629 2389 caelestia
1651 2330 1683 2387 et

277 2429 504 2513 temporalibus
518 2431 673 2494 institutis
687 2430 852 2512 acquirere
875 2432 1074 2515 sempiterna
1107 2430 1192 2494 Hinc
1214 2437 1263 2494 est
1285 2431 1371 2513 quod
1393 2430 1434 2493 ad
1457 2430 1682 2492 universorum

277 2535 422 2598 notitiem
444 2540 555 2598 tenore
578 2534 792 2617 praesentium
815 2535 982 2618 pervenire
1005 2534 1163 2616 volumus,
1195 2535 1282 2616 quod
1304 2554 1378 2597 cum
1400 2532 1485 2597 fideli
1508 2539 1541 2597 et
1567 2532 1681 2595 dilecto

207 2643 244 2697 20
278 2638 392 2701 clerico
407 2644 517 2702 nostro
532 2638 683 2720 magistro
700 2636 851 2701 Gooelino
871 2645 1002 2722 propter
1022 2638 1210 2701 indeciduae
1231 2637 1393 2702 fidelitatis
1416 2637 1570 2718 obsequia
1590 2655 1682 2698 mon-

278 2747 343 2805 tem
365 2742 466 2806 sancti
487 2741 651 2806 Michaelis
672 2761 747 2805 cum
769 2743 901 2806 ecclesia
923 2748 955 2805 et
981 2747 1066 2805 terra
1093 2741 1152 2804 sibi
1182 2743 1361 2825 pertinente
1392 2742 1490 2805 situm
1518 2742 1552 2802 in
1574 2739 1682 2802 Vitra-

279 2845 411 2909 siluanis
425 2845 578 2929 partibus,
602 2864 698 2927 quem
715 2846 753 2908 de
769 2845 956 2910 Zebenieusi
971 2846 1104 2910 ecclesia
1123 2846 1156 2908 in
1179 2844 1400 2909 concambium
1423 2850 1524 2908 terrae
1546 2843 1682 2907 Boroth·

279 2949 335 3011 nilr
356 2968 577 3032 receperamus
599 2949 694 3013 simul
717 2969 790 3013 cum
814 2950 962 3014 omnibus
984 2950 1052 3013 suis
1074 2949 1273 3033 pertinentiis
1295 2950 1407 3012 eodem
1429 2950 1499 3012 iure
1528 2947 1683 3010 libertatis

280 3071 345 3134 quo
360 3072 420 3116 nos
436 3053 676 3117 obtinueramus
690 3053 789 3117 libere
804 3073 841 3117 ae
862 3053 992 3137 pacifice
1013 3055 1083 3120 iure
1106 3060 1259 3137 perpetuo
1283 3053 1505 3136 possidendam
1528 3071 1585 3135 per
1606 3049 1683 3114 fide·

207 3161 243 3215 25
278 3156 342 3220 lem
364 3162 511 3220 nostrum
525 3156 638 3220 Pouka
658 3155 761 3220 filium
776 3157 849 3220 (leci
871 3157 1006 3220 Elinhim
1029 3156 1283 3237 contulissemus,
1305 3155 1509 3240 postmodum
1530 3173 1684 3238 processu

279 3261 429 3343 temporis
450 3260 604 3324 divinitus
627 3260 687 3323 sibi
708 3260 883 3343 inspirante
905 3280 963 3344 pro
986 3260 1126 3324 remedio
1149 3261 1273 3324 animae
1292 3263 1372 3323 ‘suae
1394 3260 1514 3323 intuitu
1536 3264 1683 3323 aeternae

279 3364 498 3428 retributionis
514 3383 578 3446 quo
600 3364 824 3446 unusquisque
846 3364 1035 3447 generaliter
1057 3364 1186 3447 indiget
1209 3366 1401 3428 monasterio
1425 3363 1464 3427 de
1479 3361 1585 3427 Kerch
1607 3380 1684 3425 con·

280 3467 414 3550 tulisset,
437 3468 590 3532 accedens
605 3468 646 3531 ad
661 3474 803 3532 nostram
818 3468 1028 3551 praesentiam
1051 3469 1152 3532 multa
1173 3487 1305 3551 precum
1327 3467 1502 3552 postulavit
1523 3467 1684 3547 instantia,

281 3571 366 3653 qnod
390 3571 553 3635 donationi
575 3591 652 3636 suae
675 3591 840 3636 assensum
863 3572 1088 3657 praeberemus
1110 3578 1142 3635 et
1164 3571 1329 3655 privilegio
1353 3572 1457 3655 regiae
1486 3571 1684 3635 auctoritatis

206 3682 245 3736 30
279 3672 548 3738 confirmaremus.
585 3675 665 3739 Cum
688 3676 786 3759 igitur
807 3677 912 3759 regiae
934 3676 1107 3739 maiestatis
1128 3676 1254 3739 intersit
1275 3676 1433 3757 cuiusque
1459 3676 1531 3738 iura
1559 3676 1683 3757 integra

279 3798 470 3843 conservare
492 3785 525 3843 et
546 3780 606 3862 piis
629 3780 889 3863 dispositionibus
912 3780 1131 3843 auctoritatem
1162 3780 1345 3864 impendere
1375 3781 1476 3843 iustas
1505 3779 1575 3841 eins
1604 3778 1684 3862 peti-

280 3883 385 3947 tiones
399 3889 432 3946 et
446 3883 597 3967 optimam
612 3883 821 3947 intentionem
841 3884 1079 3947 considerantes
1101 3884 1242 3947 favorem
1265 3883 1468 3952 adhibuimus
1490 3882 1684 3965 condignum

281 3987 555 4070 praenominatum
585 3988 694 4068 itaque
724 3992 865 4050 montem
892 3987 987 4050 simul
1009 4007 1082 4050 cum
1106 3987 1238 4051 ecclesia
1259 3993 1292 4051 et
1314 3993 1399 4050 terra
1420 4006 1494 4049 curn
1516 3986 1583 4048 suis
1613 4004 1685 4068 per·

280 4090 422 4155 tinentiis
445 4090 556 4154 eodem
579 4090 672 4154 titulo
695 4089 857 4173 libertatis
882 4111 945 4173 quo
968 4092 1031 4154 iam
1054 4092 1158 4154 dictus
1179 4091 1329 4172 magister
1352 4090 1524 4153 (locelinus
1545 4108 1603 4173 per
1625 4108 1685 4151 nos

207 4201 245 4255 35
280 4193 497 4277 possederat¹l
520 4195 732 4276 inpraesenti
755 4195 871 4277 pagina
892 4195 1074 4258 adnotatam
1096 4195 1230 4258 fecimus
1252 4194 1439 4258 auctoritate
1461 4194 1562 4257 nostri
1585 4192 1684 4276 privi-

280 4298 355 4381 legii
368 4298 537 4382 perennem
553 4304 802 4381 praememorato
826 4300 1018 4362 monasterio
1040 4299 1110 4361 iure
1132 4304 1286 4381 perpetuo
1309 4296 1540 4379 possidendam.
1577 4294 1685 4359 Prima

281 4408 366 4466 meta
387 4410 490 4466 terrae
511 4403 629 4465 montis
654 4403 755 4465 sancti
778 4400 940 4465 Michaelis
967 4403 1079 4485 incipit
1108 4401 1147 4465 ab
1177 4402 1298 4465 oriente
1328 4402 1361 4463 in
1391 4400 1472 4484 pedo
1502 4399 1622 4483 alpium
1653 4404 1686 4463 et

281 4505 445 4570 descendit
461 4525 518 4589 per
537 4511 710 4570 torrentem
733 4505 977 4570 descendentem
1000 4505 1039 4569 ab
1061 4507 1139 4589 ipsis
1161 4504 1286 4587 alpibns
1308 4524 1422 4568 versus
1444 4502 1554 4566 villam
1571 4503 1686 4566 Ruetel

281 4610 374 4673 metis
399 4610 567 4692 assignatis
592 4628 686 4673 secus
716 4610 857 4674 rivulum
887 4629 991 4691 usque
1021 4610 1061 4673 ad
1085 4611 1177 4689 viam,
1201 4628 1284 4691 quae
1315 4609 1403 4671 duoit
1425 4609 1464 4671 de
1486 4608 1555 4691 ipso
1577 4612 1686 4671 monte

210 4718 248 4773 40
282 4713 321 4776 ad
352 4713 459 4776 villam
484 4712 607 4795 suem,
629 4714 704 4777 inde
723 4714 838 4777 transit
863 4715 963 4797 ipsam
989 4714 1074 4776 viam
1101 4720 1132 4777 et
1158 4712 1301 4776 ascendit
1326 4732 1383 4795 per
1411 4712 1571 4794 quandam
1602 4711 1685 4773 viam

283 4836 387 4899 nsque
421 4817 460 4880 ad
498 4825 615 4881 metam
650 4837 732 4900 quae
766 4818 880 4881 dividit
914 4818 1072 4882 territoria
1103 4818 1143 4881 de
1177 4817 1253 4880 villa
1285 4816 1437 4880 Hermoni
1472 4821 1504 4878 et
1537 4815 1576 4878 de
1609 4813 1686 4877 villa

281 4921 404 4997 Reutel,
434 4922 509 4985 inde
539 4922 641 4985 tendit
670 4923 730 4985 sub
761 4923 842 5006 pede
872 4923 990 4986 montis
1021 4923 1187 4985 vinearum
1218 4922 1257 4984 de
1287 4921 1364 4983 villa
1392 4919 1546 4983 Hermani
1576 4926 1615 4982 et
1630 4937 1687 5001 per

284 5027 442 5107 quandam
458 5025 602 5089 semitam
618 5045 700 5107 quae
716 5026 804 5089 ducit
822 5026 862 5089 ad
877 5025 1019 5089 Insulam
1035 5026 1245 5089 Christianam
1269 5044 1372 5107 usque
1394 5023 1546 5086 verticem
1568 5022 1687 5084 montis

284 5130 441 5193 nemorosi
456 5137 488 5193 et
504 5149 561 5212 per
582 5129 688 5212 ipsum
710 5132 862 5194 verticem
885 5130 1028 5194 ascendit
1048 5130 1164 5192 iterum
1187 5131 1220 5192 in
1244 5130 1331 5213 alpes
1355 5147 1467 5192 versus
1490 5126 1685 5189 occidentem

213 5238 250 5290 ⁴6
284 5240 317 5298 et
336 5234 380 5297 ihi
402 5233 600 5297 terminatur.
640 5233 721 5298 Item
744 5235 839 5298 etiam
867 5232 1092 5297 confirmamus
1122 5233 1155 5295 in
1185 5233 1344 5316 praesenti
1373 5230 1538 5315 privilegio
1569 5236 1687 5294 terram

286 5358 380 5420 quam
401 5338 492 5422 prius
515 5337 617 5401 eidem
640 5338 831 5401 monasterio
857 5336 1095 5401 contuleramus
1124 5345 1305 5421 exemptam
1335 5336 1374 5399 de
1396 5334 1519 5398 Blaccis
1548 5353 1606 5417 pro
1637 5352 1686 5397 re-

443 5477 463 5541 1)
485 5472 617 5541 Vorlape:
635 5473 789 5542 possiderat.
