4086 6300
1003 641 1158 735 Qa—

1033 862 1127 946 426.

457 1042 682 1135 Reps1324
718 1041 915 1134 September
940 1046 977 1114 2.
1030 1042 1201 1117 Woiwode
1235 1044 1382 1116 ’.1111111
1417 1043 1563 1135 deeeapt,
1600 1044 1681 1115 dass
1707 1042 1780 1115 Lo-

380 1164 522 1253 dietate,
560 1163 654 1238 Sota
680 1163 833 1257 Stephon
859 1157 1007 1252 Lebee'e,
1043 1166 1136 1237 seiae
1171 1165 1361 1256 Basitmap
1392 1163 1632 1236 Seeatmartoa
1664 1166 1781 1236 seiten

382 1284 550 1359 Bmtdera
575 1286 732 1359 Michoel
756 1287 830 1358 aad
846 1285 939 1357 Pate
963 1286 1038 1357 aad
1065 1286 1209 1378 Tempe,
1238 1287 1314 1359 dem
1341 1284 1435 1357 Sota
1461 1278 1626 1377 Impar’s,
1654 1286 1781 1357 hicter-

382 1406 494 1479 haesere
520 1407 590 1480 hat.
1034 1478 1038 1487 ,
1814 1426 1832 1479 1

537 1570 741 1640 Eiapeedmltet
764 1587 818 1625 oca
841 1570 901 1625 dem
924 1570 1148 1639 Weiseeatarper
1166 1570 1282 1639 Kapitel
1305 1574 1373 1625 1325
1397 1571 1457 1624 aad
1473 1569 1524 1624 mit
1540 1570 1629 1625 dieser
1651 1569 1781 1626 Urkaade

484 1672 539 1710 voa
555 1657 706 1711 demeeltea
723 1655 839 1723 Kapitel
857 1659 934 1723 1336,
958 1656 1034 1726 Orip.
1058 1656 1162 1726 Uapar.
1179 1657 1387 1711 Landeearehio
1404 1656 1556 1726 Badapest.

487 1778 650 1919 commergit.-
673 1777 872 1844 1111111
894 1777 983 1845 1111,
1000 1782 1027 1846 2,
1051 1782 1103 1833 ese
1121 1778 1180 1833 una
1197 1783 1257 1834 599.
1294 1778 1590 1848 metaphoram,
1614 1783 1658 1834 eo.
1695 1780 1780 1847 mre

625 1864 689 1930 111,
707 1867 732 1930 1,
752 1866 796 1918 es.

537 2040 605 2104 Nos
626 2040 760 2103 Thomas
781 2039 918 2103 vaivoda
939 2040 1183 2104 lhanssiluanus
1210 2046 1242 2104 11
1271 2059 1376 2103 comes
1399 2040 1438 2105 dc
1461 2040 1573 2104 Zonuh
1600 2040 1694 2105 etde
1717 2040 1780 2122 (ly-
1816 2047 1849 2101 10

381 2143 468 2207 binio
490 2144 662 2208 memoriae
684 2145 943 2208 commendantes
966 2143 1181 2227 significamus
1204 2144 1322 2226 quibus
1344 2144 1475 2228 expedit
1498 2144 1665 2227 universis,
1694 2144 1781 2227 quod

381 2267 455 2310 cum
486 2266 528 2311 11
558 2252 725 2332 praecepto
756 2247 875 2309 domini
905 2248 1007 2311 nostri
1036 2248 1120 2331 regis
1149 2247 1259 2311 Karoli
1292 2248 1342 2312 dei
1373 2248 1474 2331 gratia
1504 2248 1638 2311 illustris
1666 2248 1749 2332 regis
1758 2248 1780 2323 ¹)

382 2348 569 2433 Hungariae
592 2370 752 2414 unacum
775 2351 866 2434 regni
888 2351 1049 2415 nobilibus
1080 2372 1116 2415 ac
1138 2352 1207 2414 aliis
1230 2351 1399 2435 regnicolis
1420 2352 1518 2435 partis
1539 2351 1781 2416 Transsiluanae

381 2455 558 2519 exercitum
590 2454 731 2518 validum
761 2459 873 2518 contra
901 2454 1044 2517 aemulos
1073 2460 1106 2517 et
1127 2454 1272 2519 infideles
1295 2456 1438 2519 eiusdem
1469 2454 1589 2518 domini
1611 2455 1712 2518 nostri
1745 2474 1782 2518 ac

382 2559 473 2641 regni
502 2559 601 2642 partis
624 2557 868 2621 Transsiluanae
897 2558 1091 2639 fecissemus
1121 2579 1195 2622 cum
1217 2558 1384 2623 Ladizlaus
1413 2557 1499 2622 filius
1525 2557 1676 2641 Stephani
1706 2558 1781 2622 dicti
1818 2568 1851 2619 15

381 2659 485 2726 lebes
508 2662 547 2725 de
571 2667 680 2724 sancto
702 2660 841 2724 Martiae
863 2662 897 2723 in
920 2662 1032 2725 eodem
1054 2664 1198 2726 exercitu
1220 2663 1475 2747 praesentissime
1496 2660 1633 2725 fideliter
1660 2662 1783 2725 studuit

383 2764 511 2828 domino
535 2766 603 2848 regi
618 2770 651 2829 11
671 2765 765 2828 nobis
788 2765 984 2849 complacere
1007 2772 1039 2829 11
1059 2764 1266 2830 fidelitatibus
1289 2766 1357 2830 suis
1379 2766 1508 2830 domiuo
1530 2772 1641 2829 nostro
1664 2767 1783 2849 regist

381 2868 475 2932 nobis
512 2868 733 2952 impendendis
741 2868 764 2947 ¹)
798 2867 858 2932 sub
896 2875 999 2933 castro
1031 2869 1172 2933 Kuholm
1201 2870 1286 2934 idem
1315 2869 1483 2934 Ladizlaus
1515 2868 1601 2933 filius
1631 2868 1782 2952 Stephani

381 2972 486 3035 carnis
512 2972 676 3054 ingressus
699 2976 748 3035 cst
769 2972 991 3056 corruptelam,
1025 2972 1125 3050 tunt
1154 2975 1336 3056 praedictus
1357 2973 1524 3037 Ladizlaus
1550 2973 1782 3055 possessionem

381 3094 473 3139 suam
502 3081 647 3138 sanctum
677 3074 851 3139 Martinum
880 3076 1033 3140 fratribus
1063 3077 1130 3139 suis
1159 3076 1318 3158 Mychaeh
1347 3076 1412 3140 fiho
1434 3075 1531 3158 Petri,
1560 3074 1662 3139 Paulo
1692 3075 1782 3138 fratri
1817 3082 1852 3136 20

382 3178 526 3242 eiusdem
547 3177 731 3261 Mychaehs‚
752 3179 875 3263 Tumpa
901 3179 967 3243 filio
991 3180 1110 3264 Impar,
1142 3180 1197 3261 qui
1231 3180 1323 3243 nobis
1348 3181 1382 3242 in
1405 3180 1516 3243 codem
1539 3178 1683 3240 exercitu
1712 3195 1783 3261 spe·

381 3282 503 3346 cialiter
525 3282 767 3365 adhaeserant⁴l
798 3285 956 3347 commisit
985 3284 1104 3347 eisdem
1133 3289 1287 3367 perpetuo
1322 3290 1354 3347 11
1374 3281 1624 3347 irrevocabiliter
1645 3283 1678 3344 in
1700 3281 1783 3346 fflios

381 3384 521 3448 filiorum
543 3386 776 3469 possidendam,
808 3387 977 3451 tenendam
1001 3394 1033 3451 11
1055 3387 1231 3450 habendam
1255 3393 1417 3468 tamquam
1440 3404 1530 3449 suam
1553 3386 1782 3449 hereditariam.

381 3488 421 3552 In
442 3489 536 3551 cuius
559 3489 606 3552 rei
628 3490 813 3553 memoriam
828 3497 1012 3573 praesentes
1027 3492 1243 3554 concessimus
1258 3490 1365 3554 literas
1381 3489 1475 3573 sigilli
1490 3489 1591 3552 nostri
1605 3489 1783 3553 munimine

382 3591 554 3655 roboratas.
599 3590 717 3655 Datum
738 3593 799 3657 sub
822 3600 925 3657 castro
951 3593 1100 3672 Kuholm,
1132 3595 1166 3656 in
1198 3593 1357 3657 dominica
1383 3594 1533 3676 proxima
1561 3597 1635 3657 ante
1665 3593 1782 3657 11111111
1817 3599 1852 3654 25

382 3697 557 3760 nativitatis
580 3696 713 3780 virginis
735 3696 900 3783 gloriosae,
923 3717 1008 3761 anno
1031 3697 1153 3761 domini
1175 3675 1216 3761 111
1240 3675 1343 3761 odd.
1367 3675 1443 3761 XX.
1467 3702 1590 3779 quarto

1038 4044 1130 4131 427.

460 4228 564 4299 1324
596 4225 743 4300 Ottoter
759 4230 817 4299 10.
845 4228 963 4320 Kdaip
987 4228 1083 4302 Karl
1108 4229 1267 4320 testttipt
1291 4228 1384 4300 seiae
1410 4224 1575 4300 Urlermde
1600 4249 1664 4299 oue
1690 4225 1783 4300 derra

381 4348 495 4421 aeltea
519 4349 632 4420 Jaere
659 4347 726 4420 Nr.
757 4351 839 4421 423
867 4351 939 4439 sur
964 4351 1102 4445 Ptyato
1136 4374 1202 4424 oon
1227 4350 1358 4422 Mende
1388 4350 1462 4420 aad
1486 4349 1640 4422 annotat
1665 4350 1784 4421 (Iessea

389 4470 609 4544 Verdieaete:
644 4469 733 4564 quod
763 4492 841 4543 cum
877 4493 938 4568 pro
964 4469 1187 4568 disponendis
1214 4469 1421 4564 quibusdam
1457 4469 1559 4566 regni
1584 4468 1696 4542 nostri
1722 4490 1782 4541 ne·
1818 4486 1854 4541 eo

380 4591 485 4689 gotiis
504 4592 547 4666 ad
565 4597 680 4687 partes
698 4590 953 4666 Transilvanas
978 4591 1249 4666 accessissemus
1276 4597 1309 4664 11
1335 4591 1375 4663 de
1392 4589 1615 4663 Tartarorum
1641 4588 1783 4662 insidiis

381 4719 505 4808 utputa
531 4712 663 4785 Ohn'sti
688 4711 769 4784 fidei
796 4712 949 4786 hostium
975 4713 1088 4787 nostn'
1113 4719 1148 4786 11
1172 4713 1272 4809 regni
1298 4711 1409 4784 nostri
1441 4709 1662 4783 inimicorum
1689 4708 1783 4805 capi-

380 4834 506 4907 talium
541 4833 642 4907 nobis
678 4833 855 4928 providere
890 4856 1159 4929 praecavereqne
1193 4833 1357 4928 volentes,
1393 4833 1605 4929 praedictum
1641 4831 1784 4925 Phynta

381 4954 579 5029 constantia
612 4954 792 5028 fidchtatis
828 4954 1092 5051 praepollentem
1132 4955 1171 5026 in
1206 4961 1335 5028 terram
1371 4955 1526 5050 ipsorum
1560 4952 1784 5054 Tartarorum

382 5099 462 5150 cum
489 5076 696 5174 quibusdam
729 5074 811 5149 aliis
838 5075 999 5148 fidelibus
1026 5075 1156 5148 nostn's
1182 5097 1243 5171 pro
1270 5074 1466 5148 adhibenda
1490 5073 1591 5146 nobis
1617 5080 1651 5146 et
1675 5094 1782 5169 regno
1817 5090 1853 5144 ss

537 5261 558 5328 ¹)
582 5258 717 5329 Vorlape:
733 5256 797 5327 regi

535 5346 558 5415 ¹)
580 5345 716 5416 Vorlape:
733 5344 916 5413 impendentis.

535 5434 559 5501 ⁸)
581 5430 716 5502 Vorlope:
733 5446 802 5483 cum.

536 5519 559 5588 ⁴)
581 5516 714 5587 7111111.-
731 5504 847 5571 adherat
