4084 6302
1032 586 1096 650 442

985 672 1139 682 ...ο-..-

1018 810 1117 893 484.

449 989 653 1081 Wrsaeprad
685 994 785 1062 1331
819 990 926 1082 April
956 997 989 1062 6.
1035 991 1153 1082 Kdniq
1191 992 1286 1064 Korl
1321 993 1519 1084 beauftroqt
1553 993 1620 1065 den
1648 992 1766 1064 Jadea

364 1113 482 1184 eatae
507 1111 609 1199 Paul,
637 1113 693 1184 die
724 1111 970 1204 Verdondlunp
997 1113 1060 1184 der
1086 1109 1294 1186 Stratonem
1319 1115 1485 1186 moechm
1509 1113 1662 1201 Jotana,
1690 1113 1766 1185 dora

366 1233 481 1304 Erakd
511 1231 671 1321 Geudutr,
698 1234 773 1305 aad
799 1235 864 1306 den
892 1234 1125 1306 Eiowohoern
1150 1257 1216 1307 oea
1240 1235 1341 1306 Jaod
1364 1258 1409 1306 zu
1434 1241 1607 1325 verteqen.

523 1397 600 1468 θήρ.
612 1398 693 1468 Perq.
716 1397 820 1468 Unger.
833 1397 1094 1452 Notionalmuaeum
1106 1398 1258 1467 Budapmt.
1276 1397 1373 1469 Siegel,
1391 1399 1498 1454 weiaaee
1515 1398 1624 1466 wacta,
1642 1415 1702 1453 mor
1713 1399 1770 1466 aas
1799 1401 1817 1453 5

468 1485 517 1539 der
536 1484 679 1539 Ritekadte
696 1484 885 1555 auspedmtekt.

519 1659 658 1723 Karolus
688 1660 738 1724 dei
768 1660 870 1743 gratia
898 1680 957 1725 rex
979 1660 1164 1743 Hungariae
1192 1659 1279 1724 fideli
1309 1680 1367 1724 suo
1398 1660 1505 1724 comiti
1537 1660 1638 1725 Paulo
1669 1661 1766 1725 iudici

364 1764 471 1827 euriae
501 1784 578 1828 suae
607 1764 741 1828 salutem
772 1771 804 1827 ot
833 1765 974 1847 gratiam.
1012 1762 1092 1827 Cum
1124 1782 1183 1827 nos
1213 1770 1344 1846 propter
1365 1764 1601 1848 expeditionem
1624 1771 1764 1829 nostram

365 1886 461 1949 quam
484 1867 636 1931 brevibus
659 1869 719 1932 hiis
741 1867 854 1931 diebus
876 1888 988 1932 sumus
1019 1867 1156 1930 habituri
1179 1867 1405 1931 universorum
1428 1869 1661 1952 regnicolarum
1690 1888 1765 1933 nos-

364 1976 488 2034 trorum
518 1991 630 2036 causas
659 1972 811 2036 iussimus
840 1973 1004 2055 prorogari
1033 1979 1066 2035 et
1086 1971 1250 2036 Johannes
1272 1971 1358 2036 filius
1379 1972 1536 2036 Johannis
1557 1972 1615 2035 filii
1637 1972 1764 2037 Geubul
1800 1978 1834 2032 10

366 2074 405 2138 de
426 2074 577 2139 Bezteroe
607 2096 674 2139 una
703 2096 776 2140 oum
800 2075 967 2159 magnifiee
999 2075 1068 2138 viro
1091 2074 1210 2138 Thema
1231 2076 1367 2139 vaivoda
1388 2075 1613 2140 Tnanssiluano
1636 2076 1764 2141 domino

364 2197 423 2241 suo
446 2177 531 2242 fideli
560 2187 669 2244 nostro
699 2181 738 2243 ad
760 2181 865 2264 ipsum
888 2184 1034 2243 nostrum
1057 2178 1233 2242 exercitum
1256 2179 1298 2242 sit
1321 2180 1449 2263 propria
1477 2180 1512 2242 in
1532 2198 1670 2263 persona
1691 2199 1765 2263 pro-

365 2282 508 2346 iecturus
537 2288 571 2346 et
592 2283 632 2347 ob
655 2285 715 2347 hoo
737 2284 771 2346 in
802 2303 906 2366 eausa,
937 2302 1034 2365 quam
1064 2282 1207 2346 universi
1239 2283 1378 2366 hospites
1400 2288 1432 2347 et
1453 2283 1563 2367 populi
1585 2284 1624 2346 de
1646 2282 1707 2348 Jad
1730 2283 1764 2346 in

364 2386 484 2449 oetavis
507 2385 591 2451 beati
606 2387 733 2471 Georgii
756 2387 905 2469 martyris
915 2387 935 2465 ¹)
959 2388 993 2450 in
1015 2387 1116 2450 nostri
1126 2384 1148 2456 ²)
1170 2387 1350 2469 praesentia
1372 2392 1483 2450 eontra
1504 2387 1609 2471 ipsum
1632 2406 1762 2451 movere

364 2489 490 2572 habent
520 2491 685 2556 commode
715 2493 828 2574 nequit
858 2490 1074 2574 comparere‚³)
1105 2488 1249 2554 fidelitati
1278 2496 1353 2554 tuae
1375 2490 1509 2556 firmiter
1533 2491 1762 2575 praecipientes
1799 2497 1832 2550 le

364 2593 476 2657 damus
505 2595 539 2656 in
569 2595 734 2678 mandatis,
765 2600 924 2677 quatenus
954 2595 1086 2659 eandem
1118 2613 1245 2657 oausam
1277 2593 1426 2675 absque⁴)
1458 2594 1629 2658 cuiuslibet
1654 2593 1762 2658 iudicii

363 2698 546 2780 gravamine
568 2698 609 2761 ad
632 2698 810 2781 quindenas
833 2699 1021 2763 residentiae
1045 2699 1120 2763 dieti
1142 2698 1244 2762 nostri
1266 2698 1428 2762 exereitus
1445 2696 1561 2762 debeas
1582 2716 1762 2781 prorogare,

363 2799 498 2865 obtentu
521 2808 647 2866 nostrae
670 2803 790 2885 gratiae
812 2821 906 2866 secus
928 2821 993 2865 non
1016 2802 1167 2866 fecturus.
1198 2800 1318 2865 Datum
1339 2802 1374 2864 in
1396 2801 1439 2864 W
1464 2800 1603 2884 ssegmd
1626 2800 1763 2864 Sabbato

363 2904 509 2987 proximo
532 2912 606 2970 ante
629 2912 757 2970 octavas
779 2906 907 2989 Poenae,
934 2926 1018 2969 anno
1041 2906 1160 2969 domini
1183 2882 1225 2969 fii.
1249 2882 1334 2969 CCC.
1357 2822 1467 2969 XX}
1489 2906 1600 2989 primo.

518 3043 592 3124 Ares
614 3044 670 3107 der
691 3043 848 3107 Rt'lekaea'te
868 3044 1017 3108 Adreaae:
1050 3043 1150 3107 Fideli
1179 3063 1237 3107 suo
1269 3044 1377 3107 eomiti
1398 3042 1499 3107 Paulo
1530 3043 1626 3106 iudioi
1656 3042 1763 3107 euriae
1798 3048 1834 3102 20

363 3165 440 3210 suae
470 3167 527 3230 pro
557 3147 704 3212 Johanne
733 3147 799 3211 filio
828 3148 985 3213 Johannis
1013 3148 1053 3213 de
1073 3149 1225 3213 Bezteroe
1255 3154 1366 3212 eontra
1396 3147 1532 3230 populos
1563 3146 1602 3209 de
1632 3146 1694 3211 Jad
1724 3146 1763 3209 ad

364 3250 542 3332 quindenas
564 3250 753 3316 residentiae
775 3252 936 3317 exereitus
958 3252 1183 3336 prorogatoria

1015 3649 1112 3732 485.

441 3833 541 3903 1331
570 3832 654 3905 Mai
679 3835 743 3905 24.
784 3832 862 3905 Dos
895 3830 1177 3921 Weiaambttrger
1201 3828 1347 3922 [sapiet
1381 3828 1574 3921 beploabiqt
1604 3827 1660 3900 die
1694 3826 1762 3899 Ur-

363 3953 475 4025 ktmde
510 3954 569 4026 des
593 3954 908 4046 montenaken
941 3951 1137 4026 Woiwoden
1166 3950 1313 4023 Thomas
1348 3972 1412 4022 oon
1439 3950 1547 4021 1326
1583 3947 1650 4020 Nr.
1680 3950 1763 4020 447
1797 3963 1832 4019 25

363 4075 427 4145 mit
461 4075 525 4147 der
558 4073 722 4147 Urmnm
753 4075 812 4147 das
846 4072 1127 4164 Weissenburger
1151 4070 1313 4162 Kopion
1347 4093 1413 4142 von
1438 4071 1546 4142 1326
1573 4067 1639 4141 Nr.
1669 4072 1761 4157 446,

363 4195 600 4269 beaiedentlieir
635 4197 698 4269 der
731 4194 895 4268 Urmmde
932 4194 1103 4268 desselben
1138 4190 1331 4265 Woiwodee
1361 4214 1426 4263 oea
1451 4193 1559 4262 1326
1586 4189 1653 4260 Nr.
1683 4193 1763 4260 444

364 4315 548 4405 betreffend
573 4317 629 4389 die
646 4316 879 4408 Beeitermqen
898 4313 1146 4405 Scentgotimrt
1180 4311 1299 4403 coepe,
1329 4309 1525 4402 amntem
1542 4311 1615 4383 rond
1630 4310 1761 4382 Zitues.

440 4451 569 4525 Datum
604 4453 692 4527 feria
727 4461 831 4527 sexta
865 4452 1025 4549 proxima
1060 4455 1139 4524 ante
1173 4449 1300 4522 festum
1331 4443 1576 4540 P[enteeostes‚
1615 4441 1759 4539 anne]⁵)

363 4573 494 4646 oomni
525 4546 572 4646 ir.
599 4545 705 4648 odo.
731 4574 905 4648 onesimo
931 4567 1083 4669 p[rimo].
1796 4586 1832 4640 30

521 4737 597 4809 Θήρ.
610 4739 690 4809 Perp.
707 4738 812 4808 Unger.
821 4735 1030 4792 Landeaorrhio
1038 4734 1190 4804 Badapaat.
1208 4733 1298 4805 simet
1308 4750 1368 4787 war
1380 4732 1544 4803 nequidem.
1557 4732 1622 4787 Dae
1633 4731 1763 4802 Origini

466 4824 504 4879 et
520 4825 583 4879 aar
600 4825 765 4895 eamdam.

520 4999 541 5064 ¹)
558 4995 623 5051 Mai
641 5001 665 5051 1.

518 5083 541 5150 ¹)
563 5081 697 5152 Vorloge:
714 5080 762 5135 nri.

518 5172 540 5237 ⁸)
563 5167 776 5238 Uraprdnglt'cd:
792 5168 928 5237 proficisci,
946 5167 1081 5222 dmdber:
1099 5181 1258 5234 comparere.

518 5257 541 5324 ⁴)
563 5255 697 5325 Vorlage:
713 5270 803 5323 aeque.

520 5346 541 5411 ὅ)
558 5342 658 5409 mite,
675 5344 719 5396 45
740 5340 898 5396 Gentimeter
915 5340 992 5394 broit.
