4084 6302
898 645 1052 741 *san-

430 835 498 900 Nos
512 836 628 900 Petrus
644 835 851 899 vicevaivoda
863 836 1108 900 'lhanssiluanus
1123 835 1235 898 damus
1249 854 1307 918 pro
1323 835 1483 915 memoria,
1499 834 1674 917 quodcum

276 940 454 1004 secundum
469 940 698 1003 continentiam
720 938 884 1003 literarum
899 940 1131 1003 memorialium
1154 937 1310 1020 magnifici
1327 938 1388 1001 viri
1404 938 1525 1001 domini
1537 938 1675 1001 Thomas

276 1043 431 1107 vaivodae
452 1042 652 1106 (lbansiluani
675 1042 796 1105 domini
818 1043 919 1106 nostri
942 1043 975 1105 in
1002 1043 1123 1106 octavis
1145 1041 1383 1125 epiphaniarum
1404 1038 1554 1118 domini¹)
1575 1039 1676 1102 hono-

276 1146 375 1210 rabile
402 1146 576 1230 capitulum
605 1146 755 1209 ecclesiae
784 1145 1010 1209 Transiluanae
1038 1152 1200 1227 tamquam
1223 1150 1345 1207 actores
1368 1142 1407 1206 ab
1438 1162 1504 1207 una
1531 1148 1622 1226 parte
1644 1148 1677 1206 et

226 1256 243 1308 5
278 1250 431 1314 Nicolaus
459 1248 544 1313 filins
574 1248 751 1312 Salamonis
778 1270 815 1313 ac
845 1249 979 1313 Michael
1008 1249 1093 1313 filins
1122 1248 1263 1312 Danielis
1300 1247 1339 1310 ab
1377 1248 1476 1311 altera
1516 1246 1678 1329 quaelibet

277 1355 416 1438 partium
438 1372 549 1417 eorum
564 1353 777 1415 instrumenta
799 1358 831 1416 et
852 1353 1019 1436 privilegia
1040 1372 1144 1416 coram
1167 1351 1259 1415 nobis
1274 1351 1425 1416 exhibere
1448 1358 1480 1415 et
1501 1350 1677 1434 producere

279 1456 465 1521 debuissent
486 1474 583 1538 super
605 1474 652 1537 eo,
676 1455 762 1536 quod
785 1456 941 1537 quaedam
963 1456 1119 1540 particula
1141 1463 1254 1538 terrae,
1277 1474 1373 1537 quam
1395 1455 1480 1519 idem
1502 1453 1677 1537 capitulana

279 1560 319 1623 ad
341 1559 450 1623 villam
465 1578 577 1622 eorum
599 1558 690 1623 Buzd
713 1559 872 1642 pertinere
888 1559 1072 1623 asserebant
1094 1565 1126 1623 et
1147 1559 1301 1643 praedicti
1322 1558 1474 1623 Nicolaus
1496 1563 1529 1622 et
1543 1556 1679 1621 Michael

279 1664 423 1727 similiter
444 1664 484 1725 ad
507 1682 561 1726 eos
583 1669 616 1726 et
638 1664 677 1725 ad
702 1662 809 1725 villam
835 1678 946 1726 eorum
969 1662 1168 1746 Rengellrerh
1198 1663 1393 1726 nominatam
1421 1661 1580 1745 pertinere
1603 1659 1679 1724 alle-

213 1769 247 1823 10
282 1768 407 1851 gabant
440 1766 580 1829 Tandem
601 1767 635 1829 in
658 1767 726 1850 ipso
750 1767 885 1829 termino
908 1767 1051 1849 partibus
1073 1786 1179 1830 coram
1202 1766 1295 1830 nobis
1317 1765 1574 1850 comparentibus
1596 1764 1679 1828 idem

281 1870 466 1954 capitulum
479 1890 536 1953 pro
566 1869 636 1933 iure
667 1889 726 1933 suo
756 1869 915 1951 quoddam
946 1869 1147 1954 privilegium
1170 1870 1318 1934 Andreae
1348 1870 1432 1953 regis
1461 1869 1624 1953 produxit,
1646 1868 1677 1929 in

282 1974 452 2056 quainter
478 1973 540 2036 alia
570 1974 731 2055 quendam
760 1973 928 2036 articulum
952 1973 1091 2037 vidimus
1120 1979 1152 2037 et
1181 1974 1367 2056 reperimus,
1398 1973 1453 2056 qui
1487 1971 1679 2056 praedictam

281 2078 468 2162 particulam
491 2084 594 2141 terrac
624 2077 766 2141 diversas
796 2082 896 2140 metas
928 2076 1120 2139 nominando
1143 2083 1239 2160 prout
1261 2078 1363 2161 prima
1391 2077 1471 2140 facie
1501 2074 1681 2159 apparebat,

282 2182 416 2245 eandem
438 2181 625 2264 particulam
648 2186 751 2244 terrae
773 2200 830 2264 per
851 2180 1030 2263 praedictos
1044 2179 1212 2244 Nicolaum
1235 2189 1268 2245 et
1282 2181 1467 2245 Michaelem
1490 2179 1681 2263 prohibitam

215 2288 248 2339 15
284 2284 448 2349 includere
471 2283 639 2347 ridebatur
667 2283 728 2347 sub
759 2283 852 2347 metis
875 2291 907 2347 et
929 2284 1073 2347 terminis
1104 2290 1207 2349 terrae
1237 2303 1295 2349 seu
1318 2285 1412 2348 villae
1442 2284 1534 2348 Buzd
1557 2301 1682 2346 nuncn-

283 2392 382 2470 patae.
405 2385 467 2462 Qui
482 2386 635 2451 articulus
650 2393 807 2452 metarum
822 2388 867 2450 sic
883 2387 1000 2471 incipit
1023 2388 1185 2471 Incipiunt
1198 2388 1347 2452 videlicet
1358 2394 1459 2453 metae
1475 2394 1577 2451 terrae
1592 2384 1683 2450 Buzd

284 2510 380 2574 snper
402 2510 467 2554 uno
491 2491 586 2554 berch
601 2490 684 2554 Enid
708 2498 820 2555 vocato
836 2492 869 2553 in
885 2491 987 2554 tribus
1010 2493 1102 2555 metis
1125 2493 1245 2572 terreis,
1270 2511 1405 2573 quarum
1429 2511 1494 2555 una
1509 2498 1557 2556 est
1580 2492 1684 2554 terrae

284 2594 374 2658 Buzd
390 2614 408 2657 a
423 2594 647 2677 septentrione,
669 2594 730 2657 aha
745 2595 839 2658 villae
853 2593 937 2657 Euid
949 2594 988 2656 ab
1008 2595 1139 2675 oriente,
1162 2594 1255 2659 tertia
1269 2596 1363 2660 villae
1375 2594 1576 2659 Monondorh
1588 2613 1607 2657 a
1618 2612 1684 2657 me·

284 2698 372 2777 ridie,
387 2698 460 2761 hinc
482 2699 515 2760 in
531 2699 642 2762 eodem
658 2697 754 2761 berch
768 2699 833 2762 itur
851 2698 891 2761 ad
907 2698 1104 2762 occidentem
1118 2698 1151 2761 in
1167 2700 1441 2763 commetaneitate
1466 2700 1567 2763 dictae
1590 2697 1685 2761 villae

215 2803 250 2857 20
284 2801 451 2883 Mondorh,
475 2820 556 2882 quae
579 2807 628 2865 est
649 2802 773 2866 comitis
795 2801 949 2884 Henning
970 2801 1009 2864 de
1030 2801 1137 2884 Apold
1159 2807 1192 2865 et
1212 2802 1246 2864 in
1276 2802 1388 2866 eodem
1415 2802 1511 2867 berch
1534 2802 1623 2866 venit
1645 2800 1685 2863 ad

286 2912 350 2968 tres
365 2910 465 2968 metas
480 2905 637 2985 antiquae,
658 2924 793 2985 quarum
814 2925 878 2967 una
893 2911 941 2968 est
959 2904 1054 2968 arbor
1075 2905 1139 2968 twl.
1158 2905 1244 2968 Hinc
1262 2906 1302 2968 ad
1323 2907 1403 2970 duas
1424 2912 1531 2972 metas.
1554 2904 1628 2969 iude
1651 2904 1685 2967 in

286 3009 397 3073 eodem
413 3007 509 3071 berch
532 3008 674 3071 ascendit
695 3008 735 3071 ad
758 3008 838 3072 duas
860 3014 961 3073 metas
983 3010 1140 3092 antiquas,
1170 3008 1245 3073 inde
1267 3010 1306 3073 ad
1337 3010 1417 3074 duas
1439 3016 1548 3092 metas,
1571 3008 1686 3073 deinde

287 3113 370 3176 inter
388 3112 551 3174 meridiem
574 3118 606 3174 et
628 3111 824 3175 occidentem
847 3114 881 3175 in
904 3112 1013 3175 eodem
1034 3113 1129 3177 berch
1148 3112 1187 3175 ad
1210 3113 1290 3177 duas
1309 3120 1409 3178 metas
1431 3116 1590 3196 antiquas,
1611 3111 1687 3176 inde

287 3216 474 3300 pervenitur
496 3233 593 3297 super
610 3220 706 3295 caput
728 3213 819 3276 vallis
841 3213 1076 3299 Monoroswelg
1097 3223 1228 3282 vocatae
1258 3218 1298 3280 ad
1320 3223 1385 3282 tres
1407 3223 1507 3282 metas
1529 3218 1687 3299 antiquas,

219 3321 253 3377 25
289 3339 425 3401 quarum
456 3338 520 3381 una
549 3323 598 3382 est
626 3317 785 3399 ecclesiae,
815 3318 914 3382 altera
943 3320 1094 3401 praedicti
1121 3320 1289 3403 Henneng,
1319 3322 1412 3385 tertia
1440 3321 1578 3384 fihorum
1602 3319 1687 3403 Chel,

288 3424 345 3505 qui
365 3422 410 3486 ibi
432 3427 523 3486 erant
544 3422 762 3505 personaliter,
787 3440 845 3505 per
868 3421 954 3502 quod
976 3422 1072 3486 berch
1094 3424 1128 3487 in
1151 3424 1312 3488 vicinitate
1335 3423 1477 3489 Danielis
1499 3430 1532 3488 et
1552 3425 1688 3488 fratrum

289 3546 423 3591 suorum
444 3524 585 3589 filiorum
608 3524 685 3589 Ohel
699 3525 933 3608 praedictorum
956 3528 1057 3589 currit
1079 3533 1191 3589 contra
1205 3527 1397 3609 aquilonem,
1420 3527 1617 3591 descendens
1631 3546 1689 3610 per

288 3630 435 3713 virgulta,
458 3636 491 3693 et
513 3629 602 3692 venit
623 3628 662 3691 ad
686 3628 765 3692 duas
780 3633 881 3692 metas
897 3630 1053 3711 antiquas
1076 3630 1161 3694 Hinc
1181 3649 1238 3713 per
1260 3631 1343 3696 idern
1365 3631 1461 3695 berch
1482 3633 1567 3695 inter
1588 3636 1689 3695 terras

289 3735 423 3799 arabiles
439 3732 603 3797 descendit
617 3733 657 3795 ad
673 3752 770 3795 unam
787 3738 903 3796 metam
927 3734 1092 3815 antiquam
1112 3735 1146 3796 in
1163 3735 1336 3798 monticulo
1351 3734 1383 3797 in
1400 3734 1531 3817 planitie
1545 3734 1689 3817 positam,

221 3837 256 3891 30
290 3837 365 3902 inde
387 3837 491 3900 adhuc
514 3836 734 3900 descendendo
758 3837 846 3900 venit
868 3837 908 3899 ad
930 3838 1010 3900 duas
1034 3843 1133 3901 metas
1155 3838 1313 3919 antiquas,
1342 3842 1425 3920 quae'
1447 3838 1522 3919 qnia
1544 3838 1578 3900 in
1601 3843 1690 3920 parte

290 3960 348 4024 pro
371 3948 499 4004 aratura
521 3939 688 4003 demolitae
711 3940 846 4020 fuerant,
868 3946 975 4023 partes
993 3960 1047 4003 eas
1069 3941 1270 4004 concorditer
1284 3946 1488 4005 renovarunt
1511 3940 1597 4004 Hinc
1619 3940 1691 4004 des-

291 4044 398 4106 cendit
418 4044 453 4104 in
475 4042 568 4105 terris
590 4042 763 4106 arabihbus
785 4062 842 4126 per
871 4044 1039 4107 continuas
1061 4048 1162 4107 metas
1184 4043 1275 4108 binas
1297 4050 1329 4108 et
1350 4043 1451 4126 binas,
1482 4063 1563 4126 quas
1584 4048 1691 4126 partes

291 4146 335 4210 ibi
357 4165 399 4210 ex
422 4165 507 4208 novo
530 4146 561 4207 in
586 4146 755 4209 concordia
777 4150 1036 4227 construxerunt,
1059 4152 1091 4210 et
1113 4147 1197 4210 cadit
1217 4148 1251 4210 in
1274 4147 1378 4210 rivum
1400 4147 1612 4231 Orbowpatalr
1635 4165 1691 4209 vo·

291 4256 407 4331 catum,
437 4267 532 4330 quem
554 4249 712 4312 transiens
734 4250 823 4313 venit
846 4249 885 4313 ad
908 4250 1046 4313 radicem
1067 4250 1194 4333 montis,
1214 4250 1268 4314 ubi
1288 4255 1394 4335 partes
1416 4256 1590 4314 erexerunt
1612 4249 1692 4312 duas

223 4353 257 4406 35
292 4358 402 4433 metas,
433 4351 519 4415 unde
541 4351 684 4415 ascendit
705 4353 739 4414 in
761 4352 845 4415 valle
867 4372 924 4435 per
952 4354 1037 4416 viam
1059 4354 1099 4416 ad
1121 4373 1219 4417 unam
1241 4354 1347 4437 pirum
1369 4353 1504 4437 positam
1527 4352 1560 4414 in
1590 4351 1692 4434 capite

292 4457 394 4540 ipsius
416 4456 496 4536 viae,
526 4455 559 4517 in
589 4454 686 4518 berch
708 4455 747 4518 ad
771 4455 851 4519 duas
873 4462 973 4520 metas
1000 4461 1128 4539 terreas,
1158 4456 1197 4520 ab
1221 4464 1358 4539 utraque
1387 4462 1477 4540 parte
1498 4455 1600 4538 ipsius
1622 4454 1693 4517 viae

293 4578 335 4623 ex
357 4578 441 4623 novo
464 4576 522 4642 per
536 4564 641 4641 partes
656 4565 786 4640 erectas,
808 4558 863 4622 ubi
885 4560 996 4643 incipit
1011 4564 1111 4623 metas
1133 4564 1241 4624 tenere
1256 4580 1330 4624 cum
1354 4559 1430 4622 villa
1451 4558 1583 4643 Spreng,
1612 4575 1693 4638 quae

294 4668 343 4727 est
363 4661 502 4726 filiorum
525 4659 602 4725 Chel
624 4661 867 4745 praedictorum,
899 4664 931 4726 in
954 4665 1047 4728 cuius
1077 4664 1240 4727 vicinitate
1263 4683 1320 4747 per
1341 4663 1425 4727 idem
1448 4661 1544 4726 berch
1566 4661 1632 4724 itur
1654 4659 1694 4723 ad

295 4765 446 4829 orientem
471 4763 511 4827 ad
533 4764 613 4827 duas
636 4770 735 4827 metas
758 4770 886 4830 terreas.
912 4767 997 4831 Hinc
1019 4767 1059 4830 ad
1081 4767 1159 4831 alias
1182 4767 1263 4831 duas
1286 4772 1395 4847 metas,
1418 4765 1533 4829 deinde
1555 4764 1595 4828 ad
1617 4762 1695 4827 alias

224 4871 260 4923 40
295 4869 375 4932 duas
397 4874 506 4949 metas,
537 4886 616 4948 quas
645 4875 751 4950 partes
780 4870 814 4931 in
836 4870 947 4934 eodem
974 4869 1069 4934 berch
1099 4888 1142 4933 ex
1173 4889 1257 4933 novo
1288 4869 1488 4932 concorditer
1510 4872 1693 4948 erexerunt,

295 4972 368 5035 hine
390 4972 424 5035 in
446 4971 558 5035 eodem
581 4970 676 5035 berch
699 4973 764 5035 itur
786 4972 921 5036 adduas
936 4979 1037 5036 metas
1051 4974 1209 5055 antiquas,
1231 4973 1305 5037 inde
1328 4972 1368 5035 ad
1391 4972 1468 5036 alias
1491 4972 1571 5035 duas
1594 4976 1695 5034 metas

295 5076 451 5158 antiquas,
482 5094 562 5157 quas
584 5082 690 5158 partes
712 5082 893 5140 statuerunt
915 5078 1071 5141 renovari.
1097 5077 1177 5141 Inde
1199 5096 1256 5160 per
1279 5077 1363 5140 idem
1385 5075 1481 5140 berch
1505 5073 1694 5138 declinando

295 5198 466 5263 parumper
498 5179 537 5242 ad
568 5181 815 5263 septentrionem
846 5182 989 5244 ascendit
1018 5201 1170 5245 cacumen
1201 5181 1367 5245 cuiusdam
1402 5179 1569 5243 monticuli
1599 5198 1697 5261 supra

296 5283 403 5346 villam
426 5282 550 5367 Spreng
571 5284 675 5367 positi,
697 5284 728 5347 in
753 5303 816 5365 quo
840 5291 917 5348 sunt
938 5285 1020 5349 duae
1042 5290 1152 5349 metae.
1175 5284 1255 5349 Inde
1278 5285 1440 5368 peridem
1462 5283 1559 5348 berch
1581 5283 1694 5347 iterato

226 5390 261 5443 45
297 5392 409 5451 contra
439 5387 601 5469 orientem,
630 5388 665 5449 in
692 5406 756 5469 quo
780 5387 885 5451 eundo
915 5407 972 5471 per
997 5389 1125 5453 crebras
1152 5396 1251 5453 metas
1284 5396 1407 5455 veteres
1429 5389 1521 5453 binas
1543 5394 1576 5453 et
1596 5388 1698 5469 binas,

454 5525 474 5591 ¹)
492 5522 607 5577 Jaauar
625 5526 667 5576 13.

1545 5616 1594 5671 34·
