4086 6300
932 664 1086 759 Q

304 853 541 936 possessionum
569 852 603 915 in
626 853 766 935 generali
794 853 1040 938 congregatione
1062 857 1172 917 nostm
1192 852 1226 916 in
1248 852 1329 916 leste
1361 850 1558 916 inventionis
1579 855 1708 916 sanctae

305 956 418 1032 crucis,
441 977 525 1020 anno
549 957 669 1020 domini
692 956 740 1020 Μ0
762 956 802 1020 0⁰
817 956 857 1021 0⁰
873 956 913 1021 0⁰
935 956 1035 1021 XX*
1053 961 1145 1020 serto
1170 975 1235 1019 una
1265 976 1339 1020 cum
1361 955 1524 1020 universis
1546 953 1707 1021 nobilibus

304 1067 336 1124 et
357 1060 428 1124 aliis
457 1061 629 1125 cuiuslibet
657 1060 848 1124 conditionis
879 1059 1060 1123 hominibus
1082 1059 1113 1122 in
1143 1060 1288 1143 partibus
1309 1058 1544 1124 Transsiluanis
1567 1058 1707 1124 existen·

305 1165 390 1229 tibus
412 1165 445 1228 in
467 1164 570 1229 'larda
600 1163 766 1246 celebrata,
796 1163 1018 1247 praesentibus
1049 1163 1168 1228 eisdem
1192 1162 1352 1227 nobilibus
1374 1162 1521 1227 exhibuit
1541 1161 1635 1226 nobis
1656 1181 1707 1227 re-

251 1277 268 1328 5
304 1268 457 1352 scriptum
480 1288 538 1332 seu
560 1267 668 1332 literas
690 1268 842 1351 praedicti
857 1267 988 1352 capituli
1011 1268 1045 1331 in
1067 1269 1144 1332 baec
1166 1267 1272 1332 rerba.
1295 1265 1400 1350 (Folgl
1421 1265 1471 1330 dic
1493 1262 1641 1330 Urkundc
1655 1264 1707 1330 dar

311 1371 551 1455 Weisseadarpcr
572 1370 713 1455 Kapitetr
746 1392 800 1435 aon
829 1372 917 1434 1326
940 1370 996 1436 Nr.
1021 1372 1087 1435 445
1119 1372 1173 1435 mit
1203 1370 1258 1435 der
1288 1367 1435 1435 Urioaada
1456 1369 1508 1434 des
1537 1368 1708 1434 Wciwcdca

307 1473 438 1539 Thomas
458 1497 513 1539 coir
536 1476 624 1539 1326
645 1473 703 1540 Nr.
729 1474 822 1557 443.)
853 1475 921 1541 Nos
949 1494 1025 1540 vero
1057 1475 1113 1558 qui
1142 1493 1184 1537 ex
1215 1473 1321 1538 debito
1352 1472 1448 1538 officii
1479 1474 1580 1538 nostri
1602 1493 1706 1538 unum

304 1598 498 1662 quemquam
530 1580 563 1643 in
593 1599 652 1643 suo
682 1580 752 1644 iure
782 1598 972 1643 conservare
1003 1578 1166 1662 debemus,
1198 1585 1296 1663 prout
1324 1598 1381 1663 per
1412 1578 1520 1642 literas
1553 1577 1707 1666 praedicti

220 1750 226 1763 ,
303 1682 431 1767 capituli
455 1702 551 1766 super
579 1681 831 1746 reambulatione
861 1682 1094 1765 praedictarum
1117 1682 1356 1768 possessionum
1383 1687 1416 1747 et
1437 1701 1535 1766 super
1556 1682 1706 1747 cursibus

223 1774 268 1849 ⁴10
303 1807 360 1851 seu
384 1786 598 1852 erectionibus
619 1791 777 1849 metarum
792 1786 966 1849 earundem
988 1788 1226 1870 possessionum
1241 1786 1367 1870 plenius
1389 1786 1511 1851 luimus
1532 1786 1705 1869 informati,

302 1892 480 1975 praedictas
511 1894 610 1954 metas
641 1909 699 1954 seu
729 1889 932 1954 limitationes
955 1897 986 1954 et
1008 1893 1184 1956 erectiones
1211 1890 1443 1974 praedictarum
1466 1891 1705 1975 possessionum

303 2014 340 2059 eo
372 1995 465 2059 modo
496 2014 560 2077 quo
590 1994 739 2078 superius
770 2012 939 2078 expressae
969 2002 1047 2060 sunt
1077 2002 1109 2060 et
1131 1995 1307 2076 distinctae,
1341 2013 1407 2058 una
1439 2014 1514 2058 cum
1535 1995 1705 2079 praedictis

302 2100 463 2164 universis
486 2098 646 2162 nobilibus
667 2099 702 2161 in
725 2098 836 2162 eadem
851 2100 1096 2182 congregatione
1111 2098 1228 2163 iudicio
1252 2097 1345 2162 nobis
1360 2097 1574 2163 assidentibus
1589 2118 1704 2183 appro-

303 2203 425 2285 bamus,
449 2207 659 2286 acceptamus,
689 2201 883 2266 ratificamus
913 2209 945 2266 et
974 2204 1151 2287 praesentis
1174 2203 1282 2287 scripti
1305 2203 1407 2266 nostri
1429 2202 1605 2287 patrocinio
1627 2223 1705 2270 oon·

237 2316 269 2366 15
304 2306 476 2371 finnamus.
498 2306 540 2370 Et
556 2307 632 2388 quia
646 2306 798 2389 praedicti
813 2306 953 2389 hospites
968 2306 1008 2370 de
1023 2307 1097 2389 Zelr,
1120 2308 1175 2388 qui
1191 2308 1368 2392 peripsum
1384 2307 1543 2370 bominem
1558 2312 1704 2375 nostrum

302 2417 413 2474 contra
434 2410 611 2494 praelatum
634 2411 781 2473 comitem
804 2409 972 2473 Nicolaum
995 2410 1055 2474 sub
1074 2411 1256 2475 testimonio
1271 2410 1424 2494 praedicti
1446 2409 1586 2494 capituli,
1608 2418 1705 2495 prout

301 2515 334 2578 in
357 2515 458 2599 ipsius
480 2514 611 2597 capituli
634 2514 734 2577 literis
757 2513 896 2577 vidimus
911 2514 1077 2594 contineri,
1100 2515 1140 2577 ad
1163 2520 1304 2578 nostram
1321 2513 1532 2598 praesentiam
1554 2533 1592 2578 eo
1616 2515 1703 2597 quod

300 2618 460 2702 praedicto
484 2618 603 2680 homini
627 2623 737 2682 nostro
760 2637 780 2681 a
801 2618 1052 2682 reambulatione
1075 2624 1108 2683 et
1129 2618 1289 2683 erectione
1312 2623 1469 2682 metarum
1491 2637 1589 2702 super
1609 2638 1701 2704 prae·

301 2722 383 2785 dicta
404 2721 559 2805 particula
574 2722 718 2802 Zenasay
742 2727 854 2785 vocata
868 2722 1141 2805 contradixerunt,
1165 2723 1300 2787 termino
1316 2723 1362 2788 eis
1377 2723 1537 2806 assignato
1554 2721 1701 2789 videlicet

230 2832 266 2885 20
301 2826 332 2887 in
355 2825 517 2910 praedicta
538 2827 783 2909 congregatione
806 2832 916 2890 nostra
937 2827 1024 2890 citati
1040 2846 1104 2890 non
1128 2832 1287 2891 venerunt
1300 2846 1361 2891 nec
1382 2827 1541 2891 miserunt
1562 2826 1701 2909 aliquem

300 2949 357 3013 pro
381 2948 415 2992 se
438 2935 674 3013 comparentem
696 2948 756 2993 neo
771 2948 868 3013 super
882 2931 952 3014 ipsa
966 2931 1216 2995 contradictione
1232 2929 1372 3012 aliquam
1387 2929 1480 2994 nobis
1494 2929 1703 2995 reddiderunt

300 3033 463 3114 rationem,
492 3031 564 3097 ideo
596 3033 697 3117 ipsam
727 3034 1009 3097 contradictionem
1038 3054 1097 3119 per
1125 3034 1254 3098 eosdem
1285 3034 1430 3099 homines
1457 3034 1496 3098 de
1518 3033 1584 3098 Zelr
1605 3053 1702 3119 super

298 3137 460 3220 praedicta
489 3136 740 3200 reambulatione
774 3143 807 3201 ct
835 3144 992 3202 metarum
1022 3138 1182 3203 erectione
1213 3138 1328 3202 iactam
1357 3157 1519 3201 unacum
1541 3138 1701 3203 universis

299 3240 460 3305 nobilibus
482 3243 515 3304 in
538 3241 607 3325 ipsa
629 3243 873 3324 congregatione
896 3242 1063 3307 nobiscum
1090 3241 1303 3307 existentibus
1331 3240 1478 3305 frivolam
1501 3242 1569 3306 iore
1592 3241 1700 3309 decre-

229 3350 263 3404 ·25
299 3344 405 3408 vimus
425 3350 458 3409 et
472 3346 608 3408 inanem.
630 3344 669 3408 In
685 3346 777 3408 cuius
791 3345 839 3409 rei
854 3347 1038 3410 memoriam
1053 3346 1300 3429 firmitatemque
1315 3351 1502 3431 perpetuam
1515 3351 1700 3430 praesentes

299 3448 515 3512 concessimus
543 3448 653 3512 literas
682 3455 807 3512 nostras
837 3450 1050 3533 privilegiales
1084 3450 1252 3534 pendentis
1282 3449 1376 3533 sigilli
1398 3449 1500 3514 nostri
1521 3449 1700 3515 munimine

298 3550 469 3615 roboratas.
492 3550 612 3616 Datum
635 3553 771 3616 termine
794 3559 827 3617 et
848 3553 918 3617 loco
942 3574 978 3617 ac
1000 3573 1085 3617 anno
1107 3572 1205 3637 supra
1227 3552 1328 3617 dictis

950 3863 1044 3946 447.

375 4028 482 4096 1326
497 4026 589 4097 June·
606 4030 663 4097 12.
692 4027 810 4119 Kdaig
827 4027 923 4098 Karl
948 4026 1107 4119 hamatae
1129 4029 1205 4100 dem
1221 4026 1537 4119 aicbeaboirga‘scbea
1553 4025 1707 4119 Bubetios

226 4163 262 4219 30
298 4146 365 4218 dea
391 4147 658 4239 atgebenfrcicn
675 4148 794 4240 Beraq
821 4150 880 4221 des
898 4147 1122 4221 Salaaebatea
1146 4172 1212 4221 von
1229 4147 1325 4237 Scala,
1353 4148 1489 4238 Kelesa,
1516 4148 1700 4222 Deterrima

296 4268 370 4339 aad
390 4267 530 4340 Tborda
556 4269 630 4340 wad
656 4270 732 4341 dem
758 4266 1040 4362 Weissenbarqcr
1056 4270 1201 4362 Kapitcl
1227 4271 1293 4342 dea
1315 4268 1581 4361 abgabanfreiea
1598 4267 1697 4343 Sala·

297 4388 401 4480 beaaq
425 4412 491 4462 voa
520 4389 669 4462 illerde.

452 4536 657 4606 Ii'iapeacbaltct
689 4553 743 4592 voa
769 4538 829 4593 dem
858 4538 1099 4593 Groaswardeiacr
1126 4537 1241 4607 Kopitel
1267 4541 1349 4605 1888,
1385 4537 1462 4608 Θήρ.
1489 4535 1699 4607 Kapitalercbio

400 4623 568 4694 Karisturg.

226 4727 261 4780 35
452 4728 565 4783 Droek:
583 4727 714 4783 &eredat
732 4727 823 4783 Sata
843 4732 883 4783 73.
902 4728 989 4796 chtr
1009 4728 1100 4784 (iodea
1122 4728 1211 4796 VIII,
1228 4732 1255 4796 3,
1272 4732 1315 4785 91.

452 4832 566 4902 Ram.-
584 4831 715 4886 Sacredai
736 4831 844 4887 Noreia
861 4836 904 4887 31.
933 4832 1096 4888 Ttrttnelmi
1113 4832 1159 4887 tdr
1177 4836 1254 4899 1889,
1272 4835 1333 4888 ter.

450 5007 588 5072 Karolus
611 5008 660 5072 dei
684 5008 785 5091 gratia
798 5007 992 5092 Hungariae,
1015 5007 1204 5089 Dalmaoiae,
1228 5006 1386 5089 Groaciae,
1406 5006 1533 5087 Ramae,
1556 5004 1696 5087 Seruiae,

296 5111 454 5194 (indiciae,
482 5111 698 5193 Lodomeriae,
727 5111 897 5176 Gemonias
930 5111 1165 5196 Bulgariaeque
1195 5131 1264 5195 rex,
1293 5111 1442 5196 princeps
1463 5109 1695 5176 Sallernitanus

295 5220 329 5278 et
350 5215 480 5279 honoris
503 5235 540 5279 ac
561 5216 680 5280 montis
702 5216 803 5279 sancti
821 5215 939 5299 Angcli
961 5216 1110 5280 dominus
1132 5216 1281 5281 omnibus
1296 5215 1413 5281 Christi
1435 5213 1583 5280 fidelibus
1605 5233 1696 5298 prae·

225 5323 261 5376 40
295 5318 439 5383 sentibus
461 5325 494 5383 et
515 5319 633 5383 temris
662 5320 877 5403 praesentium
900 5320 1044 5384 notitiam
1075 5321 1230 5386 habituris
1252 5320 1388 5387 salutern
1409 5319 1445 5383 in
1467 5318 1611 5383 omnium
1633 5318 1695 5384 sal·

294 5428 413 5488 valore.
457 5422 614 5499 Quoniam
645 5423 748 5489 bonae
778 5424 824 5490 rei
853 5425 930 5489 dare
958 5424 1140 5489 consultum
1174 5433 1206 5490 et
1238 5423 1413 5509 praesentis
1443 5422 1580 5488 habetur
1608 5424 1694 5488 ritae

294 5524 471 5590 subsidium
502 5531 534 5590 et
560 5532 709 5592 aeternae
738 5527 1004 5593 remunerationis
1034 5534 1237 5612 exspectatur
1265 5528 1452 5613 praemium,
1481 5528 1542 5591 hoo
1567 5525 1695 5592 salubre

1540 5641 1590 5701 26‘
