4064 6288
1031 615 1094 679 144

1023 820 1114 905 202.

445 984 546 1056 &aa
580 987 688 1056 1282
722 985 909 1057 Deaember
943 989 1002 1057 10.
1056 984 1291 1076 0606066066,
1328 985 1542 1072 10600606]
1559 1006 1624 1057 ooo
1654 983 1765 1072 Gran,

363 1107 523 1196 06600090
556 1106 612 1177 die
647 1105 766 1177 060060
809 1103 998 1178 Urbanam
1032 1108 1091 1179 des
1125 1108 1348 1195 Fsrabiscbofs
1383 1107 1524 1197 Philipp
1562 1128 1627 1177 ooo
1661 1108 1767 1176 1264

365 1226 432 1298 Nr.
460 1229 538 1298 104
553 1227 631 1298 aad
648 1226 714 1298 Nr.
743 1228 822 1297 105
840 1227 911 1315 fiir
937 1227 992 1299 die
1009 1227 1161 1316 Pforrer
1187 1229 1246 1300 dea
1263 1227 1580 1299 Hermonaetddter
1596 1225 1766 1319 Kapitels.

523 1389 599 1460 Orip.
612 1391 693 1460 Pcrp.
705 1390 915 1460 Kapitelarcbio
928 1392 1156 1447 Hermaooatadt.
1176 1392 1264 1463 Siepel
1281 1391 1437 1459 6600606000,
1453 1391 1595 1461 spinnand,
1613 1391 1645 1444 ia
1659 1391 1767 1446 0606666
1802 1391 1819 1445 0

473 1477 574 1532 Wachs
605 1478 747 1548 petroiolo,
777 1496 816 1532 co
844 1478 1152 1533 bellrotbkirsctrotber
1181 1479 1382 1535 Samosatam
1414 1478 1582 1548 6690606690,
1620 1476 1770 1544 Umacbra‘fl

468 1563 596 1632 Kapital,
615 1564 646 1617 Ε
660 1564 769 1619 codol:
786 1566 806 1627 †
824 1565 842 1619 S
862 1565 975 1619 MINVS
998 1565 1194 1620 Loooomun
1217 1566 1290 1633 ΒῙΕΙ
1313 1566 1385 1620 GRA
1407 1566 1577 1622 ARCHIEPI
1600 1566 1767 1637 STRIGONJ.

469 1651 507 1704 In
529 1650 589 1705 dem
607 1649 753 1720 Sieqelseld
777 1652 897 1706 6066006
915 1651 1009 1721 100906
1032 1652 1082 1705 mit
1099 1652 1277 1720 Bioebofatab
1301 1652 1333 1706 io
1356 1652 1405 1707 der
1429 1653 1522 1707 linteo
1539 1653 1599 1707 aad
1622 1654 1768 1708 ertotener

470 1736 595 1791 Recbteo.
620 1737 780 1807 Abyebildet
792 1737 896 1791 Kaous
908 1738 1089 1793 Monumentc
1107 1738 1152 1807 ΙΙ,
1170 1743 1213 1794 99.
1231 1738 1445 1809 Arebaeolopioi
1461 1739 1571 1794 0616600
1587 1738 1664 1806 XII,
1682 1739 1766 1793 Jahr-

468 1827 716 1894 96091878142.
738 1823 841 1878 066066
862 1824 1093 1893 000006601881,
1111 1830 1172 1881 275.
1803 1822 1837 1878 10

470 2029 494 2085 S
519 1943 642 2085 mh
651 1944 738 2084 apro
758 1921 849 2000 6666
871 1945 946 2013 123,
964 1949 1024 2001 130.
1042 1945 1167 2002 saum
1183 1946 1286 2002 Arae
1304 1946 1330 2013 r,
1347 1949 1409 2002 am
1431 1944 1545 2001 raam
1562 1962 1590 2000 a.
1609 1944 1770 1999 66006

492 2030 545 2086 ie.
592 2048 607 2084 r
644 2072 650 2085 .
687 2034 774 2099 ,129.

522 2206 691 2271 Universis
732 2213 916 2291 praesentes
948 2207 1057 2272 literas
1093 2208 1284 2292 inspecturis
1320 2208 1528 2273 Lodomerius
1565 2208 1769 2272 miseratione
1857 2270 1861 2277 .

368 2310 478 2374 divina
500 2310 755 2394 archiepiscopus
778 2310 1004 2394 strigoniensis
1019 2313 1227 2395 eiusdemque
1248 2311 1310 2376 loci
1326 2332 1432 2377 comes
1446 2318 1621 2396 perpetuus
1636 2311 1771 2376 salutem

367 2414 401 2475 in
431 2412 581 2497 largitore
611 2414 732 2478 salutis.
772 2415 825 2479 Ad
855 2416 1073 2481 universitatis
1104 2424 1229 2481 vestrae
1252 2418 1397 2481 notitiam
1420 2422 1531 2480 tenore
1553 2415 1770 2500 praesentium
1807 2424 1840 2477 15

367 2514 518 2580 volumus
549 2518 725 2603 pervenire,
757 2520 843 2601 quod
866 2518 1000 2583 dilectus
1028 2520 1061 2582 in
1085 2521 1213 2583 domino
1237 2520 1323 2584 filius
1344 2520 1531 2602 Reynaldus
1552 2517 1709 2603 plebanus
1732 2519 1771 2582 de

368 2618 633 2684 Stolchunbercht
655 2621 794 2686 decanus
816 2625 1000 2707 provinciae
1023 2624 1213 2687 Zibiniensis
1235 2625 1364 2688 nomine
1392 2643 1451 2687 suo
1483 2630 1516 2687 et
1535 2624 1604 2686 vice
1628 2623 1772 2685 omnium

367 2723 579 2807 plebanorum
601 2726 652 2789 sui
674 2726 848 2791 decanatus
870 2727 910 2790 ad
931 2728 1143 2811 praesentiam
1163 2733 1305 2791 nostram
1321 2728 1484 2809 accedens,
1507 2726 1659 2809 originale
1674 2726 1772 2809 privi-

367 2826 525 2911 legiorum
548 2829 668 2892 domini
682 2829 833 2916 Phylippi
853 2832 1081 2916 archiepiscopi
1103 2832 1355 2916 praedecessoris
1380 2831 1482 2895 nostri
1504 2830 1604 2894 felicis
1626 2830 1773 2894 recorda-

368 2931 465 2996 tionis
487 2931 547 2996 sub
571 2932 673 3017 sigillo
693 2934 914 3018 religiosorum
928 2935 1072 2999 virorum
1094 2935 1201 2999 fratris
1224 2935 1313 2998 Petri
1336 2936 1446 2998 vicarii
1468 2935 1582 2999 domus
1605 2934 1772 2998 Praedica-
1807 2941 1842 2996 20

369 3040 476 3100 torum
498 3043 530 3100 et
552 3037 650 3101 totius
665 3044 845 3103 conventus
863 3040 1039 3103 eorundem
1055 3041 1094 3104 de
1111 3040 1245 3121 Zybinio
1262 3038 1355 3103 nobis
1371 3038 1517 3103 exhibant
1532 3058 1605 3102 cum
1620 3038 1773 3102 instantia

369 3140 588 3226 supplicando,
618 3146 655 3205 ut
675 3143 874 3226 praedictum
896 3143 1049 3226 originale
1078 3143 1259 3208 coniectum
1290 3161 1387 3228 super
1414 3142 1604 3224 quibusdam
1630 3141 1773 3206 arhculis

369 3245 539 3328 praedictis
562 3245 681 3310 decano
705 3253 737 3311 et
757 3246 902 3331 plebanis
924 3247 964 3310 ab
987 3248 1098 3311 eodem
1114 3247 1273 3332 Phylippo
1296 3247 1532 3330 archiepiscopo
1555 3247 1714 3311 concessis
1733 3246 1772 3310 de

370 3348 471 3432 gratia
500 3349 629 3433 speciali
658 3351 862 3434 dignaremur
891 3356 1002 3415 nostro
1032 3351 1198 3435 privilegio
1230 3352 1334 3415 iacere
1361 3349 1549 3414 confirmari.
1582 3350 1651 3414 Nos
1676 3350 1774 3434 igitur

370 3453 556 3536 petitionem
578 3453 679 3537 ipsius
702 3455 813 3518 decani
835 3456 1074 3520 considerantes
1095 3476 1161 3519 non
1182 3456 1348 3518 arationis
1363 3455 1489 3518 tramite
1504 3453 1693 3536 discordare,
1716 3454 1772 3517 sed
1807 3460 1842 3514 25

371 3577 546 3641 congruam
569 3564 601 3622 et
623 3577 797 3622 consonam
819 3559 973 3640 aequitati
994 3560 1201 3643 paternaliter
1223 3559 1410 3622 admisimus
1428 3577 1502 3620 cum
1517 3556 1631 3621 effectu
1647 3563 1774 3622 tenores

370 3661 606 3744 praedictorum
638 3661 878 3745 privilegiorum
911 3664 1132 3747 praesentibus
1164 3663 1265 3726 literis
1294 3663 1393 3725 inseri
1424 3660 1583 3725 iacientes.
1629 3660 1774 3737 Quorum

372 3765 501 3845 quidem
530 3765 771 3849 privilegiorum
800 3765 984 3828 huiusmodi
1013 3772 1090 3829 sunt
1120 3772 1255 3830 tenores.
1296 3763 1425 3848 (Folpen
1455 3764 1504 3827 dic
1534 3761 1702 3828 [0000060
1723 3763 1775 3827 dee

371 3866 564 3950 Erebimbofa
586 3868 711 3951 Phdipp
732 3867 1151 3932 6601264Νν.104600
1171 3868 1229 3933 Nr.
1252 3870 1342 3950 105.)
1384 3869 1452 3933 Nos
1482 3873 1590 3932 autem
1617 3867 1719 3952 sigillo
1743 3875 1775 3931 et

371 3971 471 4035 literis
507 3972 742 4055 praedictorum
779 3973 912 4036 fratrum
946 3972 1206 4037 Praedicatorum
1240 3993 1337 4056 super
1371 3971 1593 4036 ratihabitione
1627 3972 1661 4035 in
1691 3972 1773 4035 iacto
1809 3977 1844 4031 30

374 4079 521 4157 sumptus
536 4075 772 4157 praedictorum
792 4075 1032 4159 privilegiorum
1051 4076 1179 4159 plenam
1196 4075 1292 4140 fidem
1308 4096 1366 4140 seu
1382 4076 1575 4139 credentiam
1589 4075 1775 4140 adhibentes

375 4183 502 4242 tenores
525 4179 700 4242 eorundem
721 4178 963 4261 privilegiorum
985 4180 1019 4241 in
1040 4178 1200 4263 publicam
1223 4179 1357 4242 formam
1372 4180 1588 4263 praesentium
1610 4179 1775 4243 literarum

377 4281 416 4345 de
439 4282 537 4345 verbo
561 4282 601 4345 60
623 4283 758 4346 verbum
789 4282 957 4346 translatas
983 4284 1216 4346 auctorizamus
1239 4289 1271 4347 et
1293 4282 1519 4347 confirmamus
1541 4303 1578 4346 uc
1599 4283 1775 4367 praesentis

372 4385 481 4469 scripti
511 4387 686 4469 patrocinio
717 4385 960 4450 communimus.
1004 4386 1043 4449 In
1069 4387 1163 4450 cuius
1186 4387 1231 4451 rei
1254 4388 1439 4451 memoriam
1461 4393 1644 4470 praesentes
1666 4387 1774 4451 literas

373 4490 588 4553 concessimus
611 4489 705 4573 sigilli
719 4490 821 4553 nostri
835 4492 1012 4554 munimine
1027 4491 1199 4555 roboratas.
1230 4489 1349 4554 Datum
1368 4490 1529 4573 Strigonii,
1552 4510 1636 4554 anno
1654 4491 1774 4554 domini
1809 4496 1843 4551 35

372 4591 430 4656 Ml.
454 4591 527 4656 00⁰.
550 4592 583 4656 Ii.
606 4592 732 4657 XXXl.
756 4594 906 4676 secundo,
929 4595 1041 4675 quinto
1066 4595 1116 4658 die
1138 4594 1223 4658 beati
1244 4594 1369 4658 Nicolai
1390 4594 1589 4659 confessoris

1032 4922 1126 5010 200.

460 5087 951 5182 06066600912830000
977 5094 1042 5165 23.
1087 5092 1222 5180 Petreio,
1254 5090 1408 5180 Bioebof
1425 5115 1489 5165 oon
1517 5087 1777 5183 sectenturque,

376 5211 523 5304 0666090,
560 5214 641 5284 daea
671 5214 736 5285 006
774 5208 1054 5304 Wecseaoarper
1084 5213 1228 5305 chitel
1262 5215 1339 5285 drei
1372 5212 1490 5286 Tteite
1525 5214 1584 5284 066
1618 5213 1691 5285 itm
1718 5234 1777 5304 96-

375 5333 517 5424 000960
529 5333 752 5406 0060066600
767 5333 920 5406 Zeitha
938 5356 985 5404 60
1002 5333 1188 5423 10060060,
1216 5334 1327 5423 Wein,
1346 5335 1481 5408 Bieacn
1498 5335 1573 5406 060
1587 5333 1779 5405 Ldmmera
1811 5348 1848 5403 40

366 5453 437 5543 fair
453 5456 581 5548 oieraip
601 5454 710 5527 Mark
727 5453 840 5527 00066
848 5454 1006 5543 jatrum
1023 5455 1089 5527 dea
1106 5455 1263 5547 dortipea
1279 5456 1456 5546 Pfcmro
1473 5455 1670 5546 adpetreten
1683 5454 1777 5526 0006.
