4048 6284
947 557 1102 650 *aa*

324 744 449 808 delerit.
479 744 574 808 Unde
593 764 666 806 cum
686 744 782 807 abbas
802 750 834 809 et
850 752 1029 809 conventus
1050 745 1183 829 praefati
1198 745 1322 808 amissis
1344 745 1516 828 privilegiis
1539 744 1577 808 ab
1597 745 1727 808 iniuria-

325 854 428 911 torum
463 868 595 912 suorum
624 847 794 911 calumniis
823 850 1041 929 nequiverunt
1070 849 1272 933 postmodum
1303 869 1337 913 se
1368 850 1465 929 tueri,
1500 850 1727 914 monasterium

324 953 429 1035 ipsinn
453 953 540 1034 quod
554 952 712 1015 bononun
729 953 949 1035 temporalium
974 952 1118 1017 ubertate
1140 952 1292 1016 floruerat
1314 953 1354 1015 ad
1377 958 1497 1016 tantam
1519 954 1658 1036 inopiam
1681 959 1729 1016 est

325 1057 507 1133 deductum,
543 1056 629 1138 quod
655 1055 769 1118 iratres
798 1055 841 1118 ibi
872 1056 1000 1120 domino
1032 1058 1208 1122 servientes
1242 1056 1464 1120 sufficientiam
1493 1058 1585 1140 panis
1613 1057 1729 1120 habere

325 1180 390 1224 non
412 1165 568 1244 poterant,
598 1159 684 1222 unde
706 1179 765 1222 suu
788 1159 1006 1224 satisfacerent
1028 1161 1179 1243 exactori,
1209 1167 1241 1225 et
1263 1181 1304 1225 ne
1329 1167 1460 1244 possent
1491 1161 1531 1225 ab
1561 1162 1727 1225 immineri·
1764 1169 1780 1220 5

326 1264 412 1329 tibus
442 1263 700 1348 oppressionibus
730 1263 893 1345 respirare,
927 1264 1037 1328 famuli
1068 1265 1207 1348 episcopi
1240 1265 1405 1328 memorati
1439 1271 1472 1329 et
1503 1265 1729 1329 canonicorum

325 1368 515 1432 Albensium
543 1387 620 1431 suae
649 1367 846 1452 paupertatis
874 1368 1038 1431 residuum
1066 1368 1101 1430 in
1132 1367 1302 1453 superfluis
1336 1369 1620 1433 comessationibus
1653 1389 1729 1432 con-

326 1477 540 1555 sumpserunt.
585 1471 679 1535 Unde
713 1471 805 1537 nobis
839 1471 1000 1535 humiliter
1030 1472 1262 1554 supplicarunt,
1296 1477 1333 1534 ut
1366 1491 1406 1535 ne
1441 1473 1527 1554 quod
1560 1472 1642 1535 absit
1674 1492 1731 1555 per

327 1575 528 1639 amissionem
556 1575 794 1659 privilegiorum
825 1594 957 1638 suorum
988 1577 1217 1639 monasterium
1246 1577 1350 1659 ipsum
1381 1577 1510 1659 penitus
1540 1576 1730 1653 destruatur,

326 1685 459 1763 paterna
481 1680 540 1743 sibi
563 1679 768 1763 dignaremur
790 1678 1002 1743 sollicitudine
1024 1680 1201 1762 providere,
1231 1680 1383 1743 facientes
1405 1681 1452 1743 eis
1474 1700 1550 1744 suae
1576 1679 1731 1744 libertatis
1767 1684 1800 1738 10

329 1783 532 1867 privilegium
555 1785 703 1847 mnovari
731 1790 763 1847 et
785 1785 824 1848 de
846 1784 1016 1867 praedictis
1043 1783 1168 1846 iniuriis
1198 1783 1349 1847 iustitiam
1380 1783 1532 1847 exhiberi.
1577 1782 1733 1859 Quocirca

328 1887 509 1950 discretioni
531 1893 656 1951 vestrae
678 1907 735 1971 per
765 1887 936 1971 apostolica
965 1889 1083 1970 scripta
1112 1887 1252 1950 districte
1282 1888 1503 1971 praecipiendo
1535 1887 1732 1965 mandamus

329 1997 488 2072 quatenus
504 1992 632 2071 vocatis,
649 1992 704 2073 qui
719 1991 839 2055 fuerint
858 1992 1021 2067 evocandi,
1044 1999 1076 2055 et
1097 1991 1251 2071 inquisita
1265 2010 1361 2074 snper
1383 1992 1563 2073 praemissis
1585 1990 1733 2054 omnibus

328 2093 455 2178 planius
477 2095 619 2173 veritate,
651 2114 733 2177 quae
755 2095 941 2158 inveneritis
963 2095 1047 2156 inira
1075 2101 1213 2176 quatuor
1241 2115 1367 2158 menses
1396 2102 1468 2178 post
1498 2096 1732 2179 susceptionem

328 2198 543 2282 praesentium
561 2200 675 2262 restris
698 2198 790 2262 nobis
811 2198 911 2262 literis
933 2198 1068 2261 fideliter
1090 2199 1250 2278 intimetis
1272 2198 1481 2282 praefigentes
1504 2199 1647 2281 partibus
1669 2205 1732 2262 ter·
1769 2204 1801 2256 15

329 2302 452 2366 minum
475 2308 716 2386 competentem,
740 2322 804 2384 quo
827 2322 861 2366 se
884 2308 994 2365 nostru
1017 2303 1202 2385 conspectui
1223 2323 1280 2386 per
1302 2323 1337 2366 se
1358 2303 1409 2366 vel
1431 2322 1489 2386 per
1511 2308 1734 2387 procuratores

330 2406 462 2471 idoneos
482 2413 728 2490 repraesentent,
753 2406 839 2489 quod
862 2406 1039 2489 superbiis
1062 2407 1276 2487 statuerimus,
1298 2406 1465 2490 recepturi.
1503 2405 1596 2482 Quod
1619 2407 1646 2469 si
1668 2425 1734 2468 non

331 2530 441 2575 omnes
464 2560 563 2574 .....
586 2511 660 2574 Non
682 2510 828 2574 obstante
851 2510 1078 2574 constitutione
1101 2510 1225 2573 concilii
1248 2510 1413 2593 generalis,
1437 2530 1501 2591 qua
1522 2514 1662 2591 cavetur,
1693 2528 1734 2572 ne

332 2615 404 2696 quis
425 2614 510 2677 ultra
531 2615 611 2677 duas
634 2616 734 2678 dietas
758 2620 850 2679 extra
872 2634 962 2678 suam
986 2614 1136 2677 diocesim
1158 2634 1215 2698 per
1237 2615 1344 2677 literas
1366 2614 1554 2698 apostolicas
1581 2613 1621 2676 ad
1651 2613 1733 2675 iudi·

330 2718 415 2782 cium
438 2718 519 2782 trahi
540 2719 648 2802 possit.
692 2717 811 2782 Datum
832 2717 988 2799 laterani,
1018 2717 1077 2781 XI.
1099 2716 1259 2782 Kalendas
1281 2718 1369 2798 Julii,
1399 2715 1601 2802 pontificatus
1632 2716 1733 2780 nostri
1768 2721 1803 2775 20

333 2842 418 2886 anno
441 2827 542 2887 sexto.
997 2844 1002 2852 ·

998 3016 1067 3130 ar.

410 3227 500 3299 Rom
530 3228 579 3298 im
605 3227 763 3300 Laterum
789 3231 893 3299 1222
919 3227 1106 3299 December
1130 3232 1189 3299 19.
1226 3226 1335 3318 Pupst
1362 3225 1538 3298 Heaumua
1565 3224 1643 3295 ΙΙΙ.
1682 3224 1735 3296 de·

331 3350 454 3441 armat
488 3349 554 3422 den
590 3350 773 3422 deutschen
813 3349 930 3421 Ordcu
964 3350 1002 3420 io
1036 3350 1163 3421 sauma
1197 3347 1407 3420 Londbesitc
1441 3348 1515 3420 aad
1547 3349 1585 3418 io
1619 3347 1736 3418 scinco

343 3469 557 3544 Vorrecbtco.
1771 3483 1805 3537 25

491 3629 569 3704 orta.
582 3637 663 3705 Pcrp.
683 3636 872 3690 Stactacrchic
886 3636 1067 3705 Kdnipabcrp.
1086 3633 1221 3687 Blcibulle
1239 3651 1277 3686 an
1292 3632 1454 3701 roth-palbcr
1468 3631 1669 3685 Scidcnacbnur
1687 3647 1737 3683 an·

438 3722 563 3791 pelrdnyt.
593 3722 657 3775 Dua
674 3724 838 3792 Perpament
855 3722 917 3776 salar
934 3720 1089 3787 acltadbust.
1120 3719 1176 3772 Dic
1193 3717 1306 3772 Liiclcea
1323 3719 1387 3773 sind
1405 3724 1517 3788 erprirwt
1538 3735 1590 3772 aas
1608 3718 1668 3771 dem
1688 3717 1736 3772 00-

332 3856 336 3864 .
436 3808 563 3877 pierium
586 3810 635 3863 der
661 3808 928 3878 Ordenapririlepien
945 3810 980 3862 A.
1006 3812 1040 3860 18
1063 3806 1126 3859 Fol.
1154 3804 1318 3859 CXXXIV
1339 3822 1391 3859 uus
1419 3806 1478 3859 dcta
1496 3804 1614 3873 Ansunp
1630 3804 1678 3858 dea
1697 3808 1738 3858 15.

440 3895 645 3949 Jatrnundera
663 3895 855 3949 Stuolsurcbin
872 3894 1054 3964 Keniqsberp.

492 4014 605 4070 Druck:
624 4017 730 4085 Dreper
751 4017 841 4071 Codes
859 4017 884 4083 1,
904 4021 955 4070 108
972 4015 1042 4069 uncle
1060 4014 1159 4068 diesem
1180 4012 1342 4081 Gopiurium
1362 4013 1457 4077 (mod.
1476 4013 1630 4080 Proteus).
1652 4011 1739 4079 mjtr
1774 4012 1809 4067 30

443 4101 533 4157 Codex
551 4103 613 4170 III,
633 4109 657 4169 1,
678 4107 737 4157 422.
756 4103 870 4157 Bethlem
884 4103 977 4157 Geacb.
991 4101 1173 4169 Duratcllunp
1190 4104 1233 4153 85.
1253 4099 1376 4154 Sebuller
1388 4099 1527 4166 ArcbiuI,
1544 4103 1604 4153 228.
1627 4097 1740 4152 Teutscb

440 4206 467 4242 u.
487 4188 647 4243 Firnbabcr
666 4188 737 4243 Sieb.
760 4190 842 4245 Urltb.
862 4191 947 4256 1,19.
978 4188 1161 4242 Densuaianu
1180 4187 1346 4240 Documente
1367 4189 1408 4240 76.

496 4309 608 4379 licceat:
626 4310 753 4365 Potibaet
771 4310 888 4380 Reperio
906 4310 959 4364 Nr.
978 4314 1055 4364 6903.

493 4484 658 4549 Honorius
687 4487 855 4570 episcopus
885 4506 998 4550 servus
1028 4504 1194 4548 servorum
1224 4483 1275 4546 dei
1298 4482 1420 4545 dilectis
1441 4480 1515 4544 filiis
1537 4481 1687 4563 magistro
1711 4487 1743 4544 et

338 4587 489 4651 iratribus
518 4588 632 4652 domus
661 4596 788 4654 sanctae
810 4591 928 4654 Mariae
950 4589 1215 4653 Theotonicorum
1245 4585 1519 4650 Jerosolimitunae
1546 4584 1680 4647 salutem
1710 4590 1743 4647 et
1777 4590 1811 4643 35

339 4691 543 4774 apostolicam
559 4690 819 4758 benedictionem
843 4694 958 4758 Cuma
974 4695 1067 4757 nubis
1085 4693 1204 4778 petitur
1221 4690 1306 4773 quod
1322 4689 1442 4752 iustum
1463 4694 1511 4752 est
1526 4696 1558 4751 et
1573 4688 1742 4751 honestum

340 4802 408 4860 tum
438 4797 529 4880 vigor
559 4798 727 4880 aequitatis
760 4819 856 4880 quam
883 4799 961 4861 ordo
992 4799 1092 4882 erigit
1120 4794 1261 4875 rationis,
1291 4799 1328 4856 ut
1349 4793 1381 4854 id
1411 4812 1469 4875 per
1498 4791 1744 4855 sollicitudinem

340 4898 435 4963 officii
456 4901 558 4964 nostri
581 4902 621 4964 ad
644 4901 785 4966 debitum
813 4901 1008 4985 perducatur
1029 4900 1183 4965 effectum
1218 4898 1300 4962 Sane
1331 4898 1361 4958 in
1393 4896 1568 4979 privilegiis
1590 4894 1742 4959 carissimi

339 5005 373 5066 in
397 5004 521 5068 Christo
543 5004 600 5067 filii
623 5006 723 5068 nostri
745 5006 893 5069 Andreae
922 5007 1006 5088 regis
1028 5005 1232 5086 Vngarorum
1258 5001 1391 5064 illustris
1416 5001 1639 5083 perspeximus
1660 4999 1744 5061 iuter

340 5114 446 5172 cetera
466 5109 631 5189 contineri,
662 5109 747 5191 quod
778 5110 845 5192 ipse
869 5111 1029 5191 quandam
1057 5114 1173 5173 terrani
1202 5106 1331 5169 nomine
1353 5104 1459 5167 Burza
1488 5108 1564 5166 tunc
1587 5103 1743 5165 desertam
1778 5107 1814 5161 40

341 5217 374 5275 et
402 5212 607 5276 inhabitatam
638 5213 730 5277 vobis
757 5214 888 5276 donavit
915 5213 1034 5276 intuitu
1062 5211 1187 5294 pietatis
1217 5215 1370 5291 perpetuo
1393 5206 1491 5270 libere
1514 5205 1744 5291 possidendam,

341 5315 545 5379 concedendo
568 5317 774 5381 nihilominus
796 5317 896 5399 vobis,
919 5322 955 5379 ut
977 5314 1004 5378 si
1027 5333 1141 5377 aurum
1164 5313 1215 5377 vel
1234 5317 1401 5394 argentum
1423 5311 1457 5373 in
1479 5310 1640 5393 praedicta
1661 5314 1746 5372 terra

341 5420 511 5504 contigerit
531 5422 672 5505 reperiri,
696 5442 761 5485 una
782 5442 855 5506 pars
874 5422 913 5484 ed
928 5420 1052 5503 regium
1074 5417 1187 5481 fiscum
1205 5416 1370 5499 pertineat,
1392 5414 1516 5495 reliqua
1538 5432 1614 5478 vero
1631 5412 1746 5476 vestris
