4064 6288
879 562 1035 659 „ll-⁷„

913 752 1003 835 222.

339 917 569 989 Groa1287
593 915 781 988 naenia
812 922 845 986 6.
873 915 1110 1003 1166666166,
1138 914 1351 1003 Erabbcbos
1368 937 1433 986 con
1464 913 1574 1001 Gran,
1602 913 1655 985 be

254 1039 412 1132 61666161
438 1039 493 1111 die
519 1036 683 1110 Urtande
709 1037 768 1108 dea
793 1035 939 1128 Papetav
964 1035 1142 1110 Honorius
1168 1035 1237 1108 IV.
1265 1038 1466 1108 66111287
1493 1034 1559 1106 Nr.
1580 1037 1657 1105 215

256 1161 332 1233 arad
356 1161 419 1233 der
444 1159 642 1232 Kardindte
671 1160 873 1230 66111287
899 1156 966 1229 Nr.
994 1160 1071 1228 219
1104 1157 1179 1228 666
1203 1156 1402 1248 beoaflrapt
1438 1156 1503 1227 den
1528 1154 1656 1227 616166·

205 1298 222 1351 6
258 1281 459 1373 1166166666
484 1280 638 1369 Bisebof
656 1280 791 1366 Petras,
828 1278 884 1349 die
919 1276 1088 1349 Becmten
1123 1277 1186 1349 der
1210 1278 1366 1369 Kiiniyin
1392 1270 1571 1348 Elisabeth
1606 1277 1659 1349 bei

258 1400 465 1493 1616666666
491 1402 554 1473 der
579 1401 637 1473 abr
658 1400 843 1492 6611661666
866 1397 1013 1470 Steaern
1038 1398 1113 1470 6116
1137 1397 1230 1470 Zella
1255 1399 1305 1469 im
1330 1397 1484 1470 Distrikt
1509 1397 1658 1469 Betria

257 1545 302 1594 aa
327 1527 570 1595 anterstattaen.

417 1668 492 1739 0116.
512 1670 593 1739 Perp.
612 1667 821 1736 Kapitclarcbie
841 1666 1009 1736 Karleburq.
1045 1664 1134 1735 Siepel
1153 1681 1213 1719 war
1233 1665 1396 1735 6116666661.
1414 1696 1448 1706 -
1466 1666 1545 1721 116611
1562 1665 1594 1718 in
1615 1665 1657 1719 be·

361 1753 517 1824 qlaabiptcr
534 1754 678 1821 Abacbrift
695 1770 748 1807 von
766 1758 835 1808 1769
852 1755 884 1807 in
901 1754 987 1807 einen
1005 1751 1180 1820 Kopialbaeb
1198 1753 1325 1806 daaclbat.

417 1875 529 1930 Dract:
546 1876 663 1930 Katane
681 1874 757 1929 Htat.
775 1874 835 1929 crit.
858 1874 910 1941 Vl,
927 1878 987 1929 936.
1006 1873 1137 1928 86616661
1155 1872 1245 1928 setae
1262 1876 1305 1927 24.
1323 1873 1450 1942 11611666
1467 1873 1553 1942 Legae
1569 1873 1658 1927 caetea

364 1960 409 2029 11,
427 1964 487 2015 486.
516 1960 602 2027 Feje‘r
622 1960 712 2015 06666
734 1960 766 2027 V,
784 1965 810 2027 3,
828 1964 887 2015 964.
910 1960 1022 2015 Teatscb
1039 1978 1066 2014 u.
1086 1960 1247 2014 Firababer
1265 1958 1337 2013 Stet.
1360 1958 1658 2025 6116611666-

363 2046 483 2102 666666
500 2047 667 2102 Docunoente
683 2050 744 2102 469.

417 2168 750 2239 11666611116666661116
773 2172 850 2236 1871,
876 2172 919 2222 89.
943 2168 1046 2222 Knaaa
1063 2168 1245 2222 Monumenta
1268 2167 1313 2235 Il,
1335 2170 1396 2221 224.
1429 2165 1591 2222 1611166161
1614 2165 1660 2219 161

364 2258 442 2324 neae,
459 2259 519 2311 572.

194 2422 228 2475 15
418 2413 603 2479 Venerabili
631 2415 665 2477 in
688 2413 813 2477 Ohn'sto
843 2413 925 2497 patn'
948 2412 1043 2476 Petro
1068 2412 1119 2477 dei
1147 2413 1249 2496 gratia
1277 2414 1424 2498 episcopo
1453 2411 1661 2476 Transiluano

261 2517 362 2581 amico
394 2537 453 2582 suo
475 2518 637 2582 6611661616
659 2516 867 2581 Lodomerius
889 2516 1091 2581 miseratione
1121 2517 1230 2580 divina
1251 2517 1505 2601 archiepiscopus
1533 2522 1660 2580 sanctae

261 2619 489 2705 Strigoniensis
504 2622 654 2686 ecclesiae
669 2621 876 2701 eiusdemque
895 2620 956 2683 loci
979 2640 1085 2684 comes
1106 2627 1290 2705 perpetuus,
1313 2620 1347 2683 in
1362 2620 1421 2683 hac
1435 2625 1524 2704 parte
1546 2641 1566 2684 a
1587 2620 1662 2684 sede

262 2723 434 2808 apostolica
463 2730 496 2788 et
524 2725 666 2788 omnium
690 2724 897 2787 cardinalium
919 2724 1062 2788 eiusdem
1088 2725 1172 2789 sedis
1195 2725 1292 2788 iudex
1315 2724 1487 2807 delegatae,
1516 2731 1661 2789 mutuam

260 2828 293 2890 in
323 2829 452 2891 domino
488 2829 658 2893 cantatam.
692 2828 827 2892 Noverit
860 2835 968 2892 vestra
996 2830 1173 2893 reverenda
1201 2829 1384 2913 paternitas,
1416 2848 1476 2892 nos
1505 2828 1662 2911 recepisse

191 2938 227 2994 20
261 2931 369 2995 literas
399 2931 483 2995 sedis
506 2933 696 3016 apostolicae
719 2938 751 2997 et
773 2933 1004 2996 venerabilium
1025 2938 1154 3016 patrum
1175 2932 1318 2996 eiusdem
1340 2933 1424 2996 sedis
1453 2932 1662 2995 cardinalium

259 3035 292 3098 in
322 3036 400 3100 haec
428 3035 533 3099 verba
570 3035 674 3121 (Falci
702 3036 751 3099 die
788 3033 935 3100 Urkaade
968 3035 1019 3099 das
1049 3035 1175 3118 Papam
1205 3034 1363 3099 Honorius
1391 3033 1415 3097 Ι
1419 3033 1455 3098 V.
1486 3055 1544 3098 von
1572 3035 1662 3097 1287

259 3134 318 3203 Nr.
343 3139 432 3221 215.)
464 3139 546 3203 Item
575 3141 683 3204 literas
705 3139 800 3204 etiam
826 3139 1056 3203 venerabilium
1082 3145 1209 3223 patrum
1231 3146 1341 3205 coetus
1364 3139 1571 3203 cardinalium
1601 3138 1661 3202 sub

261 3241 370 3306 eadem
401 3242 512 3324 torma,
542 3244 649 3309 verbis
682 3248 898 3327 competenter
927 3244 1065 3324 mutatis,
1098 3243 1277 3327 recepimus
1307 3248 1448 3306 tenorem
1478 3242 1662 3306 huiusmodi

261 3346 469 3409 continentes.
499 3343 604 3430 (Folpt
624 3347 674 3409 616
703 3343 851 3410 Urtaade
873 3346 928 3410 der
942 3344 1117 3410 Kardindle
1140 3344 1380 3411 66111287Νν.
1406 3346 1494 3427 219.)
1522 3345 1565 3409 Et
1587 3345 1663 3428 quia

191 3456 227 3511 26
262 3450 392 3513 eaedem
414 3449 522 3513 literae
545 3449 644 3513 lectae
668 3449 963 3533 incongregatione
984 3451 1075 3533 regni
1097 3451 1222 3514 noviter
1243 3449 1350 3513 habita
1372 3469 1446 3513 cum
1467 3468 1592 3512 summa
1613 3467 1663 3511 re-

262 3553 407 3617 verentia
435 3558 512 3617 sunt
533 3560 689 3636 receptae,
718 3553 902 3636 placuitque
923 3555 1127 3618 universitati
1152 3553 1367 3639 praelatorum
1389 3554 1533 3616 omnium
1555 3552 1663 3615 61116-

262 3676 379 3721 nonum
409 3676 535 3721 necnon
564 3662 597 3720 61
626 3655 782 3719 nobilium
811 3657 922 3720 Budae
952 3658 1221 3739 convenientium,
1252 3663 1289 3720 61
1319 3656 1379 3739 1661
1408 3662 1584 3739 proventus
1613 3674 1663 3718 re·

262 3761 384 3845 ginales
407 3766 471 3825 tam
494 3762 528 3823 in
550 3758 793 3825 tricesimalibus
814 3759 893 3823 locis
916 3779 1012 3842 qnam
1034 3760 1068 3823 in
1090 3760 1217 3825 teloniis
1239 3765 1272 3824 61
1293 3758 1430 3840 tributis,
1461 3758 1609 3822 censibus
1632 3763 1664 3822 et

262 3865 407 3948 terragiis
438 3864 531 3928 iuxta
551 3865 641 3948 regni
664 3863 930 3927 consuetudinem
956 3862 1169 3947 approbatam
1201 3863 1373 3927 caiatiam
1394 3862 1524 3927 eaedem
1552 3862 1663 3926 literae

192 3975 228 4029 30
263 3969 348 4033 sedis
370 3968 559 4053 apostolicae
581 3974 614 4032 61
636 3967 845 4031 cardinalium
867 3967 1036 4048 inituntur,
1059 3967 1143 4030 sicut
1165 3971 1257 4029 tenor
1279 3985 1389 4030 earum
1410 3967 1551 4031 insertus
1573 3985 1663 4049 prae·

263 4070 407 4135 sentibus
429 4071 618 4152 manifestat,
642 4071 778 4135 debeant
796 4089 869 4133 cum
891 4071 1072 4154 integritate
1095 4070 1164 4134 6166
1179 4070 1428 4134 contradictione
1445 4068 1586 4152 qualibet
1606 4088 1664 4133 ex-

263 4173 372 4255 hiberi,
401 4182 434 4239 et
456 4176 608 4256 quoniam
630 4174 772 4239 eiusdem
795 4181 1014 4238 sacrosanctae
1037 4174 1122 4237 sedis
1152 4181 1183 4237 et
1205 4173 1435 4237 venerabilium
1457 4178 1585 4256 patrum
1607 4172 1663 4235 do-

262 4278 422 4341 minorum
438 4277 645 4342 cardinalium
661 4278 847 4342 mandatum
862 4278 981 4361 pariter
995 4282 1027 4340 et
1041 4282 1245 4360 praeceptum
1258 4296 1331 4340 cum
1346 4296 1471 4339 summa
1484 4276 1665 4340 reverentia

263 4387 296 4444 et
325 4377 521 4465 exact[ri]cia
542 4384 693 4466 prosequi
715 4387 931 4466 6666661161Ί
961 4382 1109 4463 exigente
1131 4380 1192 4444 1166
1212 4381 1319 4464 ipsum
1345 4381 1488 4445 eiusdem
1518 4380 1664 4445 dominae

195 4493 229 4546 35
263 4483 435 4567 Elisabeth,
464 4485 516 4549 dei
545 4487 647 4570 gratia
675 4486 809 4550 illustris
839 4486 967 4568 reginae
995 4483 1182 4568 Hungariae
1211 4484 1334 4548 iustitia
1354 4485 1536 4549 manifestat
1559 4502 1664 4566 neque

266 4587 396 4670 aliquid,
420 4589 506 4670 qnod
529 4590 674 4653 venustis
697 4588 766 4653 eius
787 4589 931 4653 moribus
953 4593 986 4652 et
1008 4587 1134 4652 eximiis
1156 4588 1288 4671 actibus,
1318 4589 1414 4652 immo
1437 4590 1546 4652 verius
1568 4606 1665 4652 vene-

265 4690 373 4755 rabilis
395 4693 479 4756 vitae
501 4692 702 4777 passionibus
725 4693 830 4757 valeat
851 4693 1010 4776 imputari,
1040 4691 1210 4755 amicitiam
1234 4697 1372 4756 vestram
1398 4692 1551 4756 duximus
1573 4690 1665 4754 affec-

266 4797 390 4860 tuosius
421 4795 653 4878 requirendam,
683 4797 870 4861 auctoritate
893 4796 978 4860 sedis
1004 4795 1195 4879 apostolicae
1221 4795 1404 4880 paternitati
1435 4800 1559 4859 vestrae
1589 4815 1665 4859 con·

264 4896 400 4963 fidenter
432 4918 506 4962 curn
539 4899 720 4962 reverentia
752 4900 969 4983 imponentes,
1003 4904 1163 4981 quatenus
1197 4918 1313 4963 census
1347 4906 1379 4963 et
1410 4898 1530 4962 tributa
1563 4898 1666 4962 eidem

195 5007 232 5061 40
266 5001 412 5066 dominae
435 5003 563 5085 reginae
584 5003 806 5086 provenientia
826 5003 861 5065 in
884 5003 1030 5067 districtu
1053 5003 1092 5067 de
1114 5003 1274 5084 Bezterce‚
1302 5009 1366 5066 tam
1388 5001 1422 5064 in
1445 5001 1547 5084 eapite
1570 5019 1666 5082 quam

264 5105 298 5167 in
328 5105 479 5169 membris
507 5104 741 5190 pertinentibus
770 5107 810 5170 ad
833 5106 960 5171 eosdem
983 5106 1108 5171 611616
1138 5107 1245 5170 omnia
1266 5126 1303 5169 ac
1333 5105 1462 5187 tributa,
1492 5103 1666 5168 monitione

264 5209 438 5293 praemissa
466 5215 499 5273 et
518 5209 704 5272 inductione
734 5208 889 5292 paternali
911 5208 1102 5292 praehabita
1132 5208 1321 5274 officialibus
1347 5209 1490 5274 eiusdem
1520 5208 1667 5272 dominae

265 5313 393 5395 reginae
422 5312 576 5376 latoribus
605 5313 822 5396 praesentium
853 5331 1024 5395 procurare
1047 5313 1152 5376 velitis
1173 5313 1370 5397 integraliter
1400 5333 1475 5376 cum
1505 5311 1668 5395 diligentia

265 5415 429 5500 paternali,
459 5415 707 5480 contradictores
738 5416 765 5480 61
788 5414 844 5498 qui
866 5415 987 5481 fuerint
1017 5417 1205 5481 auctoritate
1227 5417 1312 5481 sedis
1341 5417 1484 5481 eiusdem
1505 5435 1564 5501 per
1593 5434 1667 5480 cen·
