4106 6294
925 616 1080 712 ...2.θὲ-

456 801 621 867 lohannes
642 804 843 886 praepositus
866 802 1049 870 Colocensis
1071 812 1102 869 et

456 905 477 969 J
480 906 622 971 ohannes
643 912 755 970 cantor
778 908 943 972 Budensis.

459 1009 520 1086 Qui
537 1031 648 1075 omnes
671 1016 768 1075 testes
783 1012 862 1075 iussi
877 1032 896 1075 a
911 1013 994 1076 dicto
1010 1013 1139 1076 domino
1160 1012 1305 1075 auditore
1327 1013 1515 1076 iuraverunt
1537 1014 1578 1077 ad
1593 1021 1703 1078 sancta

303 1113 353 1177 dei
376 1114 541 1197 evangelia
570 1116 775 1198 corporaliter
803 1122 887 1179 taeta
916 1136 1013 1200 00000
1043 1116 1135 1179 dictis
1164 1115 1307 1179 articulis
1338 1115 1441 1180 dicere
1464 1117 1630 1181 veritatem
1655 1138 1703 1181 re-

250 1226 266 1277 0
302 1217 396 1280 motis
420 1218 501 1298 odio,
524 1237 640 1301 amore,
664 1238 766 1303 prece,
790 1220 891 1304 pretio
915 1227 947 1284 01
970 1221 1091 1284 timore.

457 1321 537 1386 Item
554 1323 665 1386 eodem
681 1324 732 1387 die
748 1330 821 1388 ante
837 1324 961 1388 tertiam
973 1325 1007 1386 in
1019 1323 1703 1408 0000001100(101010100111001010000100

300 1431 488 1508 procurator
510 1427 691 1510 praedictus
712 1428 867 1511 produxit
888 1448 994 1492 coram
1025 1428 1108 1490 dicto
1132 1427 1261 1489 domino
1284 1426 1428 1490 auditore
1458 1416 1702 1513 infrascriptos

301 1534 397 1593 testes
413 1549 519 1592 coram
542 1550 580 1594 00
595 1537 787 1615 praesentes,
809 1538 922 1616 potens
945 1551 999 1595 eos
1022 1537 1059 1595 01
1081 1550 1187 1613 supra
1214 1550 1351 1612 quorum
1375 1531 1595 1595 nominasent
1617 1534 1701 1596 haec.

458 1633 569 1698 Gallus
591 1636 791 1719 praepositus
814 1635 1016 1699 Chasmensis
1038 1643 1070 1698 et
1731 1638 1873 1693 Aliitestes

232 1746 266 1798 10
456 1736 636 1821 Stephanus
658 1740 859 1823 praepositus
880 1739 1134 1824 Vesprimiensis.
1745 1733 1851 1849 (1033ss

456 1839 517 1917 Qui
541 1841 605 1905 duo
628 1848 726 1906 testes
756 1844 834 1906 iussi
857 1844 1000 1907 similiter
1026 1862 1045 1904 a
1074 1842 1158 1904 dicto
1182 1842 1310 1904 domiuo
1337 1843 1482 1906 auditore
1504 1844 1700 1915 iuraverunt,
1853 1838 1859 1848 '

302 1948 337 2005 ut
365 1943 419 2006 alii
447 1946 594 2027 proxime
625 1947 787 2029 nominati,
817 1957 984 2031 praesente
1015 1946 1165 2028 magistro
1192 1945 1338 2028 Philippo
1369 1953 1573 2028 procuratore
1603 1949 1701 2030 partis

301 2047 453 2112 adversae
483 2054 515 2113 et
536 2055 733 2134 protestante
762 2070 799 2113 ac
822 2051 955 2132 dicente,
986 2048 1165 2133 praedictos
1188 2055 1284 2113 testes
1313 2050 1436 2113 admitti
1460 2056 1493 2114 01
1514 2052 1612 2135 recipi
1634 2072 1699 2115 non

301 2150 425 2234 debere,
456 2158 488 2217 et
509 2159 587 2235 esto,
619 2153 704 2234 quod
735 2154 943 2218 admittantur
966 2162 998 2218 et
1021 2154 1223 2236 recipiantur,
1255 2154 1340 2235 quod
1364 2155 1423 2218 sibi
1450 2156 1580 2220 nomine
1602 2157 1701 2240 partis

232 2264 265 2317 15
301 2275 377 2319 suae
408 2276 472 2319 uon
502 2257 706 2340 praeiudicet
739 2278 812 2321 cum
843 2278 883 2321 ex
911 2258 1045 2321 adverso
1076 2256 1272 2320 sufficienter
1301 2257 1484 2340 probaverit
1506 2260 1588 2341 talia,
1619 2279 1701 2342 qnae

300 2360 479 2443 impediunt
500 2360 562 2442 1110,
596 2380 678 2442 quae
701 2362 835 2444 probare
858 2363 970 2425 nititur
987 2361 1151 2444 Vagnolus
1174 2361 1363 2444 praedictus,
1387 2368 1582 2445 protestante
1605 2364 1701 2427 etiam

301 2483 411 2528 omnes
434 2483 509 2528 suas
524 2466 730 2548 exceptiones
753 2466 811 2529 sibi
829 2466 933 2529 salvas
956 2466 1025 2528 fore
1040 2471 1106 2528 tam
1121 2470 1232 2528 contra
1248 2465 1333 2548 ipsos
1348 2470 1455 2545 testes,
1479 2485 1573 2547 quam
1590 2472 1701 2530 contra

301 2567 384 2631 dicta
397 2586 518 2648 eorum,
531 2574 563 2632 et
577 2569 684 2632 statim
698 2569 853 2652 produxit
866 2569 1154 2652 interrogatorum,
1170 2570 1347 2632 secundum
1363 2570 1448 2650 quod
1464 2571 1701 2653 interrogentur

299 2671 376 2734 dicti
397 2676 503 2753 testes,
534 2673 561 2735 si
582 2674 742 2755 recepturi
777 2673 850 2755 sint,
881 2692 978 2757 super
1007 2671 1149 2735 articulis
1171 2673 1362 2755 memoratis,
1393 2673 1476 2736 dieto
1499 2673 1643 2756 Vagnolo
1666 2674 1700 2736 in

229 2782 265 2837 20
301 2775 451 2838 omnibus
473 2781 506 2839 et
527 2777 706 2860 peremnia
728 2778 761 2839 in
777 2778 970 2842 contrarium
987 2781 1192 2860 protestante,
1215 2795 1252 2839 ac
1275 2784 1402 2860 petente
1425 2777 1463 2839 ad
1487 2778 1699 2859 receptionem

300 2885 333 2942 01
355 2881 624 2944 examinationem
647 2881 803 2945 dictorum
827 2882 955 2946 testium
978 2881 1100 2944 iustitia
1121 2881 1281 2944 mediante
1303 2881 1440 2965 procedi.

454 2983 535 3049 Item
557 2986 669 3049 eodem
692 2986 743 3049 die
766 2992 798 3049 ot
819 2987 853 3048 in
875 2986 986 3049 eodem
1009 2984 1127 3048 iudicio
1151 2985 1255 3048 dictus
1271 2985 1420 3068 magister
1441 2984 1607 3068 Philippus
1626 3005 1699 3069 000-

299 3087 393 3151 duxit
423 3093 489 3151 tres
523 3088 629 3153 literas
660 3074 806 3172 00100100
839 3088 991 3172 sigillatas
1024 3088 1135 3171 sigillis
1165 3109 1184 3151 0
1214 3095 1302 3171 tergo
1337 3089 1375 3151 ad
1410 3087 1700 3151 corroborationem

298 3192 537 3255 attestationum
568 3192 699 3256 testium
732 3193 961 3275 productorum
993 3204 1025 3255 et
1055 3197 1254 3274 receptorum
1289 3211 1389 3275 super
1422 3192 1610 3275 exceptione
1641 3211 1700 3254 sua

229 3301 263 3357 20
300 3295 467 3377 praedicta.
500 3294 642 3372 Quarum
664 3295 828 3359 literarum
852 3303 945 3359 tenor
968 3295 1040 3358 talis
1062 3302 1118 3358 est

190 3381 196 3391 ⁴
452 3399 520 3464 Nos
535 3400 700 3463 Emericns
722 3400 925 3463 0110000110οθ
948 3399 1057 3462 divina
1078 3399 1246 3482 episcopus
1262 3399 1467 3463 Varadiensis
1482 3405 1593 3463 tenore
1607 3419 1698 3483 prae-
1747 3397 1851 3451 merae

298 3503 437 3566 sentium
461 3502 578 3585 quibus
601 3503 732 3586 expedit
754 3502 969 3587 significamus
987 3503 1154 3584 0011000010,
1177 3503 1263 3584 quod
1279 3523 1353 3566 cum
1369 3503 1518 3567 dominus
1533 3503 1698 3567 Ladislaus
1725 3474 1871 3622 mm&

297 3606 435 3670 vaivoda
455 3606 701 3671 Transsiluauus
728 3612 761 3670 et
790 3625 896 3670 comes
925 3607 964 3670 de
987 3606 1100 3669 Zonulx
1130 3626 1187 3689 per
1217 3608 1476 3671 communitatem
1507 3607 1547 3671 de
1574 3607 1696 3671 Cibinio
1737 3630 1857 3699 capitulo.

297 3710 509 3775 mediantibus
530 3710 631 3774 literis
646 3711 759 3774 1010001
781 3711 963 3773 admonitus
985 3716 1171 3792 01οο00100,
1196 3716 1232 3774 01
1246 3710 1465 3774 sacerdotibus
1489 3712 1528 3774 de
1544 3710 1700 3774 decanatu

228 3820 264 3875 30
298 3813 337 3877 de
359 3814 457 3878 Sebes
487 3821 519 3878 01
549 3815 588 3879 de
616 3814 686 3877 aliis
716 3813 923 3878 decanatibus
944 3813 1189 3877 Γ11000001100000
1220 3814 1354 3878 diocesis
1383 3815 1422 3878 ad
1451 3814 1638 3878 exeundum
1659 3814 1699 3878 ad

298 3918 462 3981 dominum
490 3917 632 4001 legatum
660 3937 718 4001 per
747 3936 842 3981 suum
873 3918 1067 4000 territorium
1090 3918 1175 3981 riam
1206 3918 1296 3981 daret
1324 3916 1456 3982 liberam
1486 3925 1519 3982 01
1546 3936 1699 3999 securam,

297 4021 380 4085 idem
411 4021 560 4085 dominus
584 4020 719 4084 vaivoda
749 4020 935 4104 petitionem
964 4022 1110 4105 ipsorum
1139 4021 1266 4085 admisit
1295 4025 1327 4085 01
1352 4023 1516 4086 concessit
1562 4021 1699 4105 Insuper

296 4124 509 4189 mediantibus
540 4125 607 4189 suis
633 4124 734 4188 literis
756 4143 814 4209 per
835 4144 927 4188 suam
950 4130 1095 4188 tenutam
1117 4129 1149 4187 et
1171 4123 1248 4187 alias
1270 4145 1289 4187 a
1311 4124 1473 4207 quindena
1495 4126 1596 4188 sancti
1616 4124 1700 4188 Mar-

296 4229 356 4292 tini
374 4228 595 4307 contessoris1)
617 4247 743 4312 semper
757 4228 833 4293 iecit
854 4228 981 4312 publice
1004 4228 1202 4311 proclamari,
1226 4232 1262 4291 ut
1278 4227 1410 4308 quilibet
1426 4234 1618 4293 mercatores
1641 4248 1698 4293 seu

227 4338 262 4393 30
296 4333 441 4396 homines
463 4330 635 4397 0010011101
656 4332 848 4396 conditionis
870 4350 928 4415 per
950 4350 1041 4394 suam
1064 4336 1208 4395 tenutam
1231 4330 1329 4395 libere
1352 4337 1515 4395 transeant
1530 4338 1562 4396 et
1579 4351 1700 4414 secure,

297 4435 440 4519 quolibet
470 4435 593 4498 timoris
623 4435 757 4498 articulo
786 4435 962 4519 postposito
992 4456 1029 4497 00
1053 4435 1200 4517 relegato,
1231 4442 1263 4499 et
1286 4436 1345 4497 boc
1373 4434 1406 4496 in
1428 4435 1551 4498 animas
1573 4441 1700 4499 nostras

297 4540 432 4604 dicimus
453 4539 665 4623 protestando.
697 4538 815 4603 Datum
832 4539 952 4621 Budae,
976 4545 1069 4602 sexta
1090 4538 1169 4601 10010
1190 4539 1338 4622 proxima
1359 4544 1433 4602 ante
1456 4538 1573 4602 festum
1597 4540 1699 4602 sancti

296 4643 453 4709 lobannis
474 4642 663 4727 baptistae.²)

452 4747 543 4811 Item.

226 4856 261 4913 40
450 4850 519 4915 Nos
548 4850 743 4914 Benedictus
773 4850 882 4913 divina
911 4850 1114 4915 miseratione
1145 4850 1312 4934 episcopus
1343 4850 1571 4915 Chenadiensis
1601 4852 1698 4934 signi·

294 4955 427 5019 ficamus
458 4954 617 5018 universis
647 4953 766 5037 quibus
795 4955 926 5037 expedit
956 4960 1138 5038 praesentes
1160 4952 1268 5017 literas
1290 4955 1490 5037 inspecturis,
1523 4955 1609 5038 quod
1631 4974 1699 5035 nos,

297 5060 351 5141 qui
375 5057 514 5122 confinia
533 5077 606 5121 cum
620 5057 855 5121 Transsilnanis
877 5057 1021 5140 partibus
1043 5056 1205 5136 habemus,
1227 5076 1287 5120 nec
1310 5076 1351 5121 ex
1375 5058 1459 5122 fama
1482 5058 1617 5143 publica,
1640 5078 1699 5121 nec

295 5183 337 5229 ex
359 5163 505 5247 personis
532 5161 777 5245 particularibus
803 5161 1020 5225 intelleximus
1050 5178 1206 5242 umquam
1231 5160 1327 5244 aliud
1359 5181 1454 5243 quam
1483 5162 1569 5244 quod
1596 5162 1700 5225 omnis

295 5266 390 5331 homo
413 5266 481 5330 sive
504 5266 640 5330 clericus
663 5266 731 5330 sive
747 5266 848 5328 laicus
863 5264 1049 5328 transeundi
1073 5283 1129 5347 per
1149 5284 1275 5328 omnem
1295 5270 1413 5328 terram
1428 5266 1546 5329 domini
1562 5264 1701 5330 ladislai

464 5370 555 5379 -οη

226 5404 260 5457 ta
454 5406 474 5471 ¹)
492 5401 643 5456 lt'ooember
660 5404 703 5455 25.

453 5492 475 5557 ¹)
492 5488 565 5544 Jaai
582 5493 626 5543 20.
