4064 6288
969 601 1125 697 —1-09—

343 788 567 853 Henchmanni
586 790 706 854 11111111
727 789 812 854 ffliae
836 809 912 854 suae
927 789 1124 874 Margaretae
1140 791 1284 854 vendidit
1299 790 1385 867 has1)
1404 791 1622 874 possessiones
1637 791 1746 855 comiti

343 892 483 957 Henrico
499 892 564 956 filio
580 893 746 956 Brendlini
762 900 794 957 et
809 894 876 957 suis
896 894 1065 958 heredibus
1081 895 1274 958 heredumve
1291 894 1528 958 successoribus
1543 913 1600 976 pro
1616 900 1745 956 centum

343 1000 376 1059 et
406 997 640 1080 quinquaginta
660 997 691 1058 V
713 998 828 1061 marcis
857 997 1018 1061 fulmmati
1047 998 1170 1081 argenti
1201 1017 1275 1061 curn
1304 999 1444 1082 pondere
1474 999 1513 1061 de
1537 998 1657 1079 Rodna,
1687 1017 1745 1081 pro

343 1097 557 1185 nec[essi]tate
581 1106 613 1164 11
631 1100 800 1181 solutione,
824 1121 920 1184 quarn
936 1120 1043 1165 comes
1058 1102 1162 1165 Rotho
1185 1103 1313 1166 domino
1332 1104 1399 1185 regi
1418 1122 1476 1186 pro
1499 1100 1603 1163 officio
1621 1100 1746 1163 solvere

343 1204 520 1268 tenebatur.
543 1204 682 1268 Nomina
696 1224 772 1269 vcro
787 1206 929 1289 ipsarum
944 1206 1183 1290 possessionum
1197 1207 1275 1270 haec
1290 1212 1375 1287 sunt,
1391 1205 1493 1288 primo
1509 1205 1606 1268 turris
1621 1204 1746 1288 lapidea
1780 1214 1796 1265 ἴ)

343 1313 376 1372 11
397 1308 511 1372 domus
541 1308 647 1392 lignea
677 1309 762 1392 apud
785 1310 899 1372 turrim
922 1315 954 1373 et
976 1310 1097 1372 cunam
1119 1309 1395 1373 circummunitam
1426 1328 1500 1371 oum
1522 1309 1632 1390 fundo,
1663 1309 1746 1372 sicut

344 1413 506 1494 qnondam
517 1432 623 1477 comes
634 1412 887 1477 Henchmannns
899 1412 1048 1497 possedit,
1063 1412 1140 1476 item
1152 1413 1370 1477 molendinum
1387 1412 1471 1475 ultra
1482 1431 1598 1494 aquam
1610 1412 1746 1475 Zhomos

343 1536 417 1581 cum
441 1517 527 1581 omni
550 1515 696 1599 utilitate,
726 1517 810 1581 sicut
831 1518 893 1580 fuit
914 1517 1039 1580 comitis
1060 1516 1293 1597 Henchmanni,
1323 1517 1400 1580 item
1422 1535 1527 1579 casam
1549 1515 1746 1599 integraliter

343 1627 377 1686 et
397 1622 477 1685 duas
499 1622 605 1685 curias
627 1626 659 1685 et
682 1639 792 1684 omnes
807 1639 900 1703 agros
922 1619 982 1683 snb
1005 1626 1118 1701 castro,
1142 1640 1223 1703 quos
1245 1620 1285 1683 ad
1308 1620 1455 1683 comitem
1477 1618 1744 1683 Henchnrannum

343 1726 494 1789 novimus
516 1725 683 1808 pertinere,
713 1725 790 1788 item
811 1723 931 1787 medias
957 1730 1064 1807 partes
1086 1724 1209 1807 argenti
1231 1723 1412 1786 fodinamm
1434 1722 1579 1803 undique
1600 1722 1743 1785 locorum
1781 1730 1813 1784 10

345 1849 425 1912 quas
440 1829 480 1893 ad
495 1829 643 1892 comitem
665 1827 845 1891 Rothonem
868 1828 1018 1891 novimus
1039 1828 1206 1911 pertinere.
1229 1827 1297 1890 Has
1319 1845 1396 1889 vero
1416 1826 1634 1908 possessiones
1655 1846 1745 1910 prae·

344 1933 524 1998 nominatas
557 1951 663 1996 comes
696 1930 800 1994 Rotho
834 1937 867 1995 et
900 1950 1011 1994 omnes
1044 1931 1094 1993 sui
1128 1931 1356 2013 consanguinei
1389 1934 1422 1993 et
1454 1929 1587 1993 heredes
1620 1930 1745 1993 comitis

343 2036 566 2101 Henohmanni
589 2041 621 2100 11
642 2035 708 2099 filia
729 2056 788 2099 sua
809 2034 988 2118 Margareta
1016 2054 1122 2099 coram
1146 2033 1238 2097 nobis
1261 2040 1294 2097 11
1315 2034 1393 2096 viris
1414 2032 1571 2116 religiosis
1593 2033 1745 2097 iratribus

343 2140 524 2204 Minoribus
554 2146 586 2204 11
608 2140 737 2203 domino
760 2140 901 2203 cruciato
910 2139 932 2215 ²)
962 2139 1059 2201 fratre
1082 2137 1210 2201 Detrico
1236 2138 1335 2201 libere
1365 2143 1397 2201 et
1419 2136 1607 2200 hereditarie
1637 2139 1745 2201 comiti

343 2244 483 2309 Henrico
512 2244 578 2307 filio
608 2243 775 2307 Brendlini
804 2250 836 2307 et
862 2244 929 2306 suis
954 2243 1125 2306 heredibus
1155 2242 1348 2304 heredumve
1377 2241 1616 2304 successoribus
1645 2243 1744 2325 rosig-
1780 2252 1813 2303 15

343 2354 505 2412 naverunt
533 2349 604 2412 iure
633 2353 788 2431 perpetuo
817 2346 987 2429 possidere,
1018 2347 1077 2408 hoc
1107 2352 1214 2409 autem
1236 2346 1358 2408 adiecto
1387 2345 1473 2427 quod
1503 2364 1609 2409 comes
1631 2346 1745 2409 Hench

344 2472 404 2517 nec
427 2454 478 2517 sui
499 2453 632 2517 heredes
654 2469 751 2534 super
771 2450 911 2531 reliquas
933 2450 1151 2532 possessiones
1173 2456 1205 2512 11
1227 2449 1359 2512 heredes
1381 2449 1506 2511 comitis
1522 2449 1746 2512 Henchmanni

344 2557 466 2621 nullam
483 2555 715 2639 querimoniam
734 2554 857 2637 possint
879 2572 938 2616 nec
953 2553 1089 2618 debeant
1108 2572 1304 2636 promovere,
1324 2553 1400 2634 quia
1422 2552 1505 2614 sicut
1519 2551 1635 2615 dicitur
1658 2553 1745 2633 qnod

344 2660 429 2723 idem
449 2679 555 2724 comes
569 2659 822 2723 Henohmannus
844 2658 1012 2742 pecuniam
1027 2656 1140 2720 Henoh
1163 2657 1287 2719 comitis
1308 2655 1366 2718 filii
1379 2654 1545 2718 Brendlini
1565 2657 1744 2740 recepisset.

344 2763 433 2827 Haec
449 2765 556 2826 omnia
576 2763 660 2826 inter
681 2763 768 2846 ipsos
790 2768 927 2844 utraque
945 2767 1035 2845 parte
1054 2766 1131 2825 sunt
1149 2760 1304 2841 abnegata
1326 2765 1358 2822 et
1379 2758 1606 2842 perpetualiter
1628 2761 1744 2843 sedata,
1780 2767 1815 2821 20

346 2887 429 2949 quae
452 2886 629 2949 numquam
657 2868 798 2931 seriatim
820 2866 938 2930 debent
959 2866 1110 2929 revocari.
1144 2864 1212 2927 Nos
1233 2864 1331 2946 igitur
1354 2862 1430 2943 quia
1452 2862 1573 2926 iudices
1596 2869 1629 2926 11
1650 2864 1744 2927 iurati

345 2972 515 3035 autoritate
536 2971 624 3054 regia
645 2989 758 3033 sumus
772 2969 947 3052 constituti,
970 2975 1007 3032 ut
1033 2969 1110 3050 quid
1133 2985 1188 3030 ore
1210 2985 1317 3029 coram
1339 2966 1432 3028 nobis
1447 2966 1598 3047 loquatur
1613 2987 1690 3030 vero
1714 2974 1746 3031 et

346 3075 431 3139 insto
462 3075 643 3139 testimonio
670 3093 735 3137 non
765 3073 958 3156 infringatur
979 3092 1040 3137 neo
1064 3072 1194 3153 infringi
1217 3070 1326 3153 possit,
1356 3089 1452 3154 super
1473 3071 1574 3154 ipsam
1605 3090 1744 3135 conven-

346 3179 467 3242 tionem
489 3184 522 3241 11
543 3178 736 3261 emptionem
758 3177 842 3239 inter
864 3176 995 3239 comites
1009 3175 1185 3238 Henricum
1208 3173 1311 3237 filium
1332 3173 1498 3238 Brendlini
1520 3181 1553 3238 11
1567 3175 1745 3240 Rothonem

345 3288 431 3347 ortas
447 3288 606 3346 eteorum
629 3281 761 3346 heredes
783 3280 978 3345 contulimus
992 3279 1101 3343 literas
1123 3284 1249 3342 nostras
1270 3279 1304 3340 in
1327 3279 1544 3342 testimonium
1563 3279 1623 3342 sub
1638 3280 1743 3343 muni·
1780 3286 1814 3340 25

345 3386 431 3450 mine
463 3385 557 3469 sigilli
588 3385 823 3449 communitatis
853 3385 972 3447 civium
1004 3383 1175 3446 roboratas.
1209 3381 1325 3445 Datum
1357 3383 1390 3444 in
1420 3381 1542 3463 Rodna,
1575 3383 1608 3444 in
1638 3382 1747 3465 vigilia

345 3491 483 3555 Thomas
506 3489 649 3574 apostoli,
671 3509 755 3552 anno
778 3487 817 3551 ab
841 3488 1058 3551 incarnatione
1081 3487 1199 3550 domini
1224 3463 1256 3549 li
1276 3464 1327 3550 0⁰0
1346 3463 1413 3549 nii.
1437 3492 1557 3549 octavo.

1002 3783 1089 3866 na.

425 3951 543 4021 1268.
582 3945 734 4041 Stephon
769 3949 974 4020 1111111111
1008 3948 1150 4020 verleilat
1182 3947 1299 4020 Cornea
1327 3946 1525 4019 Alexander
1552 3948 1623 4034 fiir
1652 3946 1745 4018 scine

345 4072 487 4143 11111
514 4069 762 4161 Scdworadarp
784 4070 978 4161 pclcirtetca
1006 4069 1149 4141 Dieaste
1176 4071 1286 4160 cinips
1312 4070 1551 4159 Besitaanpeu.
1779 4084 1815 4137 30

501 4235 613 4289 Druck:
639 4234 730 4289 Codex
743 4233 857 4302 patrius
880 4233 931 4300 VI,
957 4236 1008 4288 163
1032 4233 1102 4287 uach
1125 4234 1185 4286 dem
1206 4232 1281 4303 Oriq.
1300 4232 1402 4287 Archiv
1425 4232 1474 4285 der
1494 4231 1602 4298 Grasea
1619 4231 1745 4300 Dmpetlr

447 4339 484 4376 aa
502 4321 661 4375 Horuouna.
685 4320 749 4374 Das
770 4318 900 4389 Oripiaal
916 4320 954 4373 ist
971 4337 1010 4373 aa
1026 4320 1165 4374 mehreren
1183 4318 1283 4374 Sallen
1301 4319 1464 4388 beschddipt.

502 4496 683 4581 Stephanus
710 4496 762 4560 dei
792 4496 893 4579 111111
913 4495 1020 4558 iunior
1042 4514 1102 4559 rex
1124 4495 1293 4579 Vngariaa
1322 4495 1392 4558 dux
1412 4493 1666 4575 Transsiluanus,
1688 4493 1745 4556 do·

345 4602 453 4667 minus
475 4601 693 4665 Cumanorum
715 4599 864 4663 omuibus
887 4599 1003 4663 christi
1024 4597 1173 4663 fidelibus
1202 4619 1354 4683 praesens
1376 4599 1530 4683 scripturn
1551 4598 1744 4681 inspecturis

346 4705 482 4771 salutem
511 4706 546 4769 in
577 4705 720 4768 omnium
749 4704 914 4768 salvatore.
937 4702 1025 4767 Licet
1055 4703 1142 4786 regia
1163 4703 1263 4786 pietas
1286 4722 1417 4766 manum
1439 4700 1622 4766 munificam
1643 4701 1744 4784 porri·
1779 4706 1813 4760 35

344 4829 419 4893 gere
448 4808 562 4873 debeat
591 4809 760 4891 universis,
789 4808 861 4871 illos
891 4814 1006 4889 tamon,
1038 4826 1174 4888 quorum
1206 4812 1339 4890 experta
1367 4806 1507 4889 probitas
1537 4804 1666 4868 laudata
1695 4809 1745 4868 est

344 4914 379 4977 in
400 4914 561 4998 prosperis
591 4918 623 4976 et
649 4912 684 4975 in
705 4913 856 4994 adversis
885 4911 1100 4996 principaliori
1123 4910 1218 4975 debet
1239 4910 1389 4994 prosequi
1417 4928 1549 4973 munere
1572 4908 1744 4989 11111111,

345 5022 383 5081 ut
413 5017 466 5081 alii
496 5036 608 5081 eorum
637 5016 793 5100 exemplis
826 5016 953 5080 inritati
984 5015 1025 5078 ad
1057 5014 1218 5079 fidelitatis
1251 5034 1348 5098 opera
1376 5014 1491 5078 fortius
1521 5012 1744 5076 accendantur.

345 5120 485 5185 Proinde
515 5120 555 5184 ad
582 5121 806 5184 universorum
840 5121 986 5183 notitiam
1017 5120 1130 5183 harum
1160 5118 1241 5182 serie
1268 5117 1418 5181 volumus
1446 5118 1623 5201 pervenire,
1657 5114 1744 5196 quod

344 5223 419 5288 licet
443 5223 629 5289 Alexander
657 5243 764 5288 comes
796 5222 836 5287 de
866 5222 1004 5287 Zobolch
1036 5221 1122 5286 filius
1151 5221 1242 5304 Drug
1271 5222 1406 5285 dilectus
1439 5226 1471 5284 et
1503 5219 1607 5283 fidelis
1636 5226 1745 5283 noster
1779 5224 1814 5278 40

502 5396 524 5463 ¹)
546 5393 767 5464 7111111111.

501 5481 523 5548 ¹)
545 5479 678 5551 Varlape:
695 5479 801 5535 crueito.
