4088 6292
993 606 1148 716 -241L

525 811 635 874 Frater
658 810 793 874 Gentilis
815 810 1018 875 miseratione
1042 812 1151 875 divina
1173 811 1257 875 tituli
1280 813 1381 876 sancti
1403 811 1533 875 Martini
1554 811 1589 875 in
1607 812 1772 877 Montibus

368 914 536 995 presbyter
558 914 735 995 6661166116,
765 913 1061 998 apostolicaesedis
1091 914 1214 997 legatus
1238 915 1360 978 dilectis
1382 916 1417 979 16
1440 915 1564 979 Christo
1586 915 1669 998 filiis,
1699 916 1772 979 roli-

368 1018 465 1100 giosis
481 1025 513 1081 et
527 1018 671 1082 discretis
692 1019 770 1082 viris
792 1018 942 1081 iratribus
965 1017 1142 1081 Christiano
1165 1020 1264 1102 priori
1283 1019 1542 1083 Praedicatorum
1565 1020 1604 1084 de
1619 1020 1772 1100 Bysterce

369 1126 401 1185 et
416 1121 512 1185 Petro
535 1122 646 1186 lectori
661 1121 824 1185 Minorum
848 1122 994 1184 ordinum
1015 1122 1055 1185 de
1070 1121 1204 1185 Varasio
1220 1142 1257 1186 66
1280 1123 1430 1205 magistro
1445 1122 1613 1204 Reynoldo
1636 1121 1771 1206 plebano

369 1226 408 1290 de
431 1225 648 1308 Stolzemberg
670 1226 805 1289 salutem
834 1227 867 1288 in
891 1225 1028 1289 domino.
1063 1223 1195 1288 Dudum
1224 1225 1264 1288 ad
1286 1226 1449 1308 petitionis
1470 1226 1653 1290 instantiam
1676 1226 1772 1289 dilec-
1807 1236 1824 1289 1

369 1335 475 1394 torum
497 1330 530 1392 in
554 1330 678 1393 Christo
700 1329 839 1393 filiorum
862 1329 992 1412 capituli
1019 1330 1148 1392 maioris
1169 1330 1325 1393 ‘ecclesiae
1346 1329 1591 1394 Transsiluanae
1612 1330 1773 1414 plebanos,

369 1434 583 1518 presbyteros,
606 1432 738 1497 clericos
760 1439 793 1497 et
815 1434 1039 1497 universitates
1061 1432 1145 1495 16166
1166 1433 1308 1515 scriptas,
1330 1433 1479 1498 videficet
1496 1434 1685 1498 Bertoldum
1706 1433 1773 1518 ple·

370 1537 489 1600 banum
512 1537 551 1600 de
570 1536 747 1600 Keldenich
770 1536 925 1600 decanum
949 1536 988 1599 de
1004 1535 1093 1617 Saba,
1116 1536 1287 1600 Hernicum
1308 1536 1481 1620 plebanum
1503 1539 1542 1601 de
1557 1537 1646 1620 Sebz,
1669 1537 1773 1602 Goda-

370 1640 530 1704 schalcum
554 1641 593 1704 de
615 1640 720 1719 Wina
750 1639 918 1703 Nicolaum
943 1640 982 1704 de
1004 1640 1105 1721 Peyn,
1136 1640 1498 1725 Ρ6616616Κ666166,
1528 1641 1710 1706 Albelmum
1733 1641 1773 1705 16

370 1743 487 1823 06166,
516 1742 682 1807 Danielem
713 1744 752 1807 de
773 1743 869 1824 Ryon
899 1751 932 1807 et
960 1743 1123 1807 11666666
1154 1744 1193 1807 16
1219 1743 1368 1827 Apoldya
1397 1744 1602 1809 ecclesiarum
1633 1750 1772 1809 rectores
1808 1752 1843 1808 10

370 1866 427 1911 seu
449 1847 611 1929 plebanos,
633 1867 670 1911 ac
685 1848 861 1911 Heuricum
879 1848 1035 1911 decanum
1058 1848 1097 1911 de
1112 1847 1239 1931 Spinch,
1261 1848 1441 1912 Johannem
1464 1848 1667 1932 1611666666,
1683 1848 1772 1913 Gun-

370 1951 513 2014 dolinum
547 1951 692 2032 16Ρ166,
722 1951 982 2016 Bartholomeum
1005 1952 1044 2015 de
1069 1952 1379 2035 Wyngartlryrcben,
1409 1953 1586 2017 Heuricum
1613 1952 1773 2017 1611611-

369 2055 470 2137 ludas,
500 2055 657 2119 Jacobum
687 2056 726 2120 16
749 2055 874 2119 166166
895 2056 1049 2120 Turribus
1081 2056 1286 2140 presbyteros
1308 2076 1366 2120 seu
1388 2064 1527 2121 rectores
1549 2077 1587 2120 ac
1616 2057 1773 2121 universi-

372 2166 469 2223 tatem
492 2159 691 2223 sacerdotum
715 2160 888 2223 decanatus
910 2160 1062 2242 eiusdem,
1092 2161 1168 2224 item
1191 2160 1366 2243 capitulum
1388 2160 1598 2244 plebanorum
1620 2160 1773 2225 1611161

370 2269 402 2327 61
434 2263 611 2348 specialiter
641 2263 810 2327 Nicolaum
843 2263 1015 2345 plebanum
1046 2264 1085 2327 de
1118 2263 1194 2326 villa
1221 2263 1334 2327 Jacobi
1367 2254 1524 2328 decanum
1555 2263 1704 2328 videlieet
1733 2264 1773 2327 16
1809 2273 1843 2326 lo

371 2366 470 2448 Κ661,
492 2367 664 2431 Hernicum
678 2367 850 2449 plebanum
873 2367 912 2431 de
927 2367 1045 2451 Lapide
1068 2373 1100 2431 61
1121 2368 1301 2430 Jobannem
1321 2367 1493 2451 plebanum
1516 2368 1555 2431 de
1569 2367 1773 2452 Barankulzt,

370 2471 446 2534 item
469 2471 711 2534 universitatem
733 2471 933 2534 sacerdotum
956 2472 1229 2535 archidiaconatus
1256 2472 1295 2534 de
1317 2471 1428 2534 maiori
1451 2470 1593 2535 Kukullo
1616 2478 1649 2535 et
1670 2473 1772 2536 nomi·

370 2576 470 2638 natim
493 2574 673 2637 Aruoldum
704 2575 743 2638 de
773 2572 975 2657 longavalle,
1005 2575 1186 2639 Jobannem
1212 2576 1251 2639 de
1274 2575 1433 2639 1116166666
1463 2580 1495 2639 61
1517 2625 1646 2639 .....
1670 2595 1773 2641 sacer·

371 2679 481 2742 dotum
505 2678 544 2741 de
565 2676 800 2759 Huldnualacb,
830 2678 907 2741 item
930 2679 1103 2763 capitulum
1126 2678 1333 2763 plebanorum
1367 2678 1406 2742 de
1429 2678 1523 2760 Kyzd
1545 2686 1577 2743 et
1599 2680 1774 2763 capitulum

371 2783 571 2846 sacerdotum
594 2781 633 2845 de
657 2781 746 2863 Crya,
770 2786 802 2845 et
824 2782 1011 2845 nominatim
1031 2783 1218 2846 Bertoldum
1241 2781 1412 2867 plebanum
1437 2780 1593 2846 decanum
1615 2783 1655 2847 de
1670 2782 1773 2866 Kyzd
1809 2789 1844 2844 20

370 2887 551 2950 Jobaunem
573 2885 612 2949 de
635 2885 824 2968 Schcsburg‚
854 2886 1077 2950 Hermaunum
1105 2886 1144 2950 de
1166 2885 1254 2966 11616,
1285 2885 1454 2950 Nicolaum
1477 2886 1516 2950 de
1537 2886 1683 2971 Apoldia,
1714 2886 1775 2951 Ge·

371 2991 496 3073 orgium
527 2990 566 3053 de
588 2988 710 3071 Kyzde,
739 2988 896 3053 iacobum
920 2989 959 3052 de
990 2988 1107 3070 sinus,
1137 2990 1213 3053 item
1236 2990 1406 3053 Hernicum
1435 2990 1591 3054 decanum
1622 2991 1661 3055 de
1684 2991 1774 3073 Crya,

372 3094 571 3158 sacerdotum
588 3092 736 3156 videlicet
758 3093 900 3156 eiusdem
917 3093 1011 3156 villae
1027 3092 1117 3174 Crya,
1140 3092 1309 3156 Herricum
1327 3093 1367 3157 16
1381 3094 1581 3177 1166166616,
1604 3093 1774 3159 Η6661666

372 3198 411 3261 16
433 3196 660 3279 Ρ6666161666,
690 3197 766 3259 1166
797 3197 1038 3260 universitatem
1061 3196 1261 3259 sacerdotum
1292 3198 1566 3262 archidiaconatus
1596 3198 1636 3263 de
1658 3198 1774 3262 minori

372 3300 523 3379 Kulrullo‚
553 3307 585 3363 et
614 3300 803 3363 nominatim
833 3298 1006 3381 Symonem
1036 3300 1230 3363 sacerdotem
1262 3301 1301 3364 16
1331 3301 1408 3364 villa
1436 3303 1536 3365 666611
1569 3301 1692 3366 Nicolai
1720 3301 1775 3366 de·
1809 3308 1843 3362 25

374 3424 490 3468 canum
521 3404 560 3467 dc
582 3403 724 3467 Kulrullo
755 3404 880 3485 minori,
908 3403 1089 3467 Jobannem
1119 3404 1158 3467 de
1181 3403 1255 3467 Sido
1287 3410 1319 3467 et
1340 3404 1547 3468 Thedericum
1579 3406 1774 3470 sacerdotem

372 3510 412 3572 de
434 3509 510 3571 villa
532 3508 647 3572 Boncti
667 3508 910 3572 Traussiluanae
933 3508 1067 3571 diocesis
1090 3510 1180 3571 citari
1201 3509 1413 3591 peremptorie
1435 3509 1568 3572 fecimus
1591 3516 1624 3573 ot
1645 3509 1775 3593 requiri,

373 3618 410 3677 ut
440 3618 525 3675 certo
557 3613 692 3676 temrino
723 3632 780 3695 per
802 3631 837 3674 se
859 3612 911 3675 vel
934 3631 1044 3675 eorum
1069 3612 1282 3696 responsalem
1310 3613 1460 3676 idoneum
1483 3614 1516 3675 iu
1547 3619 1657 3677 nostra
1686 3614 1775 3676 curia

373 3735 554 3800 comparere
585 3722 735 3779 curarent
764 3736 860 3799 super
893 3716 1082 3797 quibusdam
1106 3717 1240 3795 iniuriis,
1270 3716 1497 3780 offensionibus
1527 3722 1560 3780 61
1588 3716 1774 3781 excessibus

373 3840 497 3883 necnon
528 3820 686 3899 censibus,
716 3820 839 3901 debitis,
862 3820 1000 3900 decimis,
1030 3820 1206 3883 redditibus
1229 3827 1260 3882 ct
1283 3820 1379 3883 rebus
1401 3821 1471 3883 aliis
1492 3822 1692 3903 procuratori
1721 3820 1773 3884 vel
1808 3824 1844 3880 30

372 3925 506 4006 syndico
522 3924 597 3987 dicti
613 3924 743 4007 capituli
766 3925 799 3986 in
820 3922 938 3986 iudicio
958 3923 997 3986 de
1013 3923 1134 3987 iustitia
1152 3924 1343 4007 responsuri.
1366 3924 1488 3987 Verum
1504 3925 1579 4005 quia
1593 3942 1775 4008 comparere

372 4047 430 4111 666
452 4046 486 4092 66
509 4027 560 4091 vel
583 4047 641 4111 per
662 4027 761 4090 alium
783 4028 817 4090 in
839 4033 950 4091 nostra
971 4028 1061 4090 curia
1075 4028 1305 4091 contumaciter
1327 4035 1596 4113 contempserunt,
1619 4029 1774 4092 decretus

373 4132 424 4195 vir
438 4133 588 4215 magister
602 4131 768 4215 Philippus
791 4131 829 4194 de
845 4129 998 4194 Sardinea
1020 4131 1219 4195 decretorum
1243 4131 1354 4194 doctor
1371 4133 1543 4196 canonicus
1557 4130 1774 4209 Arbor-anum)

374 4234 558 4319 capellanus
580 4240 612 4298 61
634 4234 797 4298 familiaris
819 4241 937 4317 noster,
960 4253 1055 4316 quem
1078 4235 1112 4297 in
1129 4235 1495 4319 116166666666611166
1518 4235 1663 4299 dedimus
1685 4233 1776 4299 audi·

374 4346 483 4419 torem,
514 4339 653 4403 instante
676 4345 708 4402 et
729 4344 857 4421 petente
881 4340 1030 4422 magistro
1053 4339 1226 4402 Benedicto
1257 4338 1478 4402 archidiacono
1501 4338 1541 4402 de
1564 4338 1631 4402 Ozd
1660 4357 1775 4421 procu·
1810 4341 1845 4395 35

371 4450 477 4507 ratore
500 4443 575 4505 dicti
604 4442 735 4526 capituli
758 4462 868 4506 omnes
891 4443 1069 4526 praedictos
1096 4442 1208 4506 citatos
1230 4443 1265 4505 in
1290 4443 1424 4506 termino
1448 4449 1480 4506 et
1508 4450 1581 4525 post
1603 4442 1776 4507 terminum

374 4553 574 4631 exspectatos
597 4547 758 4630 reputavit
779 4546 1024 4627 interloquendo
1048 4547 1116 4611 fore
1136 4546 1248 4610 merito
1272 4553 1484 4627 6661666666,
1508 4544 1586 4608 nibil
1607 4544 1681 4627 plus
1703 4562 1776 4628 pro·

374 4651 491 4715 cedens
521 4657 598 4715 tunc
628 4651 662 4713 in
700 4650 826 4733 negotio
858 4670 998 4734 sperans,
1033 4642 1069 4714 ut
1102 4670 1192 4715 suam
1225 4651 1456 4713 contumaciam
1494 4649 1685 4712 redimerent
1719 4666 1778 4731 per

378 4755 626 4818 satisfactionem
658 4753 856 4835 condignam.
902 4752 964 4817 Sed
998 4755 1103 4838 elapso
1137 4761 1248 4838 postea
1284 4755 1408 4818 dierum
1440 4754 1582 4836 plurium
1610 4751 1777 4816 intervallo

374 4859 552 4942 comparuit
581 4877 688 4921 coram
710 4857 855 4921 auditore
885 4858 1046 4941 praedicto
1077 4856 1447 4942 procuratorpraefatus
1470 4864 1597 4921 etcum
1625 4855 1777 4919 instantia
1810 4859 1847 4914 40

376 4962 467 5046 petiit
498 4968 608 5025 contra
629 4960 808 5044 praedictos
830 4967 1034 5026 contumaces
1061 4963 1182 5026 iustitia
1209 4962 1363 5025 suadente
1385 4961 1522 5043 procedi
1556 4959 1669 5024 Dictus
1699 4978 1776 5023 vero

375 5065 501 5129 auditor
523 5066 679 5129 dictorum
703 5065 940 5129 contumacium
967 5065 1157 5129 obstinatam
1165 5064 1187 5142 ¹)
1215 5064 1391 5129 absentiam
1422 5070 1454 5127 et
1476 5064 1706 5127 contumaciam
1728 5063 1776 5126 in·

376 5176 480 5250 16666,
504 5169 580 5251 quia
595 5168 769 5231 humilibus
785 5168 964 5233 obedientia
985 5168 1065 5232 nihil
1082 5169 1256 5252 prodesset
1278 5169 1306 5232 61
1320 5168 1521 5232 contumacia
1535 5166 1777 5231 contumacibus

376 5292 441 5335 nou
471 5271 597 5335 obesset
626 5278 658 5336 et
686 5277 849 5335 crescente
878 5273 1078 5337 contumacia
1106 5291 1248 5336 crescere
1280 5272 1374 5336 debet
1401 5277 1434 5336 et
1463 5290 1575 5355 poena,
1606 5290 1716 5336 omnes
1746 5275 1778 5334 et

375 5377 633 5384 —.„—

532 5412 552 5475 ¹)
576 5406 708 5477 Vorlaqa:
726 5396 853 5462 Arborab.
1811 5405 1846 5461 41

531 5496 553 5568 ¹)
575 5493 710 5564 Vorloqa:
727 5495 894 5550 bostiuatam.
