<?xml version="1.0" encoding="UTF-8"?>
<!DOCTYPE html PUBLIC "-//W3C//DTD XHTML 1.0 Transitional//EN"
    "http://www.w3.org/TR/xhtml1/DTD/xhtml1-transitional.dtd">
<html xmlns="http://www.w3.org/1999/xhtml" xml:lang="en" lang="en">
 <head>
  <title>
</title>
<meta http-equiv="Content-Type" content="text/html;charset=utf-8" />
  <meta name='ocr-system' content='tesseract 3.04.00' />
  <meta name='ocr-capabilities' content='ocr_page ocr_carea ocr_par ocr_line ocrx_word'/>
</head>
<body>
  <div class='ocr_page' id='page_1' title='image "./urkundenbuchzur00mlgoog_0456.png"; bbox 0 0 4086 6300; ppageno 0'>
   <div class='ocr_carea' id='block_1_1' title="bbox 913 608 1068 704">
    <p class='ocr_par' dir='ltr' id='par_1_1' title="bbox 913 608 1068 704">
     <span class='ocr_line' id='line_1_1' title="bbox 913 608 1068 704; baseline 0 0"><span class='ocrx_word' id='word_1_1' title='bbox 913 608 1068 704; x_wconf 52' lang='lat' dir='ltr'><strong>„tlt-</strong></span> 
     </span>
    </p>
   </div>
   <div class='ocr_carea' id='block_1_2' title="bbox 289 799 1688 1144">
    <p class='ocr_par' dir='ltr' id='par_1_2' title="bbox 289 799 1688 1144">
     <span class='ocr_line' id='line_1_2' title="bbox 368 799 1685 901; baseline -0.004 -22"><span class='ocrx_word' id='word_1_2' title='bbox 368 807 496 880; x_wconf 87' lang='lat' dir='ltr'><strong>Datum</strong></span> <span class='ocrx_word' id='word_1_3' title='bbox 523 806 560 879; x_wconf 91' lang='lat' dir='ltr'><strong>in</strong></span> <span class='ocrx_word' id='word_1_4' title='bbox 578 805 806 901; x_wconf 81' lang='lat' dir='ltr'><strong>Wyssegmd,</strong></span> <span class='ocrx_word' id='word_1_5' title='bbox 831 805 919 877; x_wconf 83' lang='lat' dir='ltr'><strong>feria</strong></span> <span class='ocrx_word' id='word_1_6' title='bbox 945 809 1070 900; x_wconf 85' lang='lat' dir='ltr'><strong>quarta</strong></span> <span class='ocrx_word' id='word_1_7' title='bbox 1096 802 1253 899; x_wconf 83' lang='lat' dir='ltr'><strong>proxima</strong></span> <span class='ocrx_word' id='word_1_8' title='bbox 1270 806 1348 897; x_wconf 89' lang='lat' dir='ltr'><strong>post</strong></span> <span class='ocrx_word' id='word_1_9' title='bbox 1364 799 1492 873; x_wconf 82' lang='lat' dir='ltr'><strong>festum</strong></span> <span class='ocrx_word' id='word_1_10' title='bbox 1510 799 1685 874; x_wconf 83' lang='lat' dir='ltr'><strong>beatorum</strong></span> 
     </span>
     <span class='ocr_line' id='line_1_3' title="bbox 289 918 1688 1019; baseline -0.005 -18"><span class='ocrx_word' id='word_1_11' title='bbox 289 928 466 1001; x_wconf 81' lang='lat' dir='ltr'><strong>Thiburcii</strong></span> <span class='ocrx_word' id='word_1_12' title='bbox 494 934 526 999; x_wconf 94' lang='lat' dir='ltr'><strong>et</strong></span> <span class='ocrx_word' id='word_1_13' title='bbox 543 925 730 999; x_wconf 89' lang='lat' dir='ltr'><strong>Valeriani</strong></span> <span class='ocrx_word' id='word_1_14' title='bbox 749 933 955 1019; x_wconf 85' lang='lat' dir='ltr'><strong>martyrum,</strong></span> <span class='ocrx_word' id='word_1_15' title='bbox 981 948 1072 998; x_wconf 90' lang='lat' dir='ltr'><strong>anno</strong></span> <span class='ocrx_word' id='word_1_16' title='bbox 1099 922 1230 997; x_wconf 91' lang='lat' dir='ltr'><strong>domini</strong></span> <span class='ocrx_word' id='word_1_17' title='bbox 1253 921 1438 994; x_wconf 88' lang='lat' dir='ltr'><strong>millesimo</strong></span> <span class='ocrx_word' id='word_1_18' title='bbox 1456 918 1688 994; x_wconf 83' lang='lat' dir='ltr'><strong>trimntesimo</strong></span> 
     </span>
     <span class='ocr_line' id='line_1_4' title="bbox 290 1041 1583 1144; baseline -0.004 -26"><span class='ocrx_word' id='word_1_19' title='bbox 290 1048 459 1144; x_wconf 83' lang='lat' dir='ltr'><strong>vigesimo</strong></span> <span class='ocrx_word' id='word_1_20' title='bbox 486 1053 591 1140; x_wconf 84' lang='lat' dir='ltr'><strong>sexto,</strong></span> <span class='ocrx_word' id='word_1_21' title='bbox 617 1053 755 1120; x_wconf 78' lang='grc'><strong><em>6661166</em></strong></span> <span class='ocrx_word' id='word_1_22' title='bbox 782 1053 897 1119; x_wconf 86' lang='lat' dir='ltr'><strong>antam</strong></span> <span class='ocrx_word' id='word_1_23' title='bbox 924 1045 1154 1119; x_wconf 82' lang='lat' dir='ltr'><strong>coronationis</strong></span> <span class='ocrx_word' id='word_1_24' title='bbox 1182 1065 1273 1116; x_wconf 91' lang='lat' dir='ltr'><strong>anno</strong></span> <span class='ocrx_word' id='word_1_25' title='bbox 1299 1042 1420 1137; x_wconf 87' lang='lat' dir='ltr'><strong>quinto</strong></span> <span class='ocrx_word' id='word_1_26' title='bbox 1446 1041 1583 1114; x_wconf 87' lang='lat' dir='ltr'><strong>decimo.</strong></span> 
     </span>
    </p>
   </div>
   <div class='ocr_carea' id='block_1_3' title="bbox 237 1189 1687 1350">
    <p class='ocr_par' dir='ltr' id='par_1_3' title="bbox 237 1189 1687 1350">
     <span class='ocr_line' id='line_1_5' title="bbox 447 1189 1687 1266; baseline -0.003 -17"><span class='ocrx_word' id='word_1_27' title='bbox 447 1194 649 1266; x_wconf 67' lang='lat' dir='ltr'><strong>ffinpmclraltct</strong></span> <span class='ocrx_word' id='word_1_28' title='bbox 671 1210 725 1249; x_wconf 82' lang='lat' dir='ltr'><strong>aaa</strong></span> <span class='ocrx_word' id='word_1_29' title='bbox 748 1194 808 1248; x_wconf 81' lang='lat' dir='ltr'><strong>dem</strong></span> <span class='ocrx_word' id='word_1_30' title='bbox 831 1193 1104 1248; x_wconf 72' lang='lat' dir='ltr'><strong>Koloanaonostcrcr</strong></span> <span class='ocrx_word' id='word_1_31' title='bbox 1122 1192 1249 1246; x_wconf 79' lang='lat' dir='ltr'><strong>Kcaocnt</strong></span> <span class='ocrx_word' id='word_1_32' title='bbox 1267 1189 1455 1259; x_wconf 66' lang='grc'><strong><em>1316116616</em></strong></span> <span class='ocrx_word' id='word_1_33' title='bbox 1476 1190 1687 1247; x_wconf 57' lang='grc'><strong><em>6661661616·</em></strong></span> 
     </span>
     <span class='ocr_line' id='line_1_6' title="bbox 237 1278 1151 1350; baseline -0.008 -11"><span class='ocrx_word' id='word_1_34' title='bbox 237 1288 254 1339; x_wconf 79' lang='grc'><strong>6</strong></span> <span class='ocrx_word' id='word_1_35' title='bbox 392 1282 533 1349; x_wconf 69' lang='grc'><strong><em>16666616,</em></strong></span> <span class='ocrx_word' id='word_1_36' title='bbox 557 1282 628 1350; x_wconf 77' lang='lat' dir='ltr'><strong>Pap.</strong></span> <span class='ocrx_word' id='word_1_37' title='bbox 651 1280 755 1350; x_wconf 68' lang='lat' dir='ltr'><strong>Unpar.</strong></span> <span class='ocrx_word' id='word_1_38' title='bbox 774 1279 982 1335; x_wconf 68' lang='lat' dir='ltr'><strong>Laadcearcdio</strong></span> <span class='ocrx_word' id='word_1_39' title='bbox 999 1278 1151 1348; x_wconf 78' lang='lat' dir='ltr'><strong>Bndapest.</strong></span> 
     </span>
    </p>
   </div>
   <div class='ocr_carea' id='block_1_4' title="bbox 940 1559 1038 1642">
    <p class='ocr_par' dir='ltr' id='par_1_4' title="bbox 940 1559 1038 1642">
     <span class='ocr_line' id='line_1_7' title="bbox 940 1559 1038 1642; baseline -0.01 0"><span class='ocrx_word' id='word_1_40' title='bbox 940 1559 1038 1642; x_wconf 78' lang='lat'><strong>445.</strong></span> 
     </span>
    </p>
   </div>
   <div class='ocr_carea' id='block_1_5' title="bbox 288 1717 1688 2057">
    <p class='ocr_par' dir='ltr' id='par_1_5' title="bbox 288 1717 1688 2057">
     <span class='ocr_line' id='line_1_8' title="bbox 365 1717 1686 1817; baseline -0.004 -22"><span class='ocrx_word' id='word_1_41' title='bbox 365 1724 694 1817; x_wconf 66' lang='grc'><strong><em>1326161125.</em></strong></span> <span class='ocrx_word' id='word_1_42' title='bbox 731 1723 809 1795; x_wconf 83' lang='lat' dir='ltr'><strong>Das</strong></span> <span class='ocrx_word' id='word_1_43' title='bbox 839 1720 1120 1813; x_wconf 75' lang='lat' dir='ltr'><strong>Weisscaburpcr</strong></span> <span class='ocrx_word' id='word_1_44' title='bbox 1145 1721 1290 1813; x_wconf 82' lang='lat' dir='ltr'><strong>Kapitcl</strong></span> <span class='ocrx_word' id='word_1_45' title='bbox 1315 1719 1506 1811; x_wconf 71' lang='grc'><strong><em>1661661191</em></strong></span> <span class='ocrx_word' id='word_1_46' title='bbox 1532 1719 1589 1791; x_wconf 79' lang='lat' dir='ltr'><strong>dic</strong></span> <span class='ocrx_word' id='word_1_47' title='bbox 1618 1717 1686 1791; x_wconf 85' lang='lat' dir='ltr'><strong>Ur·</strong></span> 
     </span>
     <span class='ocr_line' id='line_1_9' title="bbox 288 1840 1688 1920; baseline -0.005 -1"><span class='ocrx_word' id='word_1_48' title='bbox 288 1848 400 1920; x_wconf 75' lang='lat' dir='ltr'><strong>laada</strong></span> <span class='ocrx_word' id='word_1_49' title='bbox 427 1848 485 1919; x_wconf 84' lang='lat' dir='ltr'><strong>des</strong></span> <span class='ocrx_word' id='word_1_50' title='bbox 509 1845 704 1920; x_wconf 82' lang='lat' dir='ltr'><strong>Woiwodcn</strong></span> <span class='ocrx_word' id='word_1_51' title='bbox 730 1845 878 1918; x_wconf 75' lang='lat' dir='ltr'><strong>Thomas</strong></span> <span class='ocrx_word' id='word_1_52' title='bbox 902 1867 968 1916; x_wconf 82' lang='lat' dir='ltr'><strong>oon</strong></span> <span class='ocrx_word' id='word_1_53' title='bbox 993 1846 1100 1915; x_wconf 77' lang='grc'><strong><em>1326</em></strong></span> <span class='ocrx_word' id='word_1_54' title='bbox 1128 1842 1194 1915; x_wconf 85' lang='lat' dir='ltr'><strong>Nr.</strong></span> <span class='ocrx_word' id='word_1_55' title='bbox 1216 1844 1297 1914; x_wconf 78' lang='lat'><strong>443</strong></span> <span class='ocrx_word' id='word_1_56' title='bbox 1322 1842 1397 1914; x_wconf 82' lang='lat' dir='ltr'><strong>aad</strong></span> <span class='ocrx_word' id='word_1_57' title='bbox 1422 1840 1606 1913; x_wconf 71' lang='grc'><strong><em>1666166111</em></strong></span> <span class='ocrx_word' id='word_1_58' title='bbox 1632 1841 1688 1913; x_wconf 78' lang='lat' dir='ltr'><strong>die</strong></span> 
     </span>
     <span class='ocr_line' id='line_1_10' title="bbox 293 1962 1551 2057; baseline -0.004 -17"><span class='ocrx_word' id='word_1_59' title='bbox 293 1968 450 2040; x_wconf 74' lang='lat' dir='ltr'><strong>Grcaaca</strong></span> <span class='ocrx_word' id='word_1_60' title='bbox 476 1990 540 2040; x_wconf 83' lang='lat' dir='ltr'><strong>oon</strong></span> <span class='ocrx_word' id='word_1_61' title='bbox 566 1965 826 2057; x_wconf 75' lang='lat' dir='ltr'><strong>Saentpotlrard,</strong></span> <span class='ocrx_word' id='word_1_62' title='bbox 859 1964 974 2057; x_wconf 70' lang='grc'><strong><em>06666,</em></strong></span> <span class='ocrx_word' id='word_1_63' title='bbox 1003 1962 1187 2037; x_wconf 71' lang='grc'><strong><em>8666611666</em></strong></span> <span class='ocrx_word' id='word_1_64' title='bbox 1213 1964 1288 2036; x_wconf 74' lang='lat' dir='ltr'><strong>cord</strong></span> <span class='ocrx_word' id='word_1_65' title='bbox 1312 1962 1551 2036; x_wconf 67' lang='lat' dir='ltr'><strong>Sadasarilvcis.</strong></span> 
     </span>
    </p>
   </div>
   <div class='ocr_carea' id='block_1_6' title="bbox 222 2127 1687 2461">
    <p class='ocr_par' dir='ltr' id='par_1_6' title="bbox 222 2127 1687 2461">
     <span class='ocr_line' id='line_1_11' title="bbox 222 2127 1687 2198; baseline 0 -14"><span class='ocrx_word' id='word_1_66' title='bbox 222 2134 254 2186; x_wconf 90' lang='grc'><strong>10</strong></span> <span class='ocrx_word' id='word_1_67' title='bbox 444 2132 556 2186; x_wconf 75' lang='lat' dir='ltr'><strong>Druck:</strong></span> <span class='ocrx_word' id='word_1_68' title='bbox 580 2129 677 2185; x_wconf 71' lang='lat' dir='ltr'><strong>Haeai</strong></span> <span class='ocrx_word' id='word_1_69' title='bbox 695 2130 838 2184; x_wconf 73' lang='lat' dir='ltr'><strong>olrlcvdltdr</strong></span> <span class='ocrx_word' id='word_1_70' title='bbox 857 2133 911 2184; x_wconf 80' lang='lat'><strong>197</strong></span> <span class='ocrx_word' id='word_1_71' title='bbox 931 2129 1002 2183; x_wconf 71' lang='lat' dir='ltr'><strong>soca</strong></span> <span class='ocrx_word' id='word_1_72' title='bbox 1019 2128 1068 2182; x_wconf 80' lang='lat' dir='ltr'><strong>der</strong></span> <span class='ocrx_word' id='word_1_73' title='bbox 1086 2127 1439 2198; x_wconf 70' lang='lat' dir='ltr'><strong>chloubipnnpaurkaade</strong></span> <span class='ocrx_word' id='word_1_74' title='bbox 1455 2127 1503 2182; x_wconf 78' lang='lat' dir='ltr'><strong>des</strong></span> <span class='ocrx_word' id='word_1_75' title='bbox 1526 2127 1687 2184; x_wconf 74' lang='lat' dir='ltr'><strong>Woiwodea</strong></span> 
     </span>
     <span class='ocr_line' id='line_1_12' title="bbox 396 2212 1687 2285; baseline -0.002 -12"><span class='ocrx_word' id='word_1_76' title='bbox 396 2219 679 2284; x_wconf 62' lang='lat' dir='ltr'><strong>rememorarem,</strong></span> <span class='ocrx_word' id='word_1_77' title='bbox 707 2216 782 2285; x_wconf 62' lang='lat' dir='ltr'><strong>oar.</strong></span> <span class='ocrx_word' id='word_1_78' title='bbox 801 2216 903 2270; x_wconf 67' lang='lat' dir='ltr'><strong>Armis</strong></span> <span class='ocrx_word' id='word_1_79' title='bbox 921 2216 970 2269; x_wconf 76' lang='lat' dir='ltr'><strong>der</strong></span> <span class='ocrx_word' id='word_1_80' title='bbox 989 2214 1098 2283; x_wconf 77' lang='lat' dir='ltr'><strong>Grafca</strong></span> <span class='ocrx_word' id='word_1_81' title='bbox 1123 2212 1366 2283; x_wconf 72' lang='grc'><strong><em>1766606666-</em></strong></span> <span class='ocrx_word' id='word_1_82' title='bbox 1384 2213 1469 2268; x_wconf 76' lang='lat' dir='ltr'><strong>Dicae</strong></span> <span class='ocrx_word' id='word_1_83' title='bbox 1491 2213 1621 2269; x_wconf 76' lang='lat' dir='ltr'><strong>Urlruadc</strong></span> <span class='ocrx_word' id='word_1_84' title='bbox 1639 2215 1687 2270; x_wconf 77' lang='lat' dir='ltr'><strong>dar</strong></span> 
     </span>
     <span class='ocr_line' id='line_1_13' title="bbox 398 2299 1687 2371; baseline -0.004 -12"><span class='ocrx_word' id='word_1_85' title='bbox 398 2305 556 2360; x_wconf 77' lang='lat' dir='ltr'><strong>Woiwodca</strong></span> <span class='ocrx_word' id='word_1_86' title='bbox 573 2304 691 2358; x_wconf 70' lang='grc'><strong><em>11161666</em></strong></span> <span class='ocrx_word' id='word_1_87' title='bbox 708 2306 842 2357; x_wconf 78' lang='grc'><strong><em>6661316</em></strong></span> <span class='ocrx_word' id='word_1_88' title='bbox 859 2303 897 2356; x_wconf 78' lang='lat' dir='ltr'><strong>iot</strong></span> <span class='ocrx_word' id='word_1_89' title='bbox 909 2303 979 2357; x_wconf 78' lang='grc'><strong><em>66611</em></strong></span> <span class='ocrx_word' id='word_1_90' title='bbox 991 2301 1179 2371; x_wconf 73' lang='lat' dir='ltr'><strong>cinycaclraltet</strong></span> <span class='ocrx_word' id='word_1_91' title='bbox 1192 2317 1245 2354; x_wconf 80' lang='lat' dir='ltr'><strong>von</strong></span> <span class='ocrx_word' id='word_1_92' title='bbox 1256 2300 1316 2355; x_wconf 82' lang='lat' dir='ltr'><strong>dem</strong></span> <span class='ocrx_word' id='word_1_93' title='bbox 1334 2299 1559 2370; x_wconf 71' lang='lat' dir='ltr'><strong>Weiaacndurper</strong></span> <span class='ocrx_word' id='word_1_94' title='bbox 1571 2300 1687 2370; x_wconf 73' lang='lat' dir='ltr'><strong>Knpitol</strong></span> 
     </span>
     <span class='ocr_line' id='line_1_14' title="bbox 393 2385 1685 2461; baseline -0.002 -16"><span class='ocrx_word' id='word_1_95' title='bbox 393 2395 469 2458; x_wconf 84' lang='lat'><strong><em>1331,</em></strong></span> <span class='ocrx_word' id='word_1_96' title='bbox 490 2390 566 2461; x_wconf 72' lang='grc'><strong><em>0119.</em></strong></span> <span class='ocrx_word' id='word_1_97' title='bbox 590 2390 694 2460; x_wconf 69' lang='lat' dir='ltr'><strong>uapor.</strong></span> <span class='ocrx_word' id='word_1_98' title='bbox 714 2389 921 2444; x_wconf 74' lang='lat' dir='ltr'><strong>Landcearcdic</strong></span> <span class='ocrx_word' id='word_1_99' title='bbox 938 2388 1090 2457; x_wconf 75' lang='lat' dir='ltr'><strong>Bodopecl,</strong></span> <span class='ocrx_word' id='word_1_100' title='bbox 1111 2387 1219 2442; x_wconf 76' lang='grc'><strong><em>16616166</em></strong></span> <span class='ocrx_word' id='word_1_101' title='bbox 1240 2385 1370 2457; x_wconf 73' lang='grc'><strong><em>01191661</em></strong></span> <span class='ocrx_word' id='word_1_102' title='bbox 1387 2386 1449 2441; x_wconf 65' lang='lat' dir='ltr'><strong>aar</strong></span> <span class='ocrx_word' id='word_1_103' title='bbox 1466 2386 1623 2458; x_wconf 69' lang='grc'><strong><em>1666616191</em></strong></span> <span class='ocrx_word' id='word_1_104' title='bbox 1639 2387 1685 2443; x_wconf 77' lang='lat' dir='ltr'><strong>iat.</strong></span> 
     </span>
    </p>
   </div>
   <div class='ocr_carea' id='block_1_7' title="bbox 216 2562 1689 5348">
    <p class='ocr_par' dir='ltr' id='par_1_7' title="bbox 443 2562 1687 2649">
     <span class='ocr_line' id='line_1_15' title="bbox 443 2562 1687 2649; baseline -0.001 -20"><span class='ocrx_word' id='word_1_105' title='bbox 443 2565 611 2649; x_wconf 85' lang='lat' dir='ltr'><strong>Magnifice</strong></span> <span class='ocrx_word' id='word_1_106' title='bbox 643 2566 711 2629; x_wconf 82' lang='lat' dir='ltr'><strong>viro</strong></span> <span class='ocrx_word' id='word_1_107' title='bbox 742 2571 774 2629; x_wconf 92' lang='lat' dir='ltr'><strong>et</strong></span> <span class='ocrx_word' id='word_1_108' title='bbox 796 2566 929 2628; x_wconf 85' lang='lat' dir='ltr'><strong>honesto</strong></span> <span class='ocrx_word' id='word_1_109' title='bbox 960 2565 1060 2627; x_wconf 88' lang='lat' dir='ltr'><strong>arnico</strong></span> <span class='ocrx_word' id='word_1_110' title='bbox 1091 2583 1150 2627; x_wconf 89' lang='lat' dir='ltr'><strong>sno</strong></span> <span class='ocrx_word' id='word_1_111' title='bbox 1173 2564 1350 2628; x_wconf 80' lang='lat' dir='ltr'><strong>reverendo</strong></span> <span class='ocrx_word' id='word_1_112' title='bbox 1372 2562 1509 2627; x_wconf 83' lang='lat' dir='ltr'><strong>Th0mae</strong></span> <span class='ocrx_word' id='word_1_113' title='bbox 1531 2562 1687 2628; x_wconf 84' lang='lat' dir='ltr'><strong>vaivodae</strong></span> 
     </span>
    </p>

    <p class='ocr_par' dir='ltr' id='par_1_8' title="bbox 222 2666 1689 3166">
     <span class='ocr_line' id='line_1_16' title="bbox 222 2666 1687 2752; baseline 0.001 -21"><span class='ocrx_word' id='word_1_114' title='bbox 222 2681 253 2732; x_wconf 83' lang='grc'><strong>16</strong></span> <span class='ocrx_word' id='word_1_115' title='bbox 287 2672 512 2736; x_wconf 85' lang='lat' dir='ltr'><strong>Transsiluano</strong></span> <span class='ocrx_word' id='word_1_116' title='bbox 535 2677 567 2735; x_wconf 93' lang='lat' dir='ltr'><strong>et</strong></span> <span class='ocrx_word' id='word_1_117' title='bbox 582 2672 691 2735; x_wconf 92' lang='lat' dir='ltr'><strong>comiti</strong></span> <span class='ocrx_word' id='word_1_118' title='bbox 713 2671 752 2733; x_wconf 90' lang='lat' dir='ltr'><strong>de</strong></span> <span class='ocrx_word' id='word_1_119' title='bbox 768 2670 880 2733; x_wconf 85' lang='lat' dir='ltr'><strong>Zonulr</strong></span> <span class='ocrx_word' id='word_1_120' title='bbox 896 2668 1069 2752; x_wconf 91' lang='lat' dir='ltr'><strong>capitulum</strong></span> <span class='ocrx_word' id='word_1_121' title='bbox 1087 2668 1238 2733; x_wconf 90' lang='lat' dir='ltr'><strong>ecclesiae</strong></span> <span class='ocrx_word' id='word_1_122' title='bbox 1251 2666 1494 2732; x_wconf 79' lang='lat' dir='ltr'><strong>Tranasiluanae</strong></span> <span class='ocrx_word' id='word_1_123' title='bbox 1516 2667 1687 2732; x_wconf 75' lang='lat' dir='ltr'><strong>amicitiam</strong></span> 
     </span>
     <span class='ocr_line' id='line_1_17' title="bbox 289 2770 1687 2859; baseline -0.004 -19"><span class='ocrx_word' id='word_1_124' title='bbox 289 2782 430 2859; x_wconf 88' lang='lat' dir='ltr'><strong>paratam</strong></span> <span class='ocrx_word' id='word_1_125' title='bbox 453 2796 526 2840; x_wconf 88' lang='lat' dir='ltr'><strong>oum</strong></span> <span class='ocrx_word' id='word_1_126' title='bbox 549 2777 678 2839; x_wconf 90' lang='lat' dir='ltr'><strong>honore.</strong></span> <span class='ocrx_word' id='word_1_127' title='bbox 700 2773 863 2839; x_wconf 85' lang='lat' dir='ltr'><strong>Noveritis</strong></span> <span class='ocrx_word' id='word_1_128' title='bbox 885 2792 945 2838; x_wconf 87' lang='lat' dir='ltr'><strong>nos</strong></span> <span class='ocrx_word' id='word_1_129' title='bbox 966 2773 1074 2837; x_wconf 76' lang='lat' dir='ltr'><strong>literas</strong></span> <span class='ocrx_word' id='word_1_130' title='bbox 1100 2780 1223 2837; x_wconf 79' lang='lat' dir='ltr'><strong>vestras</strong></span> <span class='ocrx_word' id='word_1_131' title='bbox 1244 2773 1401 2855; x_wconf 80' lang='lat' dir='ltr'><strong>recepisse</strong></span> <span class='ocrx_word' id='word_1_132' title='bbox 1422 2771 1457 2835; x_wconf 92' lang='lat' dir='ltr'><strong>in</strong></span> <span class='ocrx_word' id='word_1_133' title='bbox 1479 2771 1557 2835; x_wconf 90' lang='lat' dir='ltr'><strong>haec</strong></span> <span class='ocrx_word' id='word_1_134' title='bbox 1580 2770 1687 2835; x_wconf 85' lang='lat' dir='ltr'><strong>rerba</strong></span> 
     </span>
     <span class='ocr_line' id='line_1_18' title="bbox 287 2873 1689 2963; baseline -0.003 -21"><span class='ocrx_word' id='word_1_135' title='bbox 287 2877 462 2963; x_wconf 73' lang='grc'><strong><em>(666166</em></strong></span> <span class='ocrx_word' id='word_1_136' title='bbox 492 2877 639 2944; x_wconf 81' lang='lat' dir='ltr'><strong>Urlrunde</strong></span> <span class='ocrx_word' id='word_1_137' title='bbox 660 2878 712 2942; x_wconf 82' lang='lat' dir='ltr'><strong>des</strong></span> <span class='ocrx_word' id='word_1_138' title='bbox 743 2876 911 2941; x_wconf 80' lang='lat' dir='ltr'><strong>Wor&#39;wodcn</strong></span> <span class='ocrx_word' id='word_1_139' title='bbox 937 2875 1069 2940; x_wconf 74' lang='lat' dir='ltr'><strong>Thomas</strong></span> <span class='ocrx_word' id='word_1_140' title='bbox 1091 2873 1336 2940; x_wconf 82' lang='grc' dir='ltr'><strong><em>6661326Νν.</em></strong></span> <span class='ocrx_word' id='word_1_141' title='bbox 1361 2875 1454 2957; x_wconf 73' lang='lat'><em>443.)</em></span> <span class='ocrx_word' id='word_1_142' title='bbox 1490 2873 1558 2939; x_wconf 89' lang='lat' dir='ltr'><strong>Nos</strong></span> <span class='ocrx_word' id='word_1_143' title='bbox 1590 2874 1689 2959; x_wconf 76' lang='lat' dir='ltr'><strong>igitur</strong></span> 
     </span>
     <span class='ocr_line' id='line_1_19' title="bbox 288 2977 1688 3048; baseline -0.002 -2"><span class='ocrx_word' id='word_1_144' title='bbox 288 2984 381 3047; x_wconf 84' lang='lat' dir='ltr'><strong>iuxta</strong></span> <span class='ocrx_word' id='word_1_145' title='bbox 413 2984 545 3047; x_wconf 78' lang='lat' dir='ltr'><strong>formam</strong></span> <span class='ocrx_word' id='word_1_146' title='bbox 577 2983 675 3048; x_wconf 86' lang='lat' dir='ltr'><strong>vestri</strong></span> <span class='ocrx_word' id='word_1_147' title='bbox 708 2982 849 3045; x_wconf 90' lang='lat' dir='ltr'><strong>mandati</strong></span> <span class='ocrx_word' id='word_1_148' title='bbox 878 3001 944 3046; x_wconf 90' lang='lat' dir='ltr'><strong>una</strong></span> <span class='ocrx_word' id='word_1_149' title='bbox 976 2999 1049 3043; x_wconf 89' lang='lat' dir='ltr'><strong>cum</strong></span> <span class='ocrx_word' id='word_1_150' title='bbox 1078 2978 1226 3044; x_wconf 83' lang='lat' dir='ltr'><strong>Jchanne</strong></span> <span class='ocrx_word' id='word_1_151' title='bbox 1258 2978 1323 3043; x_wconf 91' lang='lat' dir='ltr'><strong>filio</strong></span> <span class='ocrx_word' id='word_1_152' title='bbox 1352 2977 1480 3042; x_wconf 85' lang='lat' dir='ltr'><strong>Martini</strong></span> <span class='ocrx_word' id='word_1_153' title='bbox 1514 2977 1614 3042; x_wconf 91' lang='lat' dir='ltr'><strong>nobili</strong></span> <span class='ocrx_word' id='word_1_154' title='bbox 1647 2977 1688 3043; x_wconf 86' lang='lat' dir='ltr'><strong>de</strong></span> 
     </span>
     <span class='ocr_line' id='line_1_20' title="bbox 287 3080 1687 3166; baseline -0.003 -16"><span class='ocrx_word' id='word_1_155' title='bbox 287 3086 444 3150; x_wconf 88' lang='lat' dir='ltr'><strong>Mouruch</strong></span> <span class='ocrx_word' id='word_1_156' title='bbox 457 3107 544 3150; x_wconf 91' lang='lat' dir='ltr'><strong>nnnc</strong></span> <span class='ocrx_word' id='word_1_157' title='bbox 555 3087 670 3151; x_wconf 81' lang='lat' dir='ltr'><strong>comite</strong></span> <span class='ocrx_word' id='word_1_158' title='bbox 682 3087 722 3150; x_wconf 90' lang='lat' dir='ltr'><strong>de</strong></span> <span class='ocrx_word' id='word_1_159' title='bbox 734 3084 867 3150; x_wconf 82' lang='lat' dir='ltr'><strong>Dobolra</strong></span> <span class='ocrx_word' id='word_1_160' title='bbox 878 3085 1005 3148; x_wconf 90' lang='lat' dir='ltr'><strong>homine</strong></span> <span class='ocrx_word' id='word_1_161' title='bbox 1021 3088 1128 3146; x_wconf 84' lang='lat' dir='ltr'><strong>restro</strong></span> <span class='ocrx_word' id='word_1_162' title='bbox 1140 3082 1301 3147; x_wconf 90' lang='lat' dir='ltr'><strong>hominem</strong></span> <span class='ocrx_word' id='word_1_163' title='bbox 1316 3089 1463 3149; x_wconf 87' lang='lat' dir='ltr'><strong>nostrum</strong></span> <span class='ocrx_word' id='word_1_164' title='bbox 1477 3080 1540 3147; x_wconf 89' lang='lat' dir='ltr'><strong>lide</strong></span> <span class='ocrx_word' id='word_1_165' title='bbox 1555 3082 1687 3166; x_wconf 79' lang='lat' dir='ltr'><strong>dignum</strong></span> 
     </span>
    </p>

    <p class='ocr_par' dir='ltr' id='par_1_9' title="bbox 219 3186 1688 3689">
     <span class='ocr_line' id='line_1_21' title="bbox 219 3186 1688 3270; baseline -0.001 -19"><span class='ocrx_word' id='word_1_166' title='bbox 219 3197 254 3251; x_wconf 79' lang='lat'><strong>‘20</strong></span> <span class='ocrx_word' id='word_1_167' title='bbox 288 3190 497 3255; x_wconf 87' lang='lat' dir='ltr'><strong>Benediotnm</strong></span> <span class='ocrx_word' id='word_1_168' title='bbox 522 3190 717 3254; x_wconf 81' lang='lat' dir='ltr'><strong>sacerdotem</strong></span> <span class='ocrx_word' id='word_1_169' title='bbox 749 3189 788 3254; x_wconf 91' lang='lat' dir='ltr'><strong>de</strong></span> <span class='ocrx_word' id='word_1_170' title='bbox 810 3190 906 3253; x_wconf 86' lang='lat' dir='ltr'><strong>choro</strong></span> <span class='ocrx_word' id='word_1_171' title='bbox 937 3189 977 3251; x_wconf 86' lang='lat' dir='ltr'><strong>ad</strong></span> <span class='ocrx_word' id='word_1_172' title='bbox 999 3187 1161 3270; x_wconf 86' lang='lat' dir='ltr'><strong>praedicta</strong></span> <span class='ocrx_word' id='word_1_173' title='bbox 1182 3186 1330 3249; x_wconf 86' lang='lat' dir='ltr'><strong>mandata</strong></span> <span class='ocrx_word' id='word_1_174' title='bbox 1351 3190 1460 3250; x_wconf 83' lang='lat' dir='ltr'><strong>restra</strong></span> <span class='ocrx_word' id='word_1_175' title='bbox 1480 3186 1688 3269; x_wconf 81' lang='lat' dir='ltr'><strong>exsequenda</strong></span> 
     </span>
     <span class='ocr_line' id='line_1_22' title="bbox 287 3289 1687 3369; baseline -0.001 -13"><span class='ocrx_word' id='word_1_176' title='bbox 287 3296 357 3358; x_wconf 86' lang='lat' dir='ltr'><strong>vice</strong></span> <span class='ocrx_word' id='word_1_177' title='bbox 380 3300 490 3358; x_wconf 89' lang='lat' dir='ltr'><strong>nostra</strong></span> <span class='ocrx_word' id='word_1_178' title='bbox 504 3294 656 3357; x_wconf 82' lang='lat' dir='ltr'><strong>duximus</strong></span> <span class='ocrx_word' id='word_1_179' title='bbox 672 3292 959 3357; x_wconf 89' lang='lat' dir='ltr'><strong>transmittendum.</strong></span> <span class='ocrx_word' id='word_1_180' title='bbox 982 3290 1044 3369; x_wconf 78' lang='lat' dir='ltr'><strong>Qui</strong></span> <span class='ocrx_word' id='word_1_181' title='bbox 1060 3291 1188 3354; x_wconf 89' lang='lat' dir='ltr'><strong>demum</strong></span> <span class='ocrx_word' id='word_1_182' title='bbox 1207 3290 1248 3354; x_wconf 87' lang='lat' dir='ltr'><strong>ad</strong></span> <span class='ocrx_word' id='word_1_183' title='bbox 1270 3308 1330 3354; x_wconf 87' lang='lat' dir='ltr'><strong>nos</strong></span> <span class='ocrx_word' id='word_1_184' title='bbox 1345 3289 1465 3353; x_wconf 88' lang='lat' dir='ltr'><strong>reversi</strong></span> <span class='ocrx_word' id='word_1_185' title='bbox 1487 3289 1687 3354; x_wconf 85' lang='lat' dir='ltr'><strong>concorditer</strong></span> 
     </span>
     <span class='ocr_line' id='line_1_23' title="bbox 288 3393 1687 3479; baseline -0.002 -18"><span class='ocrx_word' id='word_1_186' title='bbox 288 3398 379 3461; x_wconf 86' lang='lat' dir='ltr'><strong>nobis</strong></span> <span class='ocrx_word' id='word_1_187' title='bbox 402 3399 582 3463; x_wconf 90' lang='lat' dir='ltr'><strong>retulerunt</strong></span> <span class='ocrx_word' id='word_1_188' title='bbox 611 3398 764 3479; x_wconf 76' lang='lat' dir='ltr'><strong>requisiti,</strong></span> <span class='ocrx_word' id='word_1_189' title='bbox 796 3397 882 3479; x_wconf 88' lang='lat' dir='ltr'><strong>quod</strong></span> <span class='ocrx_word' id='word_1_190' title='bbox 912 3396 996 3459; x_wconf 89' lang='lat' dir='ltr'><strong>idem</strong></span> <span class='ocrx_word' id='word_1_191' title='bbox 1027 3395 1121 3458; x_wconf 89' lang='lat' dir='ltr'><strong>horno</strong></span> <span class='ocrx_word' id='word_1_192' title='bbox 1145 3398 1252 3457; x_wconf 84' lang='lat' dir='ltr'><strong>vester</strong></span> <span class='ocrx_word' id='word_1_193' title='bbox 1280 3412 1346 3456; x_wconf 91' lang='lat' dir='ltr'><strong>una</strong></span> <span class='ocrx_word' id='word_1_194' title='bbox 1371 3412 1445 3456; x_wconf 93' lang='lat' dir='ltr'><strong>cum</strong></span> <span class='ocrx_word' id='word_1_195' title='bbox 1466 3393 1536 3476; x_wconf 93' lang='lat' dir='ltr'><strong>ipso</strong></span> <span class='ocrx_word' id='word_1_196' title='bbox 1559 3394 1687 3458; x_wconf 91' lang='lat' dir='ltr'><strong>homine</strong></span> 
     </span>
     <span class='ocr_line' id='line_1_24' title="bbox 288 3494 1687 3585; baseline -0.004 -21"><span class='ocrx_word' id='word_1_197' title='bbox 288 3509 396 3565; x_wconf 91' lang='lat' dir='ltr'><strong>nostro</strong></span> <span class='ocrx_word' id='word_1_198' title='bbox 428 3502 586 3565; x_wconf 90' lang='lat' dir='ltr'><strong>dominica</strong></span> <span class='ocrx_word' id='word_1_199' title='bbox 612 3502 760 3585; x_wconf 83' lang='lat' dir='ltr'><strong>proxima</strong></span> <span class='ocrx_word' id='word_1_200' title='bbox 786 3506 859 3564; x_wconf 84' lang='lat' dir='ltr'><strong>ante</strong></span> <span class='ocrx_word' id='word_1_201' title='bbox 890 3501 1006 3564; x_wconf 80' lang='lat' dir='ltr'><strong>festum</strong></span> <span class='ocrx_word' id='word_1_202' title='bbox 1037 3497 1120 3562; x_wconf 91' lang='lat' dir='ltr'><strong>beati</strong></span> <span class='ocrx_word' id='word_1_203' title='bbox 1143 3495 1271 3580; x_wconf 82' lang='lat' dir='ltr'><strong>Georgii</strong></span> <span class='ocrx_word' id='word_1_204' title='bbox 1299 3494 1478 3578; x_wconf 64' lang='lat' dir='ltr'><strong>martyriae</strong></span> <span class='ocrx_word' id='word_1_205' title='bbox 1508 3496 1548 3559; x_wconf 92' lang='lat' dir='ltr'><strong>ad</strong></span> <span class='ocrx_word' id='word_1_206' title='bbox 1574 3496 1687 3562; x_wconf 87' lang='lat' dir='ltr'><strong>iaoiem</strong></span> 
     </span>
     <span class='ocr_line' id='line_1_25' title="bbox 288 3599 1686 3689; baseline -0.004 -21"><span class='ocrx_word' id='word_1_207' title='bbox 288 3610 456 3669; x_wconf 89' lang='lat' dir='ltr'><strong>terrarum</strong></span> <span class='ocrx_word' id='word_1_208' title='bbox 474 3625 532 3669; x_wconf 90' lang='lat' dir='ltr'><strong>sen</strong></span> <span class='ocrx_word' id='word_1_209' title='bbox 562 3606 799 3689; x_wconf 86' lang='lat' dir='ltr'><strong>possessionum</strong></span> <span class='ocrx_word' id='word_1_210' title='bbox 827 3603 950 3668; x_wconf 87' lang='lat' dir='ltr'><strong>Nicolai</strong></span> <span class='ocrx_word' id='word_1_211' title='bbox 979 3602 1035 3665; x_wconf 90' lang='lat' dir='ltr'><strong>filii</strong></span> <span class='ocrx_word' id='word_1_212' title='bbox 1067 3602 1191 3666; x_wconf 82' lang='lat' dir='ltr'><strong>Emnch</strong></span> <span class='ocrx_word' id='word_1_213' title='bbox 1222 3602 1296 3664; x_wconf 90' lang='lat' dir='ltr'><strong>dicti</strong></span> <span class='ocrx_word' id='word_1_214' title='bbox 1317 3601 1407 3681; x_wconf 87' lang='lat' dir='ltr'><strong>Wos,</strong></span> <span class='ocrx_word' id='word_1_215' title='bbox 1433 3599 1686 3685; x_wconf 72' lang='lat' dir='ltr'><strong>Soenthgothart</strong></span> 
     </span>
    </p>

    <p class='ocr_par' dir='ltr' id='par_1_10' title="bbox 217 3704 1687 4206">
     <span class='ocr_line' id='line_1_26' title="bbox 217 3704 1685 3791; baseline 0.001 -22"><span class='ocrx_word' id='word_1_216' title='bbox 217 3719 250 3770; x_wconf 73' lang='lat'><strong>25</strong></span> <span class='ocrx_word' id='word_1_217' title='bbox 287 3707 400 3791; x_wconf 82' lang='lat' dir='ltr'><strong>Chege,</strong></span> <span class='ocrx_word' id='word_1_218' title='bbox 424 3708 608 3790; x_wconf 82' lang='lat' dir='ltr'><strong>Soentyuan</strong></span> <span class='ocrx_word' id='word_1_219' title='bbox 638 3714 670 3772; x_wconf 91' lang='lat' dir='ltr'><strong>et</strong></span> <span class='ocrx_word' id='word_1_220' title='bbox 692 3707 798 3770; x_wconf 87' lang='lat' dir='ltr'><strong>Ziluas</strong></span> <span class='ocrx_word' id='word_1_221' title='bbox 828 3713 1010 3772; x_wconf 87' lang='lat' dir='ltr'><strong>vocatarum</strong></span> <span class='ocrx_word' id='word_1_222' title='bbox 1042 3708 1250 3771; x_wconf 87' lang='lat' dir='ltr'><strong>accessissent</strong></span> <span class='ocrx_word' id='word_1_223' title='bbox 1279 3710 1312 3770; x_wconf 91' lang='grc'><strong>61</strong></span> <span class='ocrx_word' id='word_1_224' title='bbox 1341 3704 1525 3769; x_wconf 85' lang='lat' dir='ltr'><strong>convocatis</strong></span> <span class='ocrx_word' id='word_1_225' title='bbox 1547 3723 1685 3771; x_wconf 88' lang='lat' dir='ltr'><strong>comme-</strong></span> 
     </span>
     <span class='ocr_line' id='line_1_27' title="bbox 288 3808 1687 3892; baseline -0.002 -16"><span class='ocrx_word' id='word_1_226' title='bbox 288 3813 389 3876; x_wconf 86' lang='lat' dir='ltr'><strong>tanais</strong></span> <span class='ocrx_word' id='word_1_227' title='bbox 411 3818 444 3876; x_wconf 90' lang='lat' dir='ltr'><strong>et</strong></span> <span class='ocrx_word' id='word_1_228' title='bbox 460 3813 573 3876; x_wconf 85' lang='lat' dir='ltr'><strong>vicinis</strong></span> <span class='ocrx_word' id='word_1_229' title='bbox 595 3813 663 3876; x_wconf 91' lang='lat' dir='ltr'><strong>suis</strong></span> <span class='ocrx_word' id='word_1_230' title='bbox 678 3812 769 3874; x_wconf 83' lang='lat' dir='ltr'><strong>iuxta</strong></span> <span class='ocrx_word' id='word_1_231' title='bbox 783 3816 909 3876; x_wconf 80' lang='lat' dir='ltr'><strong>veterae</strong></span> <span class='ocrx_word' id='word_1_232' title='bbox 932 3818 1032 3876; x_wconf 86' lang='lat' dir='ltr'><strong>metas</strong></span> <span class='ocrx_word' id='word_1_233' title='bbox 1054 3817 1087 3876; x_wconf 90' lang='grc'><strong>61</strong></span> <span class='ocrx_word' id='word_1_234' title='bbox 1101 3810 1250 3892; x_wconf 84' lang='grc'><strong><em>66116666</em></strong></span> <span class='ocrx_word' id='word_1_235' title='bbox 1272 3808 1524 3874; x_wconf 85' lang='lat' dir='ltr'><strong>reambulassent</strong></span> <span class='ocrx_word' id='word_1_236' title='bbox 1546 3813 1579 3873; x_wconf 89' lang='grc'><strong>61</strong></span> <span class='ocrx_word' id='word_1_237' title='bbox 1593 3827 1687 3873; x_wconf 89' lang='lat' dir='ltr'><strong>reno·</strong></span> 
     </span>
     <span class='ocr_line' id='line_1_28' title="bbox 287 3911 1687 3996; baseline 0 -19"><span class='ocrx_word' id='word_1_238' title='bbox 287 3924 417 3981; x_wconf 84' lang='lat' dir='ltr'><strong>vassent</strong></span> <span class='ocrx_word' id='word_1_239' title='bbox 433 3917 559 3980; x_wconf 83' lang='lat' dir='ltr'><strong>easdem</strong></span> <span class='ocrx_word' id='word_1_240' title='bbox 575 3916 635 3980; x_wconf 86' lang='lat' dir='ltr'><strong>sub</strong></span> <span class='ocrx_word' id='word_1_241' title='bbox 652 3916 832 3979; x_wconf 88' lang='lat' dir='ltr'><strong>testimonio</strong></span> <span class='ocrx_word' id='word_1_242' title='bbox 855 3916 998 3979; x_wconf 91' lang='lat' dir='ltr'><strong>eiusdem</strong></span> <span class='ocrx_word' id='word_1_243' title='bbox 1021 3915 1158 3979; x_wconf 87' lang='lat' dir='ltr'><strong>hominis</strong></span> <span class='ocrx_word' id='word_1_244' title='bbox 1180 3913 1281 3977; x_wconf 90' lang='lat' dir='ltr'><strong>nostri</strong></span> <span class='ocrx_word' id='word_1_245' title='bbox 1304 3911 1536 3977; x_wconf 81' lang='lat' dir='ltr'><strong>contradictore</strong></span> <span class='ocrx_word' id='word_1_246' title='bbox 1557 3913 1687 3996; x_wconf 90' lang='lat' dir='ltr'><strong>penitus</strong></span> 
     </span>
     <span class='ocr_line' id='line_1_29' title="bbox 286 4014 1686 4103; baseline -0.004 -19"><span class='ocrx_word' id='word_1_247' title='bbox 286 4028 412 4103; x_wconf 89' lang='lat' dir='ltr'><strong>praeter</strong></span> <span class='ocrx_word' id='word_1_248' title='bbox 434 4021 594 4102; x_wconf 88' lang='lat' dir='ltr'><strong>quandam</strong></span> <span class='ocrx_word' id='word_1_249' title='bbox 618 4020 803 4103; x_wconf 88' lang='lat' dir='ltr'><strong>particulam</strong></span> <span class='ocrx_word' id='word_1_250' title='bbox 828 4025 931 4083; x_wconf 88' lang='lat' dir='ltr'><strong>terrae</strong></span> <span class='ocrx_word' id='word_1_251' title='bbox 954 4018 1061 4082; x_wconf 87' lang='lat' dir='ltr'><strong>Ziluas</strong></span> <span class='ocrx_word' id='word_1_252' title='bbox 1075 4019 1220 4099; x_wconf 82' lang='lat' dir='ltr'><strong>Zenasay</strong></span> <span class='ocrx_word' id='word_1_253' title='bbox 1243 4023 1374 4081; x_wconf 81' lang='lat' dir='ltr'><strong>vocatae</strong></span> <span class='ocrx_word' id='word_1_254' title='bbox 1396 4015 1474 4079; x_wconf 90' lang='lat' dir='ltr'><strong>inibi</strong></span> <span class='ocrx_word' id='word_1_255' title='bbox 1483 4014 1505 4093; x_wconf 79' lang='lat'><strong>²)</strong></span> <span class='ocrx_word' id='word_1_256' title='bbox 1526 4015 1561 4077; x_wconf 91' lang='lat' dir='ltr'><strong>in</strong></span> <span class='ocrx_word' id='word_1_257' title='bbox 1584 4034 1686 4079; x_wconf 90' lang='lat' dir='ltr'><strong>ream·</strong></span> 
     </span>
     <span class='ocr_line' id='line_1_30' title="bbox 286 4119 1687 4206; baseline -0.001 -21"><span class='ocrx_word' id='word_1_258' title='bbox 286 4124 451 4188; x_wconf 88' lang='lat' dir='ltr'><strong>bulatione</strong></span> <span class='ocrx_word' id='word_1_259' title='bbox 487 4131 519 4188; x_wconf 92' lang='lat' dir='ltr'><strong>et</strong></span> <span class='ocrx_word' id='word_1_260' title='bbox 552 4123 711 4187; x_wconf 88' lang='lat' dir='ltr'><strong>erectione</strong></span> <span class='ocrx_word' id='word_1_261' title='bbox 745 4130 899 4187; x_wconf 86' lang='lat' dir='ltr'><strong>metarum</strong></span> <span class='ocrx_word' id='word_1_262' title='bbox 930 4142 988 4206; x_wconf 90' lang='lat' dir='ltr'><strong>per</strong></span> <span class='ocrx_word' id='word_1_263' title='bbox 1017 4122 1157 4205; x_wconf 87' lang='lat' dir='ltr'><strong>hospites</strong></span> <span class='ocrx_word' id='word_1_264' title='bbox 1187 4121 1226 4185; x_wconf 91' lang='lat' dir='ltr'><strong>de</strong></span> <span class='ocrx_word' id='word_1_265' title='bbox 1257 4120 1322 4184; x_wconf 77' lang='lat' dir='ltr'><strong>Zelr</strong></span> <span class='ocrx_word' id='word_1_266' title='bbox 1354 4127 1387 4185; x_wconf 90' lang='grc'><strong>61</strong></span> <span class='ocrx_word' id='word_1_267' title='bbox 1419 4119 1597 4204; x_wconf 85' lang='lat' dir='ltr'><strong>specialiter</strong></span> <span class='ocrx_word' id='word_1_268' title='bbox 1630 4139 1687 4204; x_wconf 91' lang='lat' dir='ltr'><strong>per</strong></span> 
     </span>
    </p>

    <p class='ocr_par' dir='ltr' id='par_1_11' title="bbox 217 4222 1688 4620">
     <span class='ocr_line' id='line_1_31' title="bbox 217 4222 1688 4308; baseline -0.001 -20"><span class='ocrx_word' id='word_1_269' title='bbox 217 4236 252 4289; x_wconf 83' lang='lat'><strong>30</strong></span> <span class='ocrx_word' id='word_1_270' title='bbox 286 4227 466 4290; x_wconf 87' lang='lat' dir='ltr'><strong>Johannern</strong></span> <span class='ocrx_word' id='word_1_271' title='bbox 496 4227 623 4290; x_wconf 85' lang='lat' dir='ltr'><strong>tratrem</strong></span> <span class='ocrx_word' id='word_1_272' title='bbox 655 4227 860 4304; x_wconf 66' lang='lat' dir='ltr'><strong>sacerdotem,</strong></span> <span class='ocrx_word' id='word_1_273' title='bbox 883 4226 1078 4308; x_wconf 81' lang='lat' dir='ltr'><strong>Myolraelem</strong></span> <span class='ocrx_word' id='word_1_274' title='bbox 1111 4225 1231 4288; x_wconf 88' lang='lat' dir='ltr'><strong>dictum</strong></span> <span class='ocrx_word' id='word_1_275' title='bbox 1258 4224 1347 4306; x_wconf 82' lang='lat' dir='ltr'><strong>Zaaz,</strong></span> <span class='ocrx_word' id='word_1_276' title='bbox 1369 4223 1555 4288; x_wconf 88' lang='lat' dir='ltr'><strong>Michaelem</strong></span> <span class='ocrx_word' id='word_1_277' title='bbox 1584 4222 1688 4288; x_wconf 91' lang='lat' dir='ltr'><strong>filium</strong></span> 
     </span>
     <span class='ocr_line' id='line_1_32' title="bbox 287 4327 1686 4413; baseline 0 -21"><span class='ocrx_word' id='word_1_278' title='bbox 287 4329 425 4408; x_wconf 77' lang='lat' dir='ltr'><strong>Martini,</strong></span> <span class='ocrx_word' id='word_1_279' title='bbox 449 4329 637 4413; x_wconf 84' lang='lat' dir='ltr'><strong>Gregorium</strong></span> <span class='ocrx_word' id='word_1_280' title='bbox 660 4330 762 4394; x_wconf 90' lang='lat' dir='ltr'><strong>filium</strong></span> <span class='ocrx_word' id='word_1_281' title='bbox 786 4330 935 4413; x_wconf 75' lang='lat' dir='ltr'><strong>Chepani,</strong></span> <span class='ocrx_word' id='word_1_282' title='bbox 957 4329 1113 4393; x_wconf 91' lang='lat' dir='ltr'><strong>Jacobnm</strong></span> <span class='ocrx_word' id='word_1_283' title='bbox 1136 4328 1236 4392; x_wconf 89' lang='lat' dir='ltr'><strong>filium</strong></span> <span class='ocrx_word' id='word_1_284' title='bbox 1257 4329 1326 4411; x_wconf 84' lang='lat' dir='ltr'><strong>Zug</strong></span> <span class='ocrx_word' id='word_1_285' title='bbox 1348 4333 1379 4392; x_wconf 93' lang='lat' dir='ltr'><strong>et</strong></span> <span class='ocrx_word' id='word_1_286' title='bbox 1400 4327 1534 4392; x_wconf 90' lang='lat' dir='ltr'><strong>Petrum</strong></span> <span class='ocrx_word' id='word_1_287' title='bbox 1556 4328 1686 4392; x_wconf 76' lang='grc'><strong><em>11611661</em></strong></span> 
     </span>
     <span class='ocr_line' id='line_1_33' title="bbox 287 4430 1687 4517; baseline 0.001 -21"><span class='ocrx_word' id='word_1_288' title='bbox 287 4433 427 4497; x_wconf 89' lang='lat' dir='ltr'><strong>eiusdem</strong></span> <span class='ocrx_word' id='word_1_289' title='bbox 462 4439 494 4497; x_wconf 90' lang='lat' dir='ltr'><strong>et</strong></span> <span class='ocrx_word' id='word_1_290' title='bbox 516 4432 713 4497; x_wconf 84' lang='lat' dir='ltr'><strong>Demetrium</strong></span> <span class='ocrx_word' id='word_1_291' title='bbox 745 4434 863 4497; x_wconf 90' lang='lat' dir='ltr'><strong>dictum</strong></span> <span class='ocrx_word' id='word_1_292' title='bbox 894 4434 1037 4498; x_wconf 86' lang='lat' dir='ltr'><strong>Paruum</strong></span> <span class='ocrx_word' id='word_1_293' title='bbox 1067 4434 1207 4517; x_wconf 88' lang='lat' dir='ltr'><strong>hospites</strong></span> <span class='ocrx_word' id='word_1_294' title='bbox 1236 4433 1276 4497; x_wconf 92' lang='lat' dir='ltr'><strong>de</strong></span> <span class='ocrx_word' id='word_1_295' title='bbox 1306 4432 1426 4513; x_wconf 88' lang='lat' dir='ltr'><strong>eadem,</strong></span> <span class='ocrx_word' id='word_1_296' title='bbox 1455 4430 1687 4497; x_wconf 88' lang='lat' dir='ltr'><strong>contradictore</strong></span> 
     </span>
     <span class='ocr_line' id='line_1_34' title="bbox 287 4534 1687 4620; baseline -0.001 -19"><span class='ocrx_word' id='word_1_297' title='bbox 287 4538 454 4619; x_wconf 80' lang='lat' dir='ltr'><strong>existente,</strong></span> <span class='ocrx_word' id='word_1_298' title='bbox 486 4558 567 4620; x_wconf 89' lang='lat' dir='ltr'><strong>quos</strong></span> <span class='ocrx_word' id='word_1_299' title='bbox 597 4538 680 4601; x_wconf 91' lang='lat' dir='ltr'><strong>idem</strong></span> <span class='ocrx_word' id='word_1_300' title='bbox 712 4539 805 4601; x_wconf 89' lang='lat' dir='ltr'><strong>homo</strong></span> <span class='ocrx_word' id='word_1_301' title='bbox 836 4544 942 4602; x_wconf 88' lang='lat' dir='ltr'><strong>vester</strong></span> <span class='ocrx_word' id='word_1_302' title='bbox 964 4538 1024 4602; x_wconf 88' lang='lat' dir='ltr'><strong>sub</strong></span> <span class='ocrx_word' id='word_1_303' title='bbox 1048 4537 1228 4601; x_wconf 86' lang='lat' dir='ltr'><strong>testimonio</strong></span> <span class='ocrx_word' id='word_1_304' title='bbox 1258 4536 1401 4601; x_wconf 88' lang='lat' dir='ltr'><strong>eiusdem</strong></span> <span class='ocrx_word' id='word_1_305' title='bbox 1426 4534 1564 4599; x_wconf 85' lang='lat' dir='ltr'><strong>hominis</strong></span> <span class='ocrx_word' id='word_1_306' title='bbox 1586 4535 1687 4599; x_wconf 87' lang='lat' dir='ltr'><strong>nostri</strong></span> 
     </span>
    </p>

    <p class='ocr_par' dir='ltr' id='par_1_12' title="bbox 287 4639 1686 4725">
     <span class='ocr_line' id='line_1_35' title="bbox 287 4639 1686 4725; baseline -0.001 -22"><span class='ocrx_word' id='word_1_307' title='bbox 287 4641 326 4703; x_wconf 88' lang='lat' dir='ltr'><strong>ad</strong></span> <span class='ocrx_word' id='word_1_308' title='bbox 350 4645 487 4704; x_wconf 86' lang='lat' dir='ltr'><strong>vestram</strong></span> <span class='ocrx_word' id='word_1_309' title='bbox 519 4642 728 4725; x_wconf 87' lang='lat' dir='ltr'><strong>praesentiam</strong></span> <span class='ocrx_word' id='word_1_310' title='bbox 758 4641 796 4704; x_wconf 89' lang='lat' dir='ltr'><strong>ad</strong></span> <span class='ocrx_word' id='word_1_311' title='bbox 828 4642 961 4725; x_wconf 90' lang='lat' dir='ltr'><strong>primam</strong></span> <span class='ocrx_word' id='word_1_312' title='bbox 991 4641 1268 4724; x_wconf 83' lang='lat' dir='ltr'><strong>congregationem</strong></span> <span class='ocrx_word' id='word_1_313' title='bbox 1299 4640 1390 4723; x_wconf 78' lang='lat' dir='ltr'><strong>regni</strong></span> <span class='ocrx_word' id='word_1_314' title='bbox 1415 4644 1527 4703; x_wconf 88' lang='lat' dir='ltr'><strong>contra</strong></span> <span class='ocrx_word' id='word_1_315' title='bbox 1548 4639 1686 4704; x_wconf 89' lang='lat' dir='ltr'><strong>eundem</strong></span> 
     </span>
    </p>

    <p class='ocr_par' dir='ltr' id='par_1_13' title="bbox 218 4743 1687 5241">
     <span class='ocr_line' id='line_1_36' title="bbox 218 4743 1687 4830; baseline 0.001 -24"><span class='ocrx_word' id='word_1_316' title='bbox 218 4755 251 4806; x_wconf 78' lang='grc'><strong>36</strong></span> <span class='ocrx_word' id='word_1_317' title='bbox 288 4744 455 4808; x_wconf 83' lang='lat' dir='ltr'><strong>Nicolaum</strong></span> <span class='ocrx_word' id='word_1_318' title='bbox 477 4744 577 4808; x_wconf 88' lang='lat' dir='ltr'><strong>filium</strong></span> <span class='ocrx_word' id='word_1_319' title='bbox 601 4744 724 4808; x_wconf 84' lang='lat' dir='ltr'><strong>Emuch</strong></span> <span class='ocrx_word' id='word_1_320' title='bbox 747 4744 867 4808; x_wconf 88' lang='lat' dir='ltr'><strong>dictum</strong></span> <span class='ocrx_word' id='word_1_321' title='bbox 890 4744 970 4808; x_wconf 91' lang='lat' dir='ltr'><strong>Wos</strong></span> <span class='ocrx_word' id='word_1_322' title='bbox 992 4745 1120 4808; x_wconf 82' lang='lat' dir='ltr'><strong>citasset</strong></span> <span class='ocrx_word' id='word_1_323' title='bbox 1141 4763 1359 4830; x_wconf 88' lang='lat' dir='ltr'><strong>responsuros.</strong></span> <span class='ocrx_word' id='word_1_324' title='bbox 1397 4743 1541 4820; x_wconf 80' lang='lat' dir='ltr'><strong>Quarum</strong></span> <span class='ocrx_word' id='word_1_325' title='bbox 1556 4743 1687 4826; x_wconf 89' lang='lat' dir='ltr'><strong>quidem</strong></span> 
     </span>
     <span class='ocr_line' id='line_1_37' title="bbox 287 4847 1687 4932; baseline -0.001 -21"><span class='ocrx_word' id='word_1_326' title='bbox 287 4849 524 4932; x_wconf 85' lang='lat' dir='ltr'><strong>possessionum</strong></span> <span class='ocrx_word' id='word_1_327' title='bbox 556 4853 713 4913; x_wconf 87' lang='lat' dir='ltr'><strong>metarum</strong></span> <span class='ocrx_word' id='word_1_328' title='bbox 743 4866 858 4911; x_wconf 87' lang='lat' dir='ltr'><strong>cursus</strong></span> <span class='ocrx_word' id='word_1_329' title='bbox 889 4847 943 4911; x_wconf 89' lang='lat' dir='ltr'><strong>tali</strong></span> <span class='ocrx_word' id='word_1_330' title='bbox 975 4848 1086 4912; x_wconf 88' lang='lat' dir='ltr'><strong>ordine</strong></span> <span class='ocrx_word' id='word_1_331' title='bbox 1116 4848 1358 4930; x_wconf 84' lang='lat' dir='ltr'><strong>distinguuntur</strong></span> <span class='ocrx_word' id='word_1_332' title='bbox 1391 4866 1448 4912; x_wconf 88' lang='grc'><strong>666</strong></span> <span class='ocrx_word' id='word_1_333' title='bbox 1477 4847 1603 4911; x_wconf 85' lang='lat' dir='ltr'><strong>radunt</strong></span> <span class='ocrx_word' id='word_1_334' title='bbox 1630 4865 1687 4931; x_wconf 89' lang='lat' dir='ltr'><strong>per</strong></span> 
     </span>
     <span class='ocr_line' id='line_1_38' title="bbox 288 4951 1687 5037; baseline -0.001 -22"><span class='ocrx_word' id='word_1_335' title='bbox 288 4953 373 5016; x_wconf 89' lang='lat' dir='ltr'><strong>hunc</strong></span> <span class='ocrx_word' id='word_1_336' title='bbox 403 4953 544 5029; x_wconf 76' lang='lat' dir='ltr'><strong>modum,</strong></span> <span class='ocrx_word' id='word_1_337' title='bbox 575 4951 724 5017; x_wconf 84' lang='lat' dir='ltr'><strong>videlicet</strong></span> <span class='ocrx_word' id='word_1_338' title='bbox 753 4951 855 5037; x_wconf 89' lang='lat' dir='ltr'><strong>prima</strong></span> <span class='ocrx_word' id='word_1_339' title='bbox 885 4956 969 5015; x_wconf 85' lang='lat' dir='ltr'><strong>meta</strong></span> <span class='ocrx_word' id='word_1_340' title='bbox 998 4951 1109 5035; x_wconf 89' lang='lat' dir='ltr'><strong>incipit</strong></span> <span class='ocrx_word' id='word_1_341' title='bbox 1130 4971 1149 5014; x_wconf 90' lang='lat' dir='ltr'><strong>a</strong></span> <span class='ocrx_word' id='word_1_342' title='bbox 1170 4956 1260 5034; x_wconf 88' lang='lat' dir='ltr'><strong>parta</strong></span> <span class='ocrx_word' id='word_1_343' title='bbox 1291 4951 1478 5016; x_wconf 85' lang='lat' dir='ltr'><strong>occidentali</strong></span> <span class='ocrx_word' id='word_1_344' title='bbox 1508 4951 1687 5034; x_wconf 85' lang='lat' dir='ltr'><strong>aquadam</strong></span> 
     </span>
     <span class='ocr_line' id='line_1_39' title="bbox 291 5055 1686 5139; baseline -0.001 -20"><span class='ocrx_word' id='word_1_345' title='bbox 291 5056 373 5119; x_wconf 87' lang='lat' dir='ltr'><strong>silva</strong></span> <span class='ocrx_word' id='word_1_346' title='bbox 394 5055 689 5138; x_wconf 84' lang='lat' dir='ltr'><strong>Mylrolatclulreteu</strong></span> <span class='ocrx_word' id='word_1_347' title='bbox 712 5057 883 5138; x_wconf 80' lang='lat' dir='ltr'><strong>nominata,</strong></span> <span class='ocrx_word' id='word_1_348' title='bbox 906 5056 945 5120; x_wconf 92' lang='lat' dir='ltr'><strong>de</strong></span> <span class='ocrx_word' id='word_1_349' title='bbox 968 5074 1033 5137; x_wconf 91' lang='lat' dir='ltr'><strong>qua</strong></span> <span class='ocrx_word' id='word_1_350' title='bbox 1054 5056 1143 5119; x_wconf 82' lang='lat' dir='ltr'><strong>vadit</strong></span> <span class='ocrx_word' id='word_1_351' title='bbox 1164 5055 1197 5118; x_wconf 91' lang='lat' dir='ltr'><strong>in</strong></span> <span class='ocrx_word' id='word_1_352' title='bbox 1213 5056 1324 5119; x_wconf 87' lang='lat' dir='ltr'><strong>eadem</strong></span> <span class='ocrx_word' id='word_1_353' title='bbox 1345 5055 1426 5119; x_wconf 80' lang='lat' dir='ltr'><strong>silva</strong></span> <span class='ocrx_word' id='word_1_354' title='bbox 1446 5075 1504 5139; x_wconf 90' lang='lat' dir='ltr'><strong>per</strong></span> <span class='ocrx_word' id='word_1_355' title='bbox 1526 5055 1686 5137; x_wconf 87' lang='lat' dir='ltr'><strong>quendam</strong></span> 
     </span>
     <span class='ocr_line' id='line_1_40' title="bbox 287 5157 1685 5241; baseline 0 -18"><span class='ocrx_word' id='word_1_356' title='bbox 287 5160 383 5223; x_wconf 89' lang='lat' dir='ltr'><strong>berch</strong></span> <span class='ocrx_word' id='word_1_357' title='bbox 400 5158 594 5224; x_wconf 88' lang='lat' dir='ltr'><strong>Hollokerek</strong></span> <span class='ocrx_word' id='word_1_358' title='bbox 618 5166 775 5240; x_wconf 85' lang='lat' dir='ltr'><strong>vocatum,</strong></span> <span class='ocrx_word' id='word_1_359' title='bbox 797 5161 830 5223; x_wconf 90' lang='lat' dir='ltr'><strong>in</strong></span> <span class='ocrx_word' id='word_1_360' title='bbox 855 5178 919 5241; x_wconf 91' lang='lat' dir='ltr'><strong>quo</strong></span> <span class='ocrx_word' id='word_1_361' title='bbox 943 5159 1061 5224; x_wconf 88' lang='lat' dir='ltr'><strong>directe</strong></span> <span class='ocrx_word' id='word_1_362' title='bbox 1084 5160 1248 5225; x_wconf 88' lang='lat' dir='ltr'><strong>descendit</strong></span> <span class='ocrx_word' id='word_1_363' title='bbox 1269 5160 1309 5223; x_wconf 87' lang='lat' dir='ltr'><strong>ad</strong></span> <span class='ocrx_word' id='word_1_364' title='bbox 1326 5157 1463 5224; x_wconf 87' lang='lat' dir='ltr'><strong>tlurium</strong></span> <span class='ocrx_word' id='word_1_365' title='bbox 1477 5158 1685 5224; x_wconf 84' lang='lat' dir='ltr'><strong>Zorwosthou</strong></span> 
     </span>
    </p>

    <p class='ocr_par' dir='ltr' id='par_1_14' title="bbox 216 5263 1686 5348">
     <span class='ocr_line' id='line_1_41' title="bbox 216 5263 1686 5348; baseline 0.003 -24"><span class='ocrx_word' id='word_1_366' title='bbox 216 5273 251 5325; x_wconf 79' lang='lat' dir='ltr'><strong>lo</strong></span> <span class='ocrx_word' id='word_1_367' title='bbox 286 5263 483 5327; x_wconf 88' lang='lat' dir='ltr'><strong>nominatum</strong></span> <span class='ocrx_word' id='word_1_368' title='bbox 514 5265 555 5327; x_wconf 88' lang='lat' dir='ltr'><strong>ad</strong></span> <span class='ocrx_word' id='word_1_369' title='bbox 585 5264 692 5328; x_wconf 90' lang='lat' dir='ltr'><strong>locum</strong></span> <span class='ocrx_word' id='word_1_370' title='bbox 722 5264 886 5328; x_wconf 87' lang='lat' dir='ltr'><strong>cuiusdam</strong></span> <span class='ocrx_word' id='word_1_371' title='bbox 918 5264 1042 5346; x_wconf 89' lang='lat' dir='ltr'><strong>antiqui</strong></span> <span class='ocrx_word' id='word_1_372' title='bbox 1065 5263 1248 5342; x_wconf 78' lang='lat' dir='ltr'><strong>molendini,</strong></span> <span class='ocrx_word' id='word_1_373' title='bbox 1277 5263 1333 5328; x_wconf 90' lang='lat' dir='ltr'><strong>nbi</strong></span> <span class='ocrx_word' id='word_1_374' title='bbox 1361 5282 1403 5329; x_wconf 84' lang='lat' dir='ltr'><strong>err</strong></span> <span class='ocrx_word' id='word_1_375' title='bbox 1433 5268 1571 5347; x_wconf 88' lang='lat' dir='ltr'><strong>utraque</strong></span> <span class='ocrx_word' id='word_1_376' title='bbox 1597 5268 1686 5348; x_wconf 86' lang='lat' dir='ltr'><strong>parte</strong></span> 
     </span>
    </p>
   </div>
   <div class='ocr_carea' id='block_1_8' title="bbox 441 5399 699 5557">
    <p class='ocr_par' dir='ltr' id='par_1_15' title="bbox 441 5399 699 5557">
     <span class='ocr_line' id='line_1_42' title="bbox 443 5399 626 5468; baseline -0.005 -13"><span class='ocrx_word' id='word_1_377' title='bbox 443 5403 463 5467; x_wconf 76' lang='lat'><strong>¹)</strong></span> <span class='ocrx_word' id='word_1_378' title='bbox 481 5399 626 5468; x_wconf 65' lang='grc'><strong><em>16661.</em></strong></span> 
     </span>
     <span class='ocr_line' id='line_1_43' title="bbox 441 5484 699 5557; baseline -0.004 -16"><span class='ocrx_word' id='word_1_379' title='bbox 441 5488 463 5553; x_wconf 80' lang='lat'><strong>¹)</strong></span> <span class='ocrx_word' id='word_1_380' title='bbox 486 5484 620 5557; x_wconf 59' lang='lat' dir='ltr'><strong>rann:</strong></span> <span class='ocrx_word' id='word_1_381' title='bbox 638 5486 699 5541; x_wconf 77' lang='grc'><strong>66.</strong></span> 
     </span>
    </p>
   </div>
   <div class='ocr_carea' id='block_1_9' title="bbox 393 5586 1584 5652">
    <p class='ocr_par' dir='ltr' id='par_1_16' title="bbox 393 5586 1584 5652">
     <span class='ocr_line' id='line_1_44' title="bbox 393 5586 1584 5652; baseline -0.006 0"><span class='ocrx_word' id='word_1_382' title='bbox 393 5604 586 5652; x_wconf 67' lang='lat' dir='ltr'><strong>mmmmm.</strong></span> <span class='ocrx_word' id='word_1_383' title='bbox 1549 5586 1584 5645; x_wconf 84' lang='grc'><strong>16</strong></span> 
     </span>
    </p>
   </div>
   <div class='ocr_carea' id='block_1_10' title="bbox 0 0 2048 6293">
    <p class='ocr_par' dir='ltr' id='par_1_17' title="bbox 0 0 2048 6293">
     <span class='ocr_line' id='line_1_45' title="bbox 0 0 2048 6293; baseline 0 0"><span class='ocrx_word' id='word_1_384' title='bbox 0 0 2048 6293; x_wconf 95' lang='lat' dir='ltr'><strong> </strong></span> 
     </span>
    </p>
   </div>
  </div>
 </body>
</html>
