4088 6292
920 610 1076 706 Qa—

292 798 389 861 ciario
400 803 512 862 oontm
523 817 621 882 supra
631 797 751 861 dictum
763 798 938 882 capitulum
953 818 1060 863 coram
1071 797 1165 863 nobis
1176 803 1253 862 sunt
1267 799 1406 862 convicti
1421 804 1530 863 nostro
1546 799 1694 864 examine

293 901 412 966 eisdem
443 901 604 966 silentium
634 907 827 986 perpetuum
856 903 1048 987 imponente,
1078 907 1295 986 praenotatam
1325 907 1442 966 terram
1469 902 1695 967 Inanlratelehe

293 1023 367 1068 oum
397 1004 546 1069 omnibus
575 1004 768 1069 utilitatibus
797 1006 865 1069 suis
895 1010 928 1069 et
956 1006 1157 1089 pertinentiis
1183 1006 1243 1070 sub
1273 1006 1393 1070 eisdem
1423 1006 1563 1088 antiquis
1593 1007 1694 1089 metis,

293 1107 393 1190 signis
415 1126 473 1172 sen
493 1109 644 1191 terminis,
668 1109 786 1191 quibus
808 1128 878 1173 eam
899 1108 1050 1192 magister
1063 1108 1230 1173 Emerieus
1252 1109 1363 1173 habuit
1384 1114 1417 1173 et
1438 1109 1589 1174 ecclesiae
1611 1109 1695 1174 beati

242 1219 260 1271 ὁ
295 1209 471 1291 Mychaelis
485 1210 611 1294 legavit
632 1213 835 1295 rquuerunt
848 1213 883 1275 in
898 1212 983 1277 bona
1003 1232 1081 1297 paee
1102 1217 1262 1296 praetacto
1286 1212 1424 1297 capitulo
1446 1218 1600 1296 perpetuo
1622 1232 1695 1298 pos·

293 1315 458 1380 uidendam
478 1320 510 1379 et
524 1315 702 1380 habendam
716 1317 945 1382 satisfacientes
966 1316 1060 1381 nobis
1078 1321 1115 1380 ut
1136 1317 1234 1380 iudici
1255 1318 1288 1379 in
1311 1316 1437 1380 iudiciis
1459 1335 1555 1399 super
1578 1316 1696 1397 quibus

293 1424 406 1483 oontm
427 1418 533 1502 ipsum
556 1419 731 1502 capitulum
746 1419 1015 1503 dignoscebantur
1028 1420 1227 1485 remansisse.
1251 1421 1332 1485 item
1348 1426 1531 1504 praesentes
1552 1421 1586 1484 in
1608 1421 1696 1485 testi·

294 1521 438 1585 monium
453 1522 500 1586 rei
514 1528 622 1605 gestae
644 1524 775 1607 sigillari
796 1524 930 1588 fecimus
952 1523 1054 1607 sigillo
1078 1524 1153 1588 dicti
1174 1523 1314 1588 Ladizlai
1335 1524 1561 1588 vioevaivodaa
1575 1524 1697 1588 domini

294 1626 396 1689 nostri
417 1644 475 1709 per
497 1626 635 1690 eundem
657 1633 735 1690 mne
758 1626 910 1710 temporis
931 1646 1030 1711 penes
1056 1647 1118 1692 nos
1139 1626 1249 1691 relicto
1272 1647 1330 1711 pro
1353 1628 1458 1691 musis
1480 1627 1696 1711 expediendis.

227 1734 262 1789 10
295 1728 415 1793 Datum
443 1730 479 1793 in
507 1729 695 1813 villaGald
718 1731 855 1795 infesto
879 1731 1038 1795 adventus
1068 1731 1169 1795 sancti
1190 1730 1365 1812 Mychaehs
1394 1730 1583 1814 archangeli,
1612 1750 1697 1794 anno

296 1833 417 1897 domini
435 1810 477 1897 hi.
500 1811 560 1898 Ob.
582 1835 787 1919 nonagesimo
809 1835 920 1919 primo.

953 2180 1043 2266 247.

373 2364 472 2433 1291
500 2361 579 2433 Mai
608 2364 664 2434 31.
700 2361 780 2434 Dua
805 2360 1086 2457 Weieecabarpcr
1111 2362 1256 2455 Kopitel
1281 2361 1416 2454 maaet
1443 2360 1509 2432 dea
1538 2357 1698 2451 Vertrop,

296 2483 442 2555 walchen
468 2482 530 2555 der
568 2483 860 2575 eiebcubtirytbcbe
884 2485 1040 2574 Biecbof
1066 2484 1192 2556 Petrae
1230 2484 1294 2554 mit
1333 2482 1400 2553 dea
1434 2479 1699 2552 Zimmcrleutaa

229 2616 263 2670 16
299 2602 427 2695 Spfra'd
450 2627 515 2676 ooo
541 2605 695 2695 Kroklm,
722 2605 836 2678 Jolteb
861 2630 926 2681 ooo
960 2604 1212 2697 weissenburg,
1249 2602 1412 2676 Herbord
1436 2624 1500 2674 voa
1535 2598 1699 2692 Uraoapca

297 2725 371 2796 «aad
396 2724 496 2797 Herae
521 2748 586 2798 oon
611 2727 754 2819 Kellinq
781 2727 967 2818 bebaffead
992 2729 1058 2800 dea
1084 2727 1168 2798 Bou
1194 2726 1253 2798 dae
1278 2723 1416 2796 Ducbes
1443 2723 1503 2795 dee
1527 2719 1698 2795 Waabsea·

298 2845 424 2938 barper
448 2844 577 2919 Demea
602 2847 856 2938 abpaecblosoea
882 2847 953 2919 bot.
1673 2852 1676 2857 ’

457 3008 532 3080 erip.
551 3010 633 3080 Pero.
651 3010 862 3079 Kapitelarclrio
880 3011 1047 3080 Kcrleburq.
1069 3008 1158 3080 Siepel
1175 3009 1258 3076 rand,
1275 3024 1335 3063 war
1351 3008 1384 3062 {a
1401 3007 1509 3063 weiaaea
1531 3004 1632 3062 Wacbs
1649 3006 1707 3074 aas

401 3096 451 3151 der
468 3096 612 3152 Rtlclteet'te
630 3098 818 3169 despatio-tiolo.

228 3214 265 3269 28
453 3218 565 3272 Druck:
589 3217 800 3273 &multamus
818 3218 884 3274 cleri
901 3219 984 3273 dioec.
1013 3218 1253 3273 Themellum&
1271 3216 1342 3271 Seite
1359 3213 1507 3270 LXXIX.
1542 3213 1654 3269 Teuteclt
1672 3230 1700 3266 a.

403 3304 564 3358 Firababar
582 3304 654 3360 Stet.
677 3305 759 3360 Urkb.
778 3305 804 3374 Ι,
823 3309 883 3361 170,
901 3305 1044 3360 Jubrbaeb
1061 3306 1110 3359 der
1128 3306 1153 3359 k.
1172 3304 1197 3358 k.
1219 3302 1508 3358 Centrolltommt'aaioa
1525 3301 1588 3370 III,
1607 3304 1666 3354 168.

457 3425 569 3496 Reyeat:
591 3425 754 3480 fatemini
771 3426 817 3480 ἰόν
836 3430 912 3493 1889,
931 3431 991 3481 574.

453 3601 521 3664 Nos
532 3601 708 3685 capitulum
719 3600 871 3665 ecclesiae
886 3600 970 3665 beati
981 3599 1123 3665 Micaelis
1137 3597 1317 3681 archangeli
1331 3596 1573 3661 Transsiluanae
1589 3595 1703 3658 damus

298 3723 357 3786 pro
379 3705 541 3786 memoria,
565 3705 651 3786 quod
667 3704 841 3769 venerabili
856 3710 947 3788 patre
969 3704 1097 3767 domino
1113 3703 1209 3767 Petro
1233 3702 1380 3786 episcopo
1398 3699 1538 3783 praelato
1559 3703 1704 3762 nostroa

228 3810 263 3866 25
298 3813 387 3890 parte
402 3827 476 3889 una,
499 3806 627 3889 Syhido
651 3808 691 3872 de
707 3808 850 3889 Craton,
872 3808 993 3872 Jacobo
1008 3808 1151 3889 Albensi,
1173 3805 1341 3870 Herbardo
1362 3804 1401 3867 de
1416 3802 1548 3866 Wrbow
1564 3805 1596 3864 et
1610 3799 1703 3864 Hanc

299 3911 339 3974 de
359 3910 488 3974 Kelnuh
510 3912 715 3995 cementariis
736 3911 987 3995 praesentiahter
1008 3910 1190 3974 constitutis
1212 3927 1254 3972 ex
1273 3907 1380 3987 altera,
1401 3904 1499 3967 iidem
1513 3902 1704 3987 carpentarii

299 4033 372 4077 cnm
401 4014 472 4098 ipso
494 4014 667 4078 venerabili
697 4022 787 4099 patre
819 4034 917 4099 super
938 4013 1026 4078 totali
1049 4014 1153 4097 bgneo
1176 4030 1272 4096 opere
1302 4030 1361 4074 seu
1383 4013 1567 4091 tegumento
1597 4007 1703 4070 cathe-

300 4117 396 4181 dralis
418 4117 570 4182 ecclesiae
592 4118 676 4181 beati
697 4117 839 4181 Mioaelis
861 4116 1040 4201 archangeli
1066 4118 1212 4180 fecemnt
1233 4120 1361 4197 pactum
1387 4111 1450 4175 tale
1472 4130 1579 4174 coram
1601 4110 1703 4191 nobis,

300 4222 388 4303 quod
410 4221 529 4285 scilicet
550 4226 676 4306 praeter
690 4226 819 4303 tectum,
842 4220 929 4303 quod
952 4220 1046 4284 debet
1065 4218 1183 4284 elevari
1205 4236 1303 4300 supra
1317 4216 1415 4278 altare
1438 4215 1548 4279 beatae
1570 4213 1704 4296 virginis

230 4327 267 4383 30
301 4329 334 4388 et
363 4325 486 4389 vultam
515 4326 705 4389 existentem
728 4325 762 4387 in
785 4324 835 4388 ala
855 4324 965 4388 ruitae
988 4324 1088 4409 ipsius
1110 4322 1218 4386 altaris
1240 4320 1351 4385 beatae
1379 4318 1514 4401 virginis
1543 4317 1703 4399 contigua.

300 4427 381 4492 item
404 4434 530 4512 praeter
551 4434 672 4492 tectum
694 4428 802 4491 altaris
823 4427 908 4492 beati
929 4426 1087 4491 Johannis
1112 4426 1268 4510 baptistae
1290 4428 1323 4487 et
1345 4422 1440 4485 etiam
1463 4420 1623 4484 sacristiae
1645 4437 1702 4483 seu

302 4550 452 4596 camarae.
486 4532 567 4596 Item
598 4538 724 4615 praeter
753 4536 882 4613 tectum,
914 4531 1000 4613 quod
1031 4549 1100 4594 esse
1129 4528 1222 4593 debet
1252 4545 1350 4611 supra
1379 4524 1477 4587 altare
1507 4522 1590 4587 beati
1617 4521 1704 4585 Petri

301 4635 435 4718 apostoli
458 4653 584 4699 necnon
606 4640 732 4719 praeter
753 4640 882 4717 tectum,
905 4632 992 4716 quod
1008 4633 1102 4697 debet
1123 4630 1194 4696 fieri
1216 4650 1313 4715 supra
1334 4628 1417 4692 alam
1438 4627 1539 4711 ipsius
1554 4624 1705 4690 ecclesiae

301 4738 386 4802 beati
407 4736 549 4803 Micaelis
579 4738 617 4802 ab
648 4737 799 4820 aquilone
828 4737 1034 4820 adiacentem,
1066 4735 1173 4799 vultas
1199 4752 1310 4798 omnes
1332 4731 1514 4816 superiores
1536 4736 1568 4793 et
1596 4724 1705 4811 recep-

230 4847 266 4900 35
302 4842 407 4907 tacula
422 4844 529 4917 omnia
542 4843 731 4926 incipientes
752 4841 792 4905 ab
815 4842 937 4905 oriente
952 4859 1057 4923 usque
1078 4839 1206 4903 finalem
1229 4837 1352 4901 vultam
1374 4834 1414 4899 ab
1429 4832 1593 4899 occidente
1608 4851 1706 4916 supra

300 4964 452 5029 manum
474 4946 591 5010 ostium
607 4946 763 5010 elevatam
785 4965 822 5009 ac
844 4965 864 5009 a
885 4946 1067 5010 summitate
1091 4944 1193 5028 ipsius
1214 4941 1322 5006 vultae
1337 4940 1496 5020 deorsum,
1519 4937 1602 5001 siout
1615 4936 1705 5020 prius

302 5048 415 5131 iuerat,
448 5067 553 5131 usque
585 5050 702 5114 ostium
732 5056 951 5114 memoratum
996 5049 1078 5113 item
1105 5047 1294 5132 incipientes
1322 5045 1362 5108 de
1395 5058 1495 5106 cornu
1526 5059 1546 5103 a
1573 5039 1705 5104 meridie

303 5172 401 5237 supra
421 5173 569 5238 magnam
591 5154 762 5218 fenestram
786 5153 919 5236 elevato,
948 5171 1053 5235 usque
1076 5150 1163 5215 aliud
1189 5169 1290 5213 cornu
1313 5147 1463 5212 ecclesiae
1486 5145 1525 5210 ab
1556 5143 1705 5227 aquilone

303 5256 471 5341 elevatum,
495 5257 601 5322 vultas
623 5277 665 5322 ex
687 5265 825 5340 unaque
846 5264 937 5341 parte
952 5257 1051 5320 ttrrris
1073 5254 1205 5335 mediae,
1227 5257 1351 5317 erectae
1374 5269 1470 5334 super
1492 5249 1615 5347 vultmn
1637 5247 1706 5313 exi-

233 5363 270 5419 40
304 5366 424 5426 stantes
454 5381 491 5425 ac
514 5362 609 5426 etiam
631 5362 732 5445 ipsam
755 5360 869 5425 turrim
890 5358 1086 5443 reparabunt
1111 5363 1144 5423 ct
1165 5361 1275 5441 tegent
1296 5355 1382 5419 siout
1401 5353 1492 5438 prius
1514 5352 1619 5416 iuerat
1646 5371 1705 5435 pro

303 5466 476 5549 nonaginta
497 5467 613 5530 marcis
635 5467 669 5529 in
692 5465 830 5529 donanis
853 5470 886 5528 et
907 5470 1039 5548 argento
1062 5468 1140 5526 tuno
1162 5459 1367 5557 currentibus
1388 5458 1440 5522 vel
1462 5458 1497 5520 in
1519 5456 1589 5520 aliis
1609 5453 1706 5520 rebus

1555 5574 1602 5628 12·
