4084 6302
976 592 1039 658 lat

964 798 1057 883 536.

385 968 493 1036 1337
519 963 655 1055 Acuunt
678 970 742 1035 20.
771 964 848 1035 Dos
874 964 1154 1055 Wosseoooryer
1170 965 1315 1056 Kapitol
1340 965 1532 1056 beotoahiot
1558 966 1614 1038 dte
1639 965 1706 1038 Ur·

307 1087 418 1158 tonde
444 1087 503 1157 des
529 1086 996 1177 KdoioeKorloon1325
1024 1085 1090 1156 Nr.
1116 1089 1200 1158 437
1218 1086 1289 1174 fiir
1314 1087 1371 1158 dio
1397 1086 1578 1159 munchen
1595 1086 1707 1179 Bery-

307 1209 395 1280 Icute
420 1231 484 1280 oon
515 1207 735 1298 Offeohonyo.

256 1350 272 1397 n
386 1386 497 1401 .....
525 1329 562 1399 in
597 1328 683 1401 festo
718 1328 807 1402 beati
838 1328 931 1426 regis
959 1326 1137 1423 Stephani,
1171 1327 1209 1399 in
1236 1350 1327 1402 anno
1360 1328 1491 1402 domini
1521 1324 1707 1402 millesimo

308 1450 545 1522 trecentesimo
571 1449 743 1522 tricesimo
771 1449 914 1546 septimo
932 1508 1044 1523 .....

464 1614 667 1684 Einocacholtat
692 1632 744 1669 oon
762 1615 857 1683 Ko‘aio
874 1615 994 1684 Lcedaoio
1012 1615 1038 1668 Ι.
1064 1619 1139 1678 1359,
1164 1613 1354 1669 hezidwatlioh
1379 1617 1447 1669 1364
1471 1615 1531 1670 uod
1547 1615 1598 1669 mit
1614 1614 1709 1670 diem

417 1702 443 1755 U
442 1702 567 1756 rkunden
578 1702 700 1755 crwdtmt
713 1718 765 1754 oon
776 1700 872 1770 Kdna'q
884 1700 1011 1754 Matinae
1024 1704 1100 1768 14⁸7,
1118 1701 1307 1770 dnoescholtet
1318 1717 1372 1755 oon
1383 1701 1443 1756 dora
1454 1700 1709 1771 εἰοὸσηὺῠτρίεώω

417 1787 576 1845 Woiwoden
594 1787 694 1841 Petrus
713 1791 789 1853 1505,
810 1787 886 1857 Orio.
910 1786 1014 1856 onor.
1033 1787 1242 1843 Londororchio
1260 1787 1412 1858 nooman.

240 2090 273 2145 1o
960 2064 1050 2149 537.

386 2233 495 2301 1337
522 2230 666 2302 Oktober
691 2233 750 2300 10.
780 2229 856 2300 Dos
886 2229 1166 2321 Weissenbnryer
1191 2231 1337 2323 Kapitol
1362 2230 1508 2321 hermi,
1535 2230 1617 2301 dosa
1642 2227 1709 2302 Ni-

309 2334 429 2423 colaus
456 2351 554 2423 filius
573 2351 712 2425 Corardi
731 2350 771 2423 de
788 2351 951 2423 Tolmach
977 2353 1069 2422 scine
1086 2352 1317 2443 Besitzonqeo
1335 2350 1443 2423 Zeech
1460 2355 1494 2423 et
1510 2349 1709 2447 Hortobagh

309 2471 346 2541 in
373 2471 536 2543 comitatu
556 2471 700 2544 Albensi
727 2479 760 2543 et
787 2471 865 2544 sede
883 2471 1074 2544 Gibiniensi
1101 2471 1288 2545 existentes
1315 2475 1441 2545 sanem
1461 2471 1585 2562 Neffea
1607 2471 1708 2545 Chri·

308 2600 463 2679 statanor,
492 2593 568 2664 dom
596 2592 707 2665 Solone
734 2587 959 2684 Honnynyh’e
985 2595 1027 2665 de
1054 2594 1286 2685 Fcnyefolwo,
1314 2594 1487 2666 oermocht
1512 2593 1582 2665 tat.

241 2735 272 2785 15
386 2771 497 2787 .....
524 2736 616 2786 anno
642 2714 829 2786 millesimo
855 2715 1092 2788 trecentesimo
1115 2714 1289 2788 tricesimo
1316 2713 1469 2810 septimo,
1494 2712 1583 2786 feria
1609 2718 1711 2787 sexta

286 2835 465 2930 'proxima
490 2841 571 2908 ante
597 2835 791 2930 quindenas
817 2834 898 2907 festi
925 2834 1039 2908 sancti
1065 2833 1251 2908 Michaelis
1278 2833 1480 2932 archangeli
1498 2891 1611 2908 .....

464 3000 601 3053 Erwdhnt
614 3016 665 3053 oon
677 3000 737 3053 dero
751 2998 966 3054 Vioowoiwoden
974 2999 1129 3054 Lodislooa
1142 3004 1219 3068 1113,
1231 2999 1421 3070 ciaomchottot
1431 3014 1485 3054 oon
1496 2997 1557 3054 dero
1573 2998 1708 3054 Weissen-

412 3087 512 3156 hurqcr
530 3086 645 3155 Kopital
664 3090 740 3153 1413,
761 3085 837 3156 Orio.
861 3086 965 3157 Unyor.
984 3086 1192 3141 Laodeeorctio
1210 3087 1362 3156 Budopoot.

465 3207 578 3277 aegeo.-
597 3208 684 3275 reje
704 3206 794 3263 mco
812 3208 870 3275 xr,
887 3213 948 3263 rer.

240 3512 275 3564 eo
967 3487 1060 3570 538.

390 3652 651 3725 Groeeroordein
677 3656 786 3724 1337
806 3652 994 3724 November
1019 3656 1079 3723 15.
1107 3651 1224 3742 Ko'niq
1241 3650 1337 3722 Korl
1356 3651 1448 3722 soon
1473 3650 1529 3722 dic
1554 3672 1620 3722 oon
1645 3650 1712 3722 deo

308 3772 504 3844 Dootsohen
533 3796 577 3845 oa
604 3774 691 3865 Ioco
721 3774 795 3846 uod
820 3774 963 3845 Krokko
994 3774 1289 3863 eiooommnwnen
1314 3770 1546 3862 Boritoanoca
1580 3768 1713 3860 Vodood

309 3893 383 3964 uod
409 3892 506 3965 θανά
530 3894 594 3966 der
628 3893 908 3987 Wetsaoohoroer
934 3895 1065 3966 Kircho
1090 3894 1229 3965 carriolo.

468 4058 544 4127 Orto.
568 4059 649 4128 Poro.
674 4059 865 4113 Kotholischm
882 4058 1093 4126 Psorreiorotio
1117 4056 1324 4126 Klouacnbary.
1354 4054 1442 4127 Sieoet
1465 4072 1525 4110 war
1548 4054 1581 4109 in
1603 4054 1711 4111 sociem
1804 4090 1808 4099 ·

241 4146 274 4197 25
420 4143 521 4198 Waoha
538 4145 595 4211 aus
607 4144 657 4198 oter
674 4144 818 4200 Rttctaeito
835 4146 1024 4216 oosoedrrtokt.

465 4318 533 4382 Nos
562 4318 701 4383 Karolus
731 4320 781 4384 dei
810 4321 911 4404 gratia
941 4340 999 4384 rex
1029 4319 1213 4402 Hungariae
1246 4319 1418 4382 memoriae
1451 4316 1712 4382 commendantes

310 4428 420 4485 tenore
449 4423 664 4505 praesentium
694 4423 812 4505 quibus
842 4423 972 4507 expedit
1002 4421 1218 4506 significamus
1240 4422 1410 4505 universis,
1441 4421 1597 4505 regimina
1626 4421 1711 4486 vitae

311 4525 487 4606 praesentis
510 4525 549 4588 ad
572 4527 632 4590 hoc
653 4527 784 4611 regibus
807 4534 838 4591 et
861 4527 1057 4611 principibus
1080 4547 1099 4589 a
1126 4527 1185 4590 deo
1208 4526 1439 4608 conceduntur,
1462 4530 1499 4589 ut
1519 4544 1578 4610 per
1599 4544 1712 4609 regum

310 4628 542 4711 providentiam
565 4649 676 4694 eorum
699 4630 833 4693 ministri
857 4637 889 4693 et
912 4630 1028 4694 Christi
1051 4630 1171 4694 subditi
1193 4629 1252 4694 sub
1276 4649 1387 4693 eorum
1409 4630 1563 4713 regimine
1586 4628 1711 4694 Christo

241 4742 276 4793 30
312 4730 398 4814 pacis
428 4733 527 4796 actori
559 4734 665 4815 quiete
688 4734 884 4797 famulentur
913 4739 946 4797 et
975 4734 1154 4818 specialiter
1184 4733 1388 4798 ecclesiarum
1412 4731 1484 4795 iura
1504 4730 1614 4795 illaesa
1635 4750 1711 4795 con·

311 4840 487 4899 serventur.
510 4835 595 4900 Hinc
618 4837 776 4919 estquod
800 4858 858 4900 nos
880 4838 973 4901 iuxta
988 4838 1125 4921 suscepti
1151 4837 1250 4901 nostri
1274 4836 1437 4920 regiminis
1452 4834 1593 4899 officium
1609 4853 1711 4917 aeque

311 4939 443 5022 dignum
474 4945 506 5004 et
528 4941 647 5004 iustum
671 4942 873 5004 aestimantes
903 4960 1168 5023 unumquemque
1202 4940 1433 5024 regnicolarum
1463 4944 1646 5004 nostrorum
1680 4942 1713 5004 et

311 5044 489 5129 specialiter
521 5052 662 5109 sanctam
693 5052 827 5108 matrem
861 5044 1026 5108 ecclesiam
1060 5046 1128 5108 suis
1161 5044 1285 5109 iuribus
1314 5044 1409 5128 potiri
1442 5048 1476 5108 et
1507 5043 1647 5128 gaudere
1680 5047 1712 5109 et

311 5149 559 5231 misericordiae,
591 5149 646 5211 ubi
676 5168 757 5232 opus
787 5154 836 5212 est
856 5148 1034 5213 visceribus
1064 5149 1166 5212 eidem
1189 5156 1222 5214 et
1243 5149 1340 5233 regiis
1362 5167 1530 5213 occurrere
1552 5147 1712 5213 donativis

242 5262 276 5315 35
312 5253 515 5318 intendentes
537 5254 595 5317 hac
618 5253 871 5318 consideratione
887 5253 974 5316 ducti
990 5252 1030 5316 ob
1054 5254 1264 5318 reverentiam
1281 5252 1331 5317 dei
1355 5253 1581 5336 omnipotentis
1595 5252 1711 5337 guber·

310 5358 430 5422 naturis
461 5358 602 5421 omniurn
635 5362 667 5420 et
696 5356 779 5421 beati
809 5356 983 5440 Mychaelis
1014 5357 1193 5441 archangeli
1222 5356 1375 5441 principis
1407 5356 1538 5423 militiae
1567 5356 1712 5423 caelestis

310 5462 404 5526 etiam
426 5463 460 5525 in
483 5461 586 5544 terris,
616 5461 672 5525 sed
693 5462 863 5545 praecipue
885 5462 919 5524 in
941 5461 1037 5526 caelis
1057 5461 1184 5544 patroni
1213 5461 1315 5525 nostri
1338 5460 1482 5546 specialis
1505 5465 1537 5526 et
1559 5460 1600 5526 oh
1622 5479 1712 5547 spem
