4064 6288
982 577 1138 673 -Q

355 766 462 832 firmet
475 767 703 832 inconcussum
720 766 838 851 quippe
852 771 1045 851 permaneat,
1066 766 1153 849 quod
1171 765 1258 849 regio
1273 765 1371 830 100111
1383 765 1549 849 privilegio
1564 765 1757 830 roboratum.

356 871 498 936 Proinde
520 871 561 935 ad
582 871 807 935 universorum
831 876 896 934 tam
918 871 1134 955 praesentium
1154 889 1251 953 quam
1272 869 1456 934 futurorum
1477 870 1623 933 notitiam
1644 870 1758 933 harum

356 976 438 1040 serie
459 974 610 1039 volumus
631 974 807 1059 pervenire,
837 974 924 1057 quod
947 973 1138 1038 venerabilis
1159 979 1250 1058 pater
1271 973 1388 1039 Petrus
1417 973 1620 1037 miseratione
1650 973 1760 1037 divina

356 1078 524 1162 episcopus
545 1077 789 1142 Transsilusnus
811 1077 946 1141 dilectus
968 1083 1001 1142 et
1029 1077 1132 1142 fidelis
1158 1083 1268 1142 noster
1289 1076 1383 1142 nobis
1405 1076 1568 1141 humiliter
1589 1077 1758 1160 intimavit,

358 1181 446 1264 quod
478 1181 661 1245 carissimus
689 1186 780 1264 pater
808 1187 918 1245 noster
940 1180 1121 1265 Stephanus
1149 1181 1283 1245 illustris
1306 1181 1468 1264 quondam
1489 1199 1550 1244 rex
1571 1179 1759 1245 recolendae
1794 1188 1811 1242 5

356 1284 527 1349 memoriae
557 1283 718 1366 quandam
747 1284 856 1347 villam
888 1283 1061 1364 elwsuaru
1093 1291 1237 1349 vocatam
1266 1286 1302 1348 in
1330 1285 1484 1349 comitatu
1515 1284 1554 1348 de
1582 1282 1699 1363 Olws')
1725 1283 1761 1348 in

357 1387 591 1453 Transsiluanis
612 1387 756 1471 partibus
778 1389 971 1454 existentem
991 1389 1031 1453 ob
1053 1389 1230 1454 remedium
1253 1388 1376 1453 animae
1392 1408 1470 1454 snae
1492 1388 1643 1453 ecclesiae
1658 1387 1761 1453 sancti

359 1491 535 1573 Mychaelis
557 1490 597 1556 de
619 1489 703 1555 Alba
713 1491 939 1557 Transsiluana
960 1493 1156 1576 contulisset,
1179 1498 1212 1557 et
1226 1510 1331 1575 usque
1346 1492 1387 1555 ad
1401 1492 1479 1558 haec
1494 1497 1638 1576 tempora
1651 1491 1760 1555 villam

359 1594 493 1660 eandem
527 1595 612 1659 dicta
633 1594 767 1659 ecclesia
787 1596 981 1679 possedisset
1009 1595 1140 1680 pacifice
1169 1601 1202 1661 et
1224 1596 1340 1679 quiete,
1368 1595 1551 1680 supplicans
1572 1594 1665 1659 nobis
1687 1613 1761 1659 cum

358 1700 518 1782 instantia,
547 1703 586 1761 ut
613 1699 881 1780 quemadmodum
910 1701 1095 1785 peripsum
1125 1700 1324 1764 carissimum
1345 1705 1469 1783 patrem
1498 1704 1646 1762 nostrum
1676 1698 1760 1762 dicta
1795 1704 1829 1760 10

359 1803 436 1867 villa
456 1806 649 1866 memoratae
671 1800 822 1866 ecclesiae
844 1808 894 1866 est
915 1802 1037 1886 collata,
1065 1805 1110 1868 sic
1132 1809 1165 1869 et
1186 1823 1246 1868 nos
1267 1803 1449 1886 relinquere
1471 1803 1533 1887 ipsi
1554 1802 1705 1868 ecclesiae
1727 1806 1780 1866 et

359 1906 559 1971 collationem
580 1904 763 1969 huiusmodi
783 1907 939 1971 innovare
960 1906 1156 1992 benignitate
1165 1907 1186 1987 ⁸)
1209 1908 1297 1992 regia
1322 1907 1534 1991 dignaremur.
1557 1906 1625 1972 Nos
1652 1908 1761 1988 itaque

360 2016 544 2075 sanctorum
575 2009 815 2094 progenitorum
849 2016 1032 2074 nostrorum
1054 2011 1197 2094 vestigiis
1225 2011 1395 2075 salubriter
1423 2011 1633 2083 inhaerentes,
1665 2014 1762 2094 prout

360 2115 456 2179 etiam
485 2112 580 2177 officii
603 2113 704 2177 nostri
726 2112 869 2177 debitum
891 2113 924 2177 id
945 2114 1089 2197 requirit,
1115 2115 1347 2199 cupientesque
1376 2114 1510 2178 eandem
1540 2113 1705 2178 ecclesiam
1727 2113 1762 2176 in

362 2216 450 2280 omni
475 2217 544 2280 iure
574 2235 633 2280 000
655 2215 881 2281 inviolabiliter
903 2236 1093 2281 conservare
1116 2223 1184 2281 tum
1207 2218 1248 2282 ob
1270 2218 1483 2282 reverentiam
1504 2222 1537 2281 01
1559 2218 1761 2282 devotionem
1798 2225 1831 2277 15

361 2320 463 2404 ipsius
485 2319 636 2384 ecclesiae
657 2325 726 2383 tum
749 2321 844 2383 0110111
866 2326 995 2406 propter
1017 2321 1151 2385 eximias
1169 2320 1336 2385 fidelitates
1351 2326 1384 2386 et
1398 2327 1487 2405 grata
1502 2321 1658 2404 obsequia
1671 2340 1762 2406 prae·

361 2425 418 2489 1011
433 2423 623 2488 venerabilis
637 2424 736 2507 patris
751 2444 849 2509 supra
864 2425 978 2489 dictam
994 2425 1103 2487 villam
1119 2423 1293 2503 Clusuar⁴l
1312 2445 1386 2489 cum
1406 2425 1555 2489 omnibus
1570 2424 1762 2489 utilitatibus

361 2534 395 2593 et
415 2527 616 2612 pertinentiis
638 2527 705 2591 suis
733 2527 946 2611 relinquimus
967 2534 1171 2613 praenotatae
1193 2527 1345 2592 ecclesiae
1367 2534 1521 2612 perpetuo
1548 2533 1582 2592 01
1602 2530 1762 2593 irrevoca-

362 2632 468 2697 biliter
482 2630 705 2716 possidendam
720 2630 987 2715 collationemque
1002 2633 1078 2696 dicti
1099 2632 1253 2697 0011001011
1267 2633 1367 2717 patris
1381 2633 1482 2696 nostri
1497 2637 1599 2697 ratam
1610 2631 1763 2696 habentes

362 2738 397 2800 in
418 2736 476 2800 hac
497 2740 586 2819 parte
609 2735 796 2799 auctoritate
817 2737 1034 2819 praesentium
1053 2736 1254 2819 innovamus,
1276 2736 1422 2801 volentes
1436 2741 1473 2800 01
1487 2737 1557 2820 ipsa
1571 2736 1648 2799 villa
1660 2735 1762 2821 possi·
1798 2742 1833 2797 20

363 2840 476 2904 deatur
497 2858 556 2923 per
577 2838 742 2902 ecclesiam
764 2845 971 2903 memoratam
993 2838 1077 2903 sicut
1090 2859 1148 2924 per
1163 2839 1364 2904 collationem
1379 2841 1480 2924 ipsius
1495 2840 1650 2905 carissimi
1663 2840 1765 2924 patris

363 2943 465 3007 nostri
481 2942 635 3006 hactenus
650 2947 699 3006 est
712 2961 866 3025 possessa
892 2941 931 3006 In
947 2944 1039 3007 cuius
1053 2945 1101 3008 rei
1115 2945 1299 3008 memoriam
1314 2942 1563 3027 firmitatemque
1578 2948 1765 3029 perpetuam

362 3051 546 3131 praesentes
558 3046 773 3110 concessimus
784 3045 893 3109 literas
905 3046 1040 3131 duplicis
1053 3047 1146 3131 sigilli
1158 3049 1260 3112 nostri
1271 3048 1448 3112 munimine
1460 3048 1633 3111 roboratas.
1645 3045 1766 3110 Datum

363 3169 421 3234 per
434 3169 549 3214 manus
571 3148 762 3214 venerabilis
788 3151 849 3213 viri
871 3150 1013 3233 magistri
1028 3152 1193 3217 Benedicti
1216 3157 1343 3216 sanctae
1366 3151 1591 3235 Strigoniensis
1614 3151 1765 3217 ecclesiae

364 3254 456 3319 electi
478 3254 685 3335 eiusdemque
707 3253 769 3316 loci
784 3255 909 3317 comitis
927 3257 1081 3338 perpetui,
1103 3256 1272 3340 praepositi
1296 3255 1455 3319 Budensis
1478 3261 1510 3320 et
1531 3256 1623 3321 aulae
1638 3259 1765 3320 nostrae
1800 3260 1834 3315 25

364 3357 614 3422 vicecancellarii
635 3357 741 3421 dilecti
763 3363 796 3421 et
813 3356 916 3422 fidehs
931 3360 1042 3441 nostri,
1059 3379 1144 3423 anno
1160 3359 1280 3422 domini
1295 3337 1336 3422 it.
1353 3358 1412 3423 CO.
1427 3337 1522 3423 erX
1538 3360 1660 3442 quinto,
1676 3358 1766 3441 regni

365 3467 472 3526 autem
501 3461 603 3525 nostri
633 3480 717 3524 anno
748 3467 871 3542 quarto.
908 3461 1154 3527 venerabilibus
1183 3462 1328 3546 patribus
1358 3461 1516 3546 Stephano
1548 3463 1714 3527 Colocensi
1735 3467 1767 3526 et

364 3566 511 3631 Johanne
541 3564 718 3650 Spalatensi
747 3566 998 3649 archiepiscopis,
1027 3567 1158 3630 Andrea
1182 3567 1340 3650 Agriensi,
1373 3565 1524 3649 Gregorio
1548 3564 1766 3648 Chanadiensi,

307 3655 315 3667 ’
364 3669 427 3734 Job
443 3667 784 3751 Quinqueeoelesiensi,
806 3668 952 3752 Philippo
968 3669 1130 3733 Waciensi
1151 3669 1243 3733 aulae
1266 3669 1412 3733 dominae
1435 3670 1563 3752 reginae
1586 3670 1767 3733 carissimae

366 3772 523 3837 consortis
539 3778 667 3836 nostrae
681 3770 879 3854 cancellario,
901 3771 1054 3853 'lymoteo
1070 3773 1282 3857 Zagrabiensi,
1303 3771 1459 3854 Dyonisio
1474 3773 1645 3855 Jauriensi,
1663 3771 1767 3838 Ledo-
1802 3779 1837 3834 30

366 3876 465 3940 merie
488 3875 688 3939 Waradiensi
717 3879 750 3938 et
771 3874 868 3939 Petro
897 3882 1083 3958 praenotato
1105 3878 1330 3943 Transsiluano
1352 3877 1516 3962 episcopis,
1547 3877 1643 3942 Petro
1666 3877 1766 3941 electo

365 3979 624 4064 Wespremiensi,
653 3979 802 4043 ecclesias
825 3979 876 4043 dei
905 3979 1039 4044 feliciter
1060 3981 1320 4064 gubernantibus.
1357 3981 1453 4046 Petro
1475 3981 1624 4065 palatino,
1654 3980 1768 4044 comite

365 4082 578 4168 supruniensi
599 4088 633 4147 01
653 4083 759 4148 iudice
789 4083 1015 4165 Cumanorum,
1048 4084 1170 4167 Vgrino
1199 4084 1305 4149 iudice
1335 4085 1444 4149 curiae
1473 4090 1611 4165 nostrae,
1641 4082 1768 4148 Matheo

367 4188 517 4271 magistro
548 4188 783 4251 tavernicorum
812 4194 1005 4269 nostrorum,
1034 4187 1154 4250 Thema
1174 4187 1257 4252 bano
1280 4188 1379 4252 101100
1400 4187 1597 4269 8010000100,
1623 4186 1768 4251 ladislao

367 4291 504 4355 vaivoda
532 4291 772 4372 'lhanssiluano‚
809 4292 923 4355 comite
953 4290 992 4355 de
1022 4291 1147 4374 Zonulr,
1185 4290 1344 4376 Stephano
1373 4291 1523 4375 magistro
1553 4290 1769 4375 dapiferorum
1803 4296 1837 4350 35

367 4401 560 4479 nostrorum,
574 4395 688 4458 comite
703 4394 875 4476 Borsiensi,
890 4394 1034 4458 Rolondo
1049 4395 1200 4478 magistro
1216 4395 1450 4459 tavernicorum
1471 4395 1617 4459 dominae
1631 4394 1769 4478 reginae,

368 4498 463 4580 Moys
484 4498 598 4563 comita
613 4496 813 4581 Symigiensi,
834 4498 990 4582 Bagrmil,
1016 4500 1130 4562 comite
1145 4498 1331 4580 Zaladiensi,
1352 4497 1515 4562 Herlando
1538 4499 1654 4562 comite
1674 4498 1770 4562 castri

368 4601 485 4684 Ferrei,
519 4601 672 4665 Michaele
702 4601 816 4664 comite
838 4600 1004 4683 Nytriensi
1026 4607 1059 4666 et
1084 4602 1154 4666 aliis
1184 4621 1281 4684 quam
1308 4600 1456 4686 pluribus
1483 4602 1652 4666 comitatus
1680 4600 1771 4684 regni

371 4705 555 4770 tenentibus
577 4705 776 4769 0111000100

524 4878 546 4945 ¹)
564 4878 647 4930 1313.-
664 4872 812 4931 Knluswar.
1805 4874 1841 4930 40

524 4963 547 5031 ¹)
565 4965 634 5015 1313
639 4979 648 5013 .·
666 4960 755 5017 Culus.

524 5047 546 5117 ⁸)
568 5046 702 5117 Vorlape:
718 5047 903 5118 benignigtate.

525 5136 547 5204 ⁴)
565 5137 650 5188 1313.-
667 5130 809 5189 Kulusvar.

527 5220 548 5291 ⁸)
565 5219 632 5288 Ass
643 5237 664 5274 a
680 5220 812 5276 Acoeate:
829 5220 856 5277 0
