4084 6302
948 628 1098 723 Adi„

476 816 614 880 Karolns
635 818 684 881 dei
708 818 809 899 gratia
832 838 888 880 rex
901 819 1085 901 Hungariae
1106 816 1255 881 fidelibus
1277 819 1345 881 suis
1366 818 1472 880 comiti
1488 817 1620 881 Nicolao
1636 818 1720 882 dioto

321 920 467 983 Chenlrcr
489 942 526 983 ae
551 921 643 984 Petro
667 927 699 983 et
722 920 880 983 Salomoni
904 922 1055 985 iratribus
1078 923 1219 986 eiusdem
1248 922 1287 985 de
1309 921 1415 1005 Apold
1438 921 1628 986 salutemet
1650 942 1721 1005 gra·

321 1026 403 1088 tiam.
420 1024 522 1087 Datur
539 1025 629 1087 nobis
645 1024 788 1107 intelligi,
805 1026 889 1106 qnod
907 1046 962 1088 vos
978 1027 1209 1109 possessionem
1219 1024 1240 1103 ¹)
1252 1025 1443 1108 Feyreghaz,
1460 1044 1543 1106 qnae
1559 1026 1721 1108 quondam

321 1129 387 1191 Her
411 1130 515 1211 magni
538 1129 691 1193 etRouoz
714 1129 821 1192 fratris
844 1129 986 1192 eiusdem
1001 1130 1177 1193 infidelium
1202 1135 1385 1193 nostrorum
1407 1130 1520 1209 luerat,
1543 1149 1638 1212 quam
1662 1150 1721 1193 nos

267 1242 283 1289 o
320 1234 479 1316 Stephano
511 1240 543 1297 et
565 1234 696 1297 Nicolao
727 1233 800 1296 liliis
822 1233 919 1314 Vydlr
942 1254 999 1317 pro
1030 1235 1173 1317 ipsorum
1195 1233 1347 1297 fidelitate
1378 1234 1565 1313 donantesl)
1591 1253 1720 1299 conoes-

318 1338 427 1411 simus,
451 1338 666 1420 occupassetis
681 1343 713 1400 et
728 1345 913 1420 occupatam
935 1340 1087 1403 teneretis
1109 1346 1141 1403 et
1163 1359 1181 1400 a
1203 1338 1295 1401 nobis
1318 1337 1418 1421 ipsam
1438 1337 1499 1401 sub
1522 1357 1559 1402 eo
1583 1339 1720 1421 nomine,

319 1440 406 1522 quod
437 1460 495 1503 vos
526 1461 598 1504 oum
622 1441 706 1504 dicto
729 1440 797 1504 Her
826 1446 858 1504 et
888 1442 958 1505 eins
987 1442 1084 1506 fratre
1110 1443 1144 1506 in
1168 1442 1282 1507 vestris
1305 1440 1561 1526 possessionibus
1591 1441 1721 1506 indivisi

318 1545 468 1625 fuissetis,
499 1544 593 1608 tacita
623 1546 758 1609 veritate
789 1544 880 1609 vobis
910 1545 1047 1608 conferri
1077 1545 1313 1628 impetrassetis.
1355 1544 1459 1629 Super
1489 1564 1553 1627 qno
1575 1543 1721 1610 fidelitati

320 1656 442 1711 vestrae
465 1649 695 1732 praecipientes
718 1649 830 1712 damus
859 1648 992 1715 firmiter
1013 1650 1047 1712 in
1070 1649 1235 1728 intendatis
1266 1656 1425 1732 quatenns
1456 1649 1590 1734 receptis
1613 1650 1720 1713 statim

254 1760 284 1810 to
321 1753 541 1834 praesentibus
564 1753 697 1816 eandem
727 1753 959 1836 possessionem
991 1753 1140 1836 orphanis
1171 1754 1345 1817 eorundem
1369 1753 1520 1837 Stephani
1543 1757 1576 1817 et
1597 1752 1720 1817 Nicolai

320 1857 485 1920 remittatis
508 1864 662 1940 perpetuo
694 1858 925 1940 possidendam,
956 1878 1048 1921 secus
1073 1858 1176 1922 faeere
1200 1878 1265 1921 non
1288 1859 1506 1941 praesumatis.
1544 1855 1663 1921 Datum
1686 1856 1719 1920 in

319 1961 435 2042 Wysse
459 1961 523 2041 rad,
548 1962 641 2025 tertio
663 1962 713 2025 (lie
736 1962 808 2025 testi
832 1962 1007 2026 nativitatis
1030 1962 1114 2026 beati
1129 1961 1286 2026 Johannis
1309 1961 1474 2046 baptistae,
1497 1980 1582 2026 anno
1599 1960 1720 2025 domini

319 2064 366 2127 Μ’)
382 1982 463 2129 (1Οὲ
492 2044 593 2130 lilii
615 2067 758 2149 septimo.

474 2205 549 2290 Aris
571 2205 626 2268 der
654 2204 811 2268 Rtieleseita
839 2205 986 2268 Adreaae:
1030 2205 1192 2269 Fidelibns
1226 2205 1295 2269 suis
1329 2204 1437 2269 comiti
1466 2203 1598 2268 Nicolao
1633 2203 1717 2268 dicto

255 2315 285 2364 15
322 2309 467 2373 Chenlrer
490 2317 522 2374 et
544 2309 695 2373 tratribus
718 2310 868 2373 eiusdem.

484 2428 579 2495 Unter
599 2432 666 2495 dem
691 2430 806 2514 Sieyel:
828 2430 950 2495 Relatio
974 2431 1136 2496 vaivodae.

472 2553 547 2636 Ans
569 2552 625 2616 der
652 2552 810 2616 theleaeite
841 2574 896 2616 oon
924 2555 1006 2617 einer
1035 2552 1134 2617 Hand
1164 2553 1216 2619 dea
1249 2555 1299 2619 14.
1331 2552 1577 2618 Jaarlundera:
1611 2551 1718 2617 Primo

318 2656 412 2720 debet
434 2656 564 2721 exiberi.

973 2913 1068 2999 534.

246 3096 281 3150 20
403 3078 607 3172 chseprad
624 3082 733 3152 1337
749 3078 829 3151 Joli
852 3086 884 3151 6.
913 3080 1030 3172 Kiinip
1047 3080 1143 3153 Kort
1166 3081 1258 3154 stelit
1274 3081 1427 3169 Martie,
1453 3073 1595 3156 Ilerml’s
1613 3079 1717 3168 Solon,

316 3208 418 3273 nater
443 3202 510 3274 dea
536 3201 661 3274 Sabota
687 3203 746 3274 dea
771 3201 965 3275 Woiwoden
987 3202 1134 3275 lberam
1160 3203 1233 3274 uad
1258 3202 1318 3274 dea
1349 3201 1467 3275 Comes
1492 3201 1555 3275 der
1581 3200 1720 3275 Saakler

315 3322 390 3393 aad
413 3345 479 3395 oon
504 3323 654 3396 Beate
679 3322 879 3396 Lodblous.

475 3487 551 3557 Orip.
569 3488 650 3559 Perp.
674 3487 778 3558 anar.
797 3488 1057 3543 Nationolmuaeum
1076 3489 1227 3558 Badopeat.
1252 3488 1349 3559 Senot,
1366 3487 1399 3541 ia
1415 3488 1523 3543 waiam
1545 3486 1647 3543 Wuebs
1665 3489 1719 3556 auf

419 3576 468 3629 clei·
487 3575 630 3629 Rttclcaeile
647 3575 837 3646 auspedntnkt,
854 3576 973 3629 deraelbe
992 3574 1108 3644 Sterapd
1126 3576 1242 3629 wieder
1260 3575 1347 3629 Auara
1364 3591 1418 3629 oon
1436 3574 1489 3629 Nr.
1507 3578 1568 3630 515.

247 3696 279 3748 aa
471 3697 585 3751 nme.-
604 3698 691 3764 ree
711 3697 802 3751 eoae
825 3697 913 3764 ΠΗ,
932 3701 958 3764 4,
975 3701 1036 3752 aaa.

471 3818 656 3872 Bruebatdet:
675 3819 791 3872 Katane
811 3818 885 3871 Har.
908 3819 969 3872 crit.
994 3817 1051 3885 IX,
1077 3822 1135 3873 115.
1164 3817 1250 3886 Feta
1276 3817 1366 3873 Godeoe
1388 3816 1476 3885 VIII,
1494 3821 1521 3885 t,
1536 3820 1597 3873 218.
1627 3815 1717 3873 Saudo

420 3903 495 3958 Sata.
514 3904 660 3959 otleoe‘ltcir
679 3905 704 3971 I,
723 3909 765 3960 47.

471 4062 499 4125 N
502 4084 538 4125 os
549 4062 687 4126 Karolus
703 4063 752 4127 dei
766 4065 867 4146 gratia
883 4084 939 4126 rex
952 4064 1136 4146 Hungariae
1149 4070 1258 4128 tenore
1270 4064 1485 4148 praesentium
1501 4061 1717 4146 significamus

317 4165 435 4245 quibus
447 4167 577 4249 expedit
589 4168 748 4231 universis
760 4168 930 4230 memoriae
942 4167 1209 4247 commendantes
1225 4168 1310 4249 qnod
1324 4187 1382 4231 nos
1393 4166 1567 4231 recordatis
1577 4166 1717 4230 servitiis

245 4274 280 4327 30
317 4269 477 4349 quondam
509 4271 632 4334 comitis
654 4271 810 4334 Johannis
841 4271 915 4334 dicti
939 4270 1051 4341 Henel,
1087 4289 1169 4352 qnae
1200 4272 1267 4354 ipse
1298 4272 1376 4334 dum
1406 4271 1489 4333 vixit
1519 4270 1716 4354 temporibus

314 4373 381 4435 suis
404 4374 558 4437 maiestati
582 4380 708 4438 nostrae
731 4374 876 4437 exhibuit
897 4374 1033 4438 fideliter
1055 4384 1086 4438 et
1109 4376 1272 4458 impendit,
1294 4374 1468 4438 Martinnm
1492 4373 1595 4439 lilium
1619 4394 1714 4440 suum

314 4482 345 4538 et
367 4477 534 4540 universas
549 4498 624 4541 suas
638 4479 864 4561 possessiones,
887 4479 999 4541 ‹mmos
1021 4484 1053 4542 et
1068 4478 1210 4542 aedificia
1225 4480 1375 4543 universa
1390 4477 1524 4543 ubilibet
1539 4478 1712 4543 existentia

314 4599 350 4641 ac
380 4581 511 4661 quosvis
540 4581 579 4645 ad
610 4600 684 4645 eum
712 4588 899 4665 spectantes
929 4602 986 4665 pro
1016 4581 1164 4646 fidelibus
1194 4584 1332 4647 servitiis
1362 4584 1437 4647 dieti
1467 4582 1567 4667 patris
1597 4583 1648 4647 sni
1681 4583 1712 4646 in

314 4690 453 4747 nostram
483 4686 696 4769 receperimus
727 4687 954 4769 protectionem
984 4691 1015 4750 et
1049 4686 1181 4750 tutelam
1212 4687 1379 4771 specialem
1414 4688 1549 4769 viceque
1585 4692 1713 4752 nostrae

243 4795 277 4847 35
313 4806 466 4869 personae
489 4789 626 4852 eundem
649 4810 722 4852 oum
745 4789 893 4853 omnibus
917 4789 1007 4853 bonis
1030 4791 1097 4854 suis
1120 4789 1286 4874 magnifico
1309 4792 1379 4855 viro
1393 4790 1531 4856 Thomna
1553 4792 1709 4856 vaivodae

311 4891 535 4956 ltanssiluano
559 4900 591 4957 et
613 4894 720 4956 comiti
743 4894 782 4957 de
798 4893 910 4956 Zonulr
931 4892 1017 4957 fideli
1039 4894 1187 4977 proximo
1211 4902 1321 4959 nostro
1345 4902 1378 4961 et
1399 4895 1551 4979 magistro
1565 4893 1715 4960 Ladizlao

312 4997 419 5060 comiti
439 4996 631 5078 Syoulornm
654 5005 686 5060 et
708 4999 748 5061 de
763 4997 933 5079 Byztricia,
955 4999 989 5062 in
1012 5018 1150 5082 persona
1172 5006 1279 5064 autem
1303 5000 1378 5064 dicti
1399 4999 1537 5064 Thomas
1559 5000 1715 5065 vairodae

312 5102 461 5183 magistro
485 5101 644 5185 Stephano
668 5102 751 5164 dieto
776 5102 883 5185 Pogan
906 5103 991 5168 fideli
1014 5110 1123 5168 nostro
1155 5104 1372 5169 commisimus
1402 5103 1441 5168 ab
1465 5102 1617 5168 omnibus
1638 5122 1712 5187 pro·

311 5206 484 5289 tegendum
506 5212 537 5269 et
559 5206 794 5270 defendendum
818 5226 837 5269 a
860 5207 1116 5290 quibuscumque
1126 5208 1147 5285 ⁸)
1170 5209 1275 5292 ipsum
1298 5208 1438 5273 indebite
1461 5209 1632 5273 molestare
1653 5227 1711 5273 vo·

243 5344 278 5397 40
438 5314 448 5317 -
472 5312 647 5412 ij‘fflaqffl
665 5343 853 5411 possessiones.

468 5430 490 5497 ¹)
513 5428 645 5499 Varlape:
663 5430 780 5484 donatas.

467 5518 490 5584 ⁸)
512 5514 645 5586 Vorloya:
663 5531 836 5586 quocumque.
