4084 6302
979 629 1133 725 jio-

352 815 495 881 eiusdem
517 816 642 881 comitis
663 816 787 882 Nicolai
811 823 880 883 tum
904 819 998 882 etiam
1022 838 1079 904 pro
1103 839 1228 883 summa
1250 819 1405 883 dictarum
1429 823 1558 882 centnm
1574 838 1752 883 marcanrm

353 918 411 984 fini
426 922 549 1005 argenti
573 921 635 1006 ipsi
657 922 766 985 comiti
779 921 911 985 Nicolao
935 942 954 985 a
975 928 1085 986 nostra
1099 924 1262 987 maiestate
1285 923 1353 986 dari
1375 942 1412 985 ac
1434 924 1615 1006 perpetrari
1630 929 1663 986 et
1677 942 1753 986 con·

351 1023 428 1088 ferri
461 1024 532 1089 inre
553 1026 688 1109 perenni
711 1026 935 1109 possidendam
966 1027 1147 1110 postulavit
1170 1027 1238 1091 Nos
1267 1026 1365 1110 igitur
1393 1027 1594 1090 attendentes
1624 1027 1755 1090 servitia

352 1127 428 1192 dicti
450 1128 575 1193 comitis
591 1128 724 1212 Nicolai,
747 1149 829 1212 quae
852 1130 937 1194 idem
959 1131 1108 1194 dominus
1122 1131 1256 1194 Thomas
1272 1131 1409 1194 vaivoda
1423 1130 1482 1195 sibi
1498 1132 1627 1194 nomine
1642 1136 1752 1193 nostro

352 1251 411 1316 per
432 1232 571 1297 eundem
593 1232 661 1297 fore
682 1233 827 1317 impensa
849 1233 1037 1313 declarabat
1060 1234 1261 1298 advertentes
1284 1234 1378 1298 etiam
1403 1233 1488 1315 qnod
1511 1234 1670 1317 possessio
1685 1253 1751 1297 me-
1788 1242 1807 1291 :3

351 1340 475 1400 morata
503 1336 543 1401 de
572 1336 720 1401 manibus
752 1337 925 1402 iudiciariis
948 1338 1090 1401 eiusdem
1119 1337 1256 1401 Thomas
1278 1338 1433 1401 vaivodae
1463 1338 1503 1401 ad
1532 1337 1752 1401 redimendum

351 1439 413 1524 ipsi
436 1439 543 1505 comiti
565 1438 697 1503 Nicolao
721 1441 822 1523 magis
843 1441 1040 1524 congruebat
1061 1446 1126 1504 tam
1148 1461 1206 1525 pro
1229 1439 1437 1504 fidelitatibus
1471 1443 1538 1506 suis
1568 1461 1665 1524 quam
1695 1461 1753 1526 pro

352 1562 478 1609 summa
499 1543 656 1608 dictarum
680 1550 807 1608 centum
830 1565 1009 1609 marcarum
1031 1544 1089 1608 fini
1111 1546 1235 1628 argenti
1256 1545 1316 1629 ipsi
1345 1544 1482 1610 Thomae
1510 1545 1666 1609 vaivodae
1696 1565 1753 1629 per

353 1647 491 1711 eundem
506 1646 602 1710 modo
618 1648 779 1732 praedicto
801 1648 1036 1733 persoluturum
1053 1650 1092 1712 ob
1116 1654 1220 1714 tamen
1238 1650 1414 1733 praenotati
1429 1668 1581 1712 excessus
1596 1650 1748 1731 praetacti

351 1750 483 1836 Lupreti
504 1750 563 1814 lilii
583 1750 766 1836 Hennengii
788 1769 821 1817 ct
841 1773 899 1837 pro
922 1753 992 1817 aliis
1014 1753 1155 1816 eiusdem
1179 1752 1374 1817 infidelitatis
1397 1751 1555 1835 operibus,
1579 1771 1661 1834 quae
1683 1754 1751 1835 ipse
1791 1758 1824 1811 10

351 1854 512 1939 peregisse
533 1853 742 1938 asserebatur,
764 1857 877 1938 ntique
908 1857 948 1920 ad
978 1862 1118 1920 nostram
1149 1856 1350 1919 collationem
1381 1856 1562 1919 devolutam
1591 1862 1751 1939 praetacto

352 1958 484 2024 Nicolao
506 1958 572 2024 filio
587 1958 719 2045 Lupreti
734 1958 821 2024 fideli
835 1966 945 2024 nostro
961 1981 1019 2044 per
1033 1980 1107 2024 enm
1123 1961 1190 2024 suis
1205 1958 1375 2024 heredibus
1386 1959 1605 2041 heredumque
1619 1979 1752 2023 suorum

353 2062 593 2155 successoribus
615 2064 716 2149 ipsam
738 2070 893 2148 perpetuo
916 2064 1071 2128 donantes
1094 2064 1297 2144 conferimus,
1320 2064 1550 2147 praecipientes
1564 2082 1653 2126 nunc
1669 2063 1752 2127 dicto

351 2166 489 2232 Thomae
511 2167 666 2232 vaivodae
698 2172 731 2232 et
764 2168 932 2251 quibusvis
954 2168 1024 2232 aliis
1045 2169 1080 2231 in
1102 2169 1222 2232 honore
1256 2167 1445 2231 vaivodatus
1479 2168 1682 2246 successuris,
1715 2173 1753 2232 nt

351 2271 442 2336 nullo
473 2291 628 2355 umquam
661 2278 804 2357 tempore
838 2272 987 2357 deinceps
1006 2278 1214 2356 ‚praetactum
1248 2272 1395 2335 comitem
1417 2271 1584 2335 Nicolaum
1619 2277 1652 2335 et
1683 2273 1753 2335 eius
1789 2280 1824 2331 15

352 2376 565 2460 posteritates,
586 2376 710 2441 ratione
732 2376 911 2461 praedictae
932 2377 1142 2460 possessionis
1164 2376 1332 2458 Kysrybul
1355 2380 1467 2439 contra
1499 2375 1631 2439 heredes
1662 2394 1752 2458 prae-

352 2480 518 2544 memorati
540 2479 671 2564 Lupreti
693 2479 751 2543 filii
772 2479 955 2563 Hennengii
977 2486 1010 2544 et
1032 2482 1164 2563 quosvis
1185 2480 1264 2543 alios
1287 2480 1430 2543 homiues
1460 2479 1580 2542 intuitu
1610 2479 1752 2567 eiusdem

351 2584 386 2647 in
407 2583 478 2667 ipsa
500 2580 711 2668 [possessione
734 2583 914 2669 Kys]zybul
938 2584 997 2649 sibi
1020 2585 1071 2648 ius
1086 2584 1372 2668 possessionarium
1387 2583 1556 2646 vendicare
1576 2581 1751 2646 nitentibus

352 2687 494 2753 iudicare
516 2686 568 2753 vel
590 2706 648 2772 per
670 2708 745 2753 suas
767 2689 854 2752 vices
876 2682 1022 2772 gerentes
1039 2686 1196 2772 [iudicari]
1209 2688 1312 2751 iacere
1335 2692 1391 2750 aut
1406 2685 1644 2768 quomodolibet
1665 2687 1705 2750 ad
1720 2687 1753 2749 id

352 2788 555 2876 compeller[e
577 2792 803 2877 praesumenti
824 2792 956 2856 liberam
979 2793 1081 2857 eidem
1104 2793 1211 2856 comiti
1226 2792 1357 2856 Nicolao
1380 2791 1420 2854 de
1443 2790 1527 2854 dicta
1551 2791 1751 2874 possessione
1788 2796 1825 2852 20

352 2896 491 2979 tenendi,
514 2896 663 2978 donandi,
685 2896 845 2960 vendendi
868 2901 925 2959 aut
948 2895 1185 2978 quomodolibet
1208 2896 1397 2979 disponendi
1419 2895 1459 2958 de
1481 2896 1592 2958 eadem
1622 2895 1656 2957 in
1687 2895 1754 2957 vita

280 3036 282 3043 ⁴
351 3000 471 3085 pariter
499 3001 588 3065 etin
609 2995 724 3081 mo[rte
746 2999 818 3084 sub]
842 3001 945 3083 gratia
973 3000 1100 3084 speciali
1123 3001 1334 3065 concedentes
1367 2998 1557 3062 facultatem.
1579 2996 1695 3062 Datum
1718 2998 1753 3060 in

352 3103 558 3188 Wyssegrad,
581 3102 696 3168 Sabate
719 3104 865 3187 proximo
888 3110 962 3167 ante
996 3110 1124 3166 octavas
1157 3103 1291 3167 Passcae
1325 3102 1454 3183 domini,
1492 3121 1576 3165 anno
1611 3102 1753 3167 eiusdem

352 3185 569 3273 duodicim
590 3208 702 3292 primo.

520 3343 617 3412 Utor
638 3346 704 3409 don
729 3344 846 3429 siqu:
868 3346 992 3411 Relatio
1016 3367 1058 3411 ex
1080 3352 1170 3431 parte
1192 3347 1276 3430 regis
1297 3346 1421 3412 Nicolai
1442 3345 1500 3408 filii
1522 3345 1666 3409 Pettncb.
1789 3350 1825 3405 25

1009 3692 1100 3775 tot.

440 3873 643 3966 Wisseprud
672 3876 771 3944 1341
798 3874 903 3965 April
932 3877 991 3946 15.
1038 3875 1155 3965 Kduip
1186 3875 1281 3946 Korl
1312 3874 1470 3966 bestdtipt
1501 3874 1557 3945 die
1591 3870 1754 3944 Urbanus

353 3998 413 4071 des
446 3995 642 4069 Woiwodca
671 3995 820 4067 Tlmmos
853 3999 1050 4067 ooa1340
1078 3996 1144 4067 Nr.
1176 3999 1230 4067 55
1236 4002 1260 4066 6
1291 3995 1475 4085 betreffead
1501 3994 1755 4086 Streitiplccitcn

351 4118 517 4191 amoueo
543 4116 708 4208 Bdrperu
733 4118 771 4187 iu
797 4116 1052 4209 Klouaenburg.

510 4280 713 4351 Etnqeeetaua
736 4296 790 4334 oon
814 4281 874 4333 dem
894 4280 1135 4335 Groasrourdciacr
1153 4281 1267 4348 Kopitel
1286 4284 1362 4344 1345,
1383 4279 1458 4348 Orio
1482 4280 1585 4348 Unger.
1604 4278 1753 4332 thv'oaol·
1789 4278 1825 4333 30

458 4383 580 4421 museum
598 4367 749 4435 Budupest.

513 4489 624 4544 Druck:
642 4487 727 4558 Nagy
747 4487 812 4543 eod.
830 4488 1038 4558 Audegoocuea's
1055 4488 1111 4555 IV,
1129 4492 1189 4542 503.

508 4665 576 4729 Nos
587 4663 725 4729 Karolus
740 4665 791 4729 dei
806 4664 907 4747 gratia
917 4683 977 4728 rex
987 4663 1172 4747 Hungariae
1184 4668 1294 4728 tenore
1309 4666 1526 4747 praesentium
1537 4662 1753 4747 significamus

354 4768 472 4852 quibus
494 4768 625 4852 expedit
646 4769 814 4851 universis,
838 4768 924 4850 quod
939 4788 1046 4832 comes
1059 4767 1194 4831 Thomas
1208 4766 1294 4831 filius
1310 4767 1409 4831 chrul
1432 4768 1511 4831 civis
1527 4768 1566 4831 de
1580 4766 1754 4831 Kulusvvar

355 4893 413 4937 sua
435 4878 468 4937 et
489 4873 705 4937 Bartholomei
727 4872 781 4935 filii
799 4872 892 4936 Starlr
908 4893 945 4936 ac
959 4871 1064 4937 Dauid
1080 4873 1261 4936 concivium
1276 4891 1408 4935 suorum
1432 4871 1471 4934 de
1494 4870 1604 4933 eadem
1626 4869 1658 4932 in
1683 4889 1753 4953 per·
1788 4876 1823 4930 35

353 4977 441 5041 sonis
463 4976 504 5040 ad
527 4983 654 5041 nostrae
677 4977 856 5041 serenitatis
879 4976 1058 5041 accedendo
1082 4976 1293 5060 praesentiam
1316 4974 1463 5038 exhibuit
1485 4973 1578 5038 nobis
1593 4973 1752 5055 quoddam

353 5080 555 5165 privilegium
576 5079 736 5164 magnifici
759 5082 819 5144 viri
841 5081 978 5145 Thomae
1001 5079 1155 5143 vaivodae
1176 5078 1392 5142 Transsiluani
1423 5078 1548 5141 comitis
1570 5076 1609 5141 de
1632 5076 1753 5159 Zonulr,

353 5184 494 5268 gerentis
516 5184 657 5250 officium
678 5184 851 5268 magisterii
874 5184 1088 5248 tavernicatus
1112 5183 1212 5246 nostri
1235 5181 1337 5247 fidelis
1352 5181 1489 5265 proximi
1506 5182 1607 5243 nostri
1622 5180 1753 5243 modum

354 5293 386 5353 et
407 5288 542 5352 formam
564 5288 789 5353 sententiariae
805 5287 1041 5352 debborationis
1056 5286 1198 5352 eiusdem
1219 5286 1388 5349 continens
1402 5285 1486 5348 inira
1501 5285 1611 5369 scripti
1625 5284 1754 5364 tenoris,

353 5397 496 5456 nostram
514 5391 632 5455 exinde
646 5391 808 5455 humiliter
822 5391 994 5475 flagitando
1009 5390 1241 5472 excellentiam,
1257 5396 1417 5471 qnatenus
1430 5389 1535 5473 ipsum
1551 5388 1754 5473 privilegium
1787 5393 1825 5447 40

353 5499 460 5559 ratum
482 5493 598 5560 habere
620 5495 714 5559 etde
737 5495 824 5578 regia
846 5495 1041 5578 benignitate
1063 5492 1219 5557 notificare
1254 5498 1287 5557 et
1319 5492 1508 5556 confirmare
1541 5492 1753 5575 dignaremur.

2004 996 2027 1203 ὲ
