4084 6302
958 596 1112 692 Q

334 803 440 866 uaque
462 784 502 849 ad
524 783 642 848 festum
663 783 748 848 beati
770 782 900 847 Martini
922 784 1113 849 confessoris
1121 783 1143 861 1)
1166 784 1289 848 decima
1310 783 1409 848 dicari
1432 783 1546 848 debeat
1567 787 1735 868 praesente

335 887 441 952 villico
471 894 503 953 et
525 886 706 952 testimonio
729 888 853 952 comitis
875 888 1063 972 parochialis
1085 889 1126 953 ibi
1150 889 1315 954 existente.
1352 889 1434 953 item
1457 908 1569 952 omnes
1591 888 1735 952 homines

336 992 475 1056 decimas
505 1012 580 1056 suas
610 1011 715 1073 usque
743 992 783 1055 ad
814 993 930 1057 festum
964 992 1193 1075 purificationis
1226 993 1358 1076 virginis
1391 992 1577 1075 gloriosae²l
1611 992 1735 1056 solvere

339 1099 518 1177 teneantur,
540 1115 598 1178 pro
629 1095 746 1177 quibus
769 1096 825 1178 qui
850 1095 957 1180 elapso
987 1097 1067 1161 leste
1097 1116 1162 1159 non
1193 1097 1353 1161 solventes
1361 1096 1382 1173 ⁸)
1412 1097 1532 1160 luerint
1567 1097 1599 1159 in
1634 1097 1735 1179 primo

335 1198 471 1264 termino
499 1218 573 1262 cum
595 1217 698 1283 poena
720 1199 816 1264 unius
839 1198 960 1264 denarii
984 1199 1023 1264 de
1045 1220 1111 1264 una
1136 1202 1270 1285 capacia,
1292 1201 1325 1263 in
1348 1201 1488 1264 secundo
1511 1201 1646 1264 termino
1662 1219 1735 1263 cum
1771 1207 1789 1258 5

335 1321 441 1386 poena
465 1301 610 1385 duarum,
632 1303 666 1366 in
690 1303 781 1366 tertio
804 1322 881 1367 vero
897 1323 969 1367 cnm
993 1323 1097 1388 poena
1112 1305 1207 1369 trium
1222 1323 1401 1369 marcarum
1416 1303 1541 1368 solvere
1557 1308 1736 1385 teneantur,

336 1404 417 1470 duas
438 1411 545 1490 partes
567 1407 759 1471 iudiciorum
773 1408 949 1473 eorundem
964 1408 1096 1472 comites
1110 1408 1305 1491 parochiales
1326 1428 1383 1493 pro
1407 1426 1441 1473 se
1456 1408 1619 1492 recipiant,
1641 1407 1735 1471 tertia

336 1516 426 1595 perte
449 1510 633 1576 doctmatori
654 1516 764 1576 nostro
787 1516 971 1576 remanente
993 1512 1053 1574 hoc
1074 1512 1178 1594 modo,
1209 1512 1297 1594 qnod
1319 1531 1376 1596 pro
1399 1512 1476 1596 ipsis
1499 1512 1629 1576 decimis
1652 1531 1735 1594 quae

337 1614 485 1679 dicantur
506 1614 653 1680 interdici
682 1615 734 1680 vel
764 1615 1034 1680 excommunicari
1063 1635 1121 1699 per
1143 1636 1202 1680 nos
1225 1635 1289 1679 non
1312 1615 1443 1699 possint
1479 1615 1561 1680 Item
1583 1616 1735 1680 ecclesiae

337 1713 518 1803 [nobilium]
527 1718 550 1797 ⁴)
572 1739 609 1783 ac
631 1719 772 1803 ipsarum
786 1724 926 1783 rectores
945 1738 982 1782 eo
998 1720 1078 1802 iure,
1101 1737 1166 1801 quo
1181 1716 1491 1803 praedecessorumb
1513 1719 1734 1802 episcoporum

335 1827 519 1886 nostrorum
550 1823 746 1907 temporibus
775 1823 1056 1905 conservabantur,
1090 1823 1227 1887 debeant
1254 1827 1286 1886 et
1318 1842 1404 1885 nunc
1426 1822 1617 1886 conservari.
1654 1820 1735 1885 Item

337 1929 478 1990 mustum
490 1946 548 2011 per
570 1926 764 1991 decimarum
775 1926 959 1991 collectores
981 1926 1014 1990 in
1031 1927 1126 1991 rinea
1140 1926 1238 2009 recipi
1254 1925 1375 2005 debeat,
1398 1931 1431 1989 et
1452 1926 1479 1990 si
1494 1944 1552 2010 per
1574 1925 1736 2009 neghgen·

340 2028 418 2093 tiam
440 2028 658 2094 decimationis
673 2036 815 2115 tempore
831 2031 953 2095 decima
967 2051 1032 2094 non
1056 2032 1259 2115 reciperetur,
1283 2036 1360 2094 tunc
1375 2031 1482 2113 elapso
1504 2030 1736 2094 vindemiarum

336 2138 480 2218 tempore
502 2135 680 2199 secumdum
702 2135 966 2199 consuetudinem
989 2135 1079 2218 regni
1113 2135 1287 2198 decimator
1312 2153 1377 2197 non
1410 2134 1484 2218 plus
1518 2134 1579 2198 nisi
1612 2140 1736 2198 tantum

339 2242 495 2320 quantum
524 2238 559 2300 in
582 2238 742 2301 vindemia
763 2238 917 2302 valuisset
944 2238 1057 2302 debeat
1079 2238 1227 2321 recipere.
1257 2237 1338 2301 Item
1361 2237 1510 2301 villarum
1532 2239 1655 2321 patroni
1678 2258 1736 2302 seu

337 2340 458 2405 domIni
479 2341 580 2405 invito
596 2342 744 2426 episcopo
767 2348 799 2406 et
814 2342 1034 2406 archidiacono
1058 2342 1110 2405 vel
1132 2362 1242 2407 eorum
1263 2343 1454 2406 decimatore
1470 2341 1608 2405 decimas
1630 2360 1736 2405 emere

336 2444 388 2509 vel
411 2445 590 2509 conducere
612 2451 668 2509 aut
690 2464 844 2529 occupare
867 2465 932 2509 non
954 2447 1086 2530 possint,
1110 2445 1166 2509 sed
1189 2444 1324 2509 hberum
1346 2445 1388 2509 sit
1410 2445 1556 2528 episcopo
1580 2451 1613 2509 et
1634 2445 1736 2509 archi-

338 2549 471 2612 diacono
506 2568 682 2631 eorumque
714 2550 976 2633 procuratoribus
1006 2570 1059 2613 eas
1092 2551 1284 2631 cuicumque
1318 2549 1480 2613 voluerint
1513 2549 1652 2613 vendere
1685 2549 1735 2613 vel

337 2652 443 2716 locare
465 2659 498 2717 et
519 2653 663 2737 singulos
677 2653 782 2737 pullos
804 2656 939 2719 iuvenes
961 2654 1000 2718 de
1024 2653 1166 2736 qualibet
1184 2673 1258 2717 arca
1272 2653 1449 2717 secundum
1472 2654 1736 2718 consuetudinem

337 2757 493 2821 hactenus
515 2756 715 2820 observatam
738 2757 872 2840 quilibet
894 2758 969 2822 dare
992 2758 1112 2822 debeat
1142 2758 1223 2822 Item
1247 2777 1303 2841 pro
1327 2758 1503 2822 homicidiis
1526 2757 1735 2821 archidiaconi
1772 2764 1787 2813 ‘-

340 2862 391 2927 vel
414 2880 525 2925 eorum
548 2867 771 2946 procuratores
793 2882 891 2926 unam
914 2882 1051 2925 marcam
1074 2867 1107 2926 et
1129 2881 1193 2924 non
1211 2861 1283 2945 plus
1306 2861 1345 2924 de
1368 2861 1546 2925 substantia
1567 2882 1625 2926 seu
1645 2863 1737 2926 bonis

339 2965 570 3030 homicidarum
593 2966 733 3048 recipere
756 2965 901 3041 debeant,
925 2965 979 3029 ubi
1001 2985 1059 3049 per
1081 2965 1253 3028 homicidas
1269 2965 1406 3028 solvitur
1420 2967 1554 3029 emenda
1569 2967 1735 3029 homicidii.

338 3068 420 3134 Item
442 3069 469 3133 si
498 3068 649 3133 mulieres
679 3068 842 3132 maritatae
871 3069 1014 3132 rixantes
1043 3068 1083 3132 ad
1114 3069 1267 3132 iudicium
1298 3069 1591 3133 archidiaconorum
1621 3089 1656 3134 se
1678 3088 1735 3152 pro

338 3173 480 3256 Ipsarum
502 3172 619 3235 iniuria
641 3191 705 3235 non
730 3178 909 3253 evocarent,
931 3172 1050 3235 inritae
1073 3191 1137 3235 non
1161 3172 1299 3236 citantur
1326 3193 1384 3256 pro
1407 3173 1473 3236 suis
1497 3173 1621 3236 iniuriis
1644 3192 1736 3237 exse·

340 3275 486 3357 quendis,
516 3276 628 3339 citatae
658 3282 763 3340 tamen
794 3296 851 3359 per
880 3296 991 3340 eorum
1021 3277 1151 3339 maritos
1182 3276 1476 3340 archidiaconorum
1501 3278 1736 3360 inpraesentia
1771 3288 1794 3331 2·

338 3380 482 3465 ipsorum
504 3380 658 3444 iudicium
680 3382 829 3466 prosequi
853 3386 1032 3461 teneantur,
1064 3380 1241 3461 viduarum,
1272 3380 1442 3444 mulierum
1464 3390 1497 3445 et
1522 3381 1735 3465 orphanorum

339 3484 445 3549 causis
482 3483 701 3548 ecclesiasticis
732 3504 857 3549 necnon
888 3484 1172 3549 matrimonialibus
1210 3504 1334 3568 semper
1371 3505 1428 3568 pro
1466 3484 1607 3549 ecclesiis
1640 3486 1737 3549 salvis

339 3588 587 3668 remanentibus,
618 3588 662 3651 ita
691 3581 797 3651 tamen
828 3589 914 3670 quod
946 3589 1095 3652 mulieres
1124 3594 1156 3652 et
1185 3589 1319 3652 fennnas
1349 3589 1539 3672 generaliter
1572 3589 1737 3671 quaslibet,

341 3710 423 3774 qnae
453 3711 510 3774 pro
534 3710 644 3755 aarum
674 3691 860 3755 excessibus
890 3692 1104 3774 captivitatem
1135 3697 1342 3768 mererentur,
1372 3692 1583 3756 archidiaconi
1610 3692 1662 3756 vel
1684 3692 1735 3755 alii

341 3795 448 3877 quivis
469 3795 590 3858 iudices
613 3794 816 3859 ecclesiastici
838 3801 945 3878 captas
967 3796 1007 3858 ad
1030 3816 1088 3859 sua
1110 3796 1245 3878 hospitia
1268 3795 1391 3858 deferre
1415 3815 1478 3858 non
1502 3796 1647 3878 debeant,
1679 3796 1734 3861 sed
1770 3802 1776 3848 :

340 3899 424 3962 circa
451 3898 600 3962 honestas
622 3918 774 3982 personas
797 3900 881 3983 ipsas
910 3900 1123 3982 relinquente)
1155 3905 1377 3981 sequestratas.
1415 3898 1495 3962 Item
1526 3901 1736 3964 archidiaconi

339 4023 397 4087 pro
420 4022 531 4067 eorum
554 4002 698 4087 birsagiis
721 4023 778 4066 seu
801 4003 925 4067 iudiciis
948 4004 1033 4067 ultra
1054 4022 1151 4066 unam
1167 4023 1304 4066 marcam
1327 4002 1366 4065 ab
1389 4003 1438 4066 his
1461 4004 1517 4086 qui
1539 4006 1573 4067 in
1595 4005 1736 4088 ipsorum

339 4106 465 4172 indiciis
488 4106 698 4171 succumbent
727 4108 869 4191 accipere
892 4127 954 4170 non
979 4106 1115 4171 debeant
1144 4127 1202 4171 nec
1225 4108 1257 4170 in
1290 4107 1470 4191 receptione
1492 4108 1593 4191 ipsius
1615 4126 1738 4171 marcae

340 4211 461 4293 aliquid
475 4210 650 4287 relaxare⁷l
674 4211 911 4294 compellantur.
934 4210 1015 4274 Item
1032 4211 1140 4274 nullus
1155 4210 1447 4274 archidiaconorum
1469 4230 1526 4293 pro
1548 4211 1631 4274 facto
1655 4210 1738 4275 deci-

340 4334 464 4379 marum
486 4316 673 4379 auctoritate
695 4315 823 4399 propria
844 4314 1033 4378 interdicere
1055 4314 1156 4397 possit
1178 4313 1229 4377 vel
1257 4315 1415 4377 interdicti
1439 4319 1495 4377 aut
1517 4314 1736 4378 excommuni-
1772 4320 1806 4371 35

340 4417 474 4482 cationis
496 4419 670 4484 sententias
692 4418 761 4482 sine
776 4417 875 4481 literis
898 4417 1036 4500 episcopi
1060 4416 1238 4500 ahqualiter
1253 4417 1463 4501 promulgare.
1485 4417 1565 4482 Item
1583 4417 1738 4480 nobihum

340 4520 504 4586 hominum
527 4528 691 4586 consortes
707 4541 781 4584 cum
796 4520 921 4585 duabus
937 4520 989 4584 vel
1004 4541 1071 4584 una
1086 4540 1195 4586 earum
1211 4521 1425 4585 servientibus
1440 4521 1563 4584 ratione
1579 4520 1738 4583 interdicti

340 4626 483 4710 ipsorum
512 4626 634 4690 maritis
663 4626 802 4709 impositi
831 4625 1036 4689 interdictum
1067 4645 1132 4688 non
1155 4625 1291 4689 debeant
1321 4625 1499 4705 observare,
1536 4624 1597 4687 nisi
1628 4643 1739 4688 aarum

342 4728 446 4793 mariti
475 4729 665 4794 sententiam
695 4730 855 4795 interdicti
878 4736 1118 4793 contemnentes
1148 4728 1418 4793 excommunicari
1448 4728 1571 4791 ratione
1597 4727 1738 4811 ipsorum

341 4838 543 4918 contemptus
565 4840 772 4914 mererentur,
796 4852 859 4915 quo
883 4853 958 4897 casu
975 4834 1117 4918 ipsorum
1132 4840 1296 4898 consortes
1311 4833 1394 4897 lacta
1408 4832 1737 4896 excommunicatione
1773 4838 1808 4890 40

497 4987 518 5055 ¹)
536 4986 688 5042 November
705 4990 747 5041 11.

496 5074 519 5142 ²)
536 5072 668 5129 Februor
685 5075 711 5126 2.

496 5159 519 5228 ⁸)
536 5159 618 5214 Nocb
635 5158 761 5229 Bottydn
777 5164 851 5214 wore
867 5159 928 5214 bier
945 5159 1161 5215 amorrhaea:
1179 5158 1313 5228 comperti.

496 5248 519 5314 ⁴)
538 5245 663 5316 Battyna
679 5245 739 5300 solt
755 5262 784 5301 aa
800 5246 851 5313 fiir
868 5246 992 5316 mopiam
1010 5246 1077 5301 dosa
1094 5246 1133 5300 do
1152 5245 1276 5301 nobilium
1293 5246 1444 5315 pertundes
1460 5243 1517 5298 bat.

498 5334 519 5402 ι)
542 5332 675 5404 Vorlopa:
692 5332 944 5402 praedecessoribus.

497 5420 519 5488 ⁸)
541 5418 674 5489 Vorlopa:
691 5416 829 5489 relinquat

497 5504 519 5574 ¹)
541 5502 676 5574 Vorlope:
693 5502 814 5560 mhxart
