4088 6292
1018 588 1080 651 198

498 774 702 845 Einpescbaltet
718 790 772 828 oon
788 775 849 829 darn
866 773 1120 843 aicbenbrtrpiacbea
1137 773 1258 841 Biocbos
1271 772 1400 827 Andreas
1419 775 1487 826 1325
1512 773 1571 825 and
1588 772 1637 827 mit
1655 773 1744 827 dieser

450 861 579 916 Urlcuode
602 878 657 915 oon
680 862 739 916 dem
762 860 1017 931 siebenbrtrpr'scbcn
1035 860 1429 928 Biacbochminicao1364‚
1458 857 1534 928 Θήρ.
1553 857 1744 913 Katboliacbcs

445 948 655 1016 Psaweiarcba'o
673 947 880 1016 Klaasenburp.

496 1069 609 1124 Druck:
631 1069 742 1124 rauca
761 1086 787 1122 u.
804 1069 965 1124 Firnbabcr
983 1069 1055 1124 sico.
1073 1068 1155 1123 Urltb.
1168 1068 1194 1135 I,
1213 1072 1272 1121 188.
1298 1068 1408 1122 Wenzel
1427 1067 1492 1123 cod.
1506 1068 1613 1135 Arpad.
1632 1066 1664 1135 V,
1684 1070 1742 1121 126.

445 1156 629 1211 Denaaaicna
647 1155 814 1210 Documento
831 1160 891 1211 525.
1778 1156 1794 1207 5

499 1332 567 1396 Nos
589 1332 705 1397 Petrus
728 1332 930 1397 miseratione
954 1332 1063 1394 divina
1085 1332 1252 1415 episcopus
1267 1331 1512 1394 Transsiluanus
1528 1330 1742 1413 significamus

343 1435 462 1517 quibus
484 1437 615 1520 expedit
636 1437 796 1500 universis
817 1437 1035 1519 praesentium
1057 1455 1114 1519 per
1136 1440 1288 1514 tenorem,
1312 1435 1399 1516 quod
1421 1435 1548 1518 populis
1570 1434 1688 1497 nostris
1703 1434 1742 1497 de

342 1539 418 1602 villa
447 1539 527 1603 Sard
557 1541 639 1604 hanc
668 1540 863 1604 contulimus
892 1540 1080 1621 libertatem,
1114 1545 1152 1604 ut
1181 1541 1214 1602 in
1245 1541 1326 1604 festo
1357 1539 1441 1603 beati
1469 1538 1597 1602 Martini
1632 1557 1742 1602 omnes

343 1642 555 1707 communiter
577 1644 711 1728 singulis
734 1645 826 1708 annis
849 1645 999 1708 tredecim
1024 1665 1145 1708 marcas
1168 1649 1334 1708 terrestres
1350 1643 1472 1725 argenti
1494 1663 1552 1725 pro
1576 1642 1711 1724 terragio
1722 1645 1742 1719 ¹)

343 1744 468 1810 solvere
490 1752 668 1811 teneantur.
691 1748 772 1812 Item
796 1749 992 1831 quicumque
1015 1768 1058 1811 ex
1079 1749 1156 1832 ipsis
1178 1747 1356 1832 hospitibus
1378 1747 1497 1810 nostris
1518 1747 1551 1807 in
1575 1746 1644 1829 ipsa
1665 1745 1741 1808 villa
1778 1753 1810 1806 10

342 1847 422 1912 Sard
444 1856 476 1914 et
498 1856 583 1914 terra
604 1851 711 1934 aliqua
733 1851 876 1916 aedificia
898 1851 949 1916 vel
972 1853 1083 1915 vineas
1098 1857 1153 1914 aut
1175 1851 1237 1914 alia
1252 1870 1473 1933 quaecumque
1489 1869 1585 1933 opera
1599 1850 1740 1927 fecerint,

343 1953 442 2018 libere
462 1954 588 2037 possint
609 1954 748 2020 vendere
771 1955 824 2019 vel
846 1957 965 2019 donare
986 1957 1020 2018 in
1037 1956 1103 2018 vita
1125 1956 1176 2019 vel
1198 1957 1230 2018 in
1247 1960 1348 2021 morte
1364 1956 1557 2036 cuicumque
1571 1954 1741 2036 voluerint,

343 2063 400 2121 aut
428 2059 523 2122 etiam
553 2058 738 2123 recedentes
760 2065 792 2122 et
814 2061 896 2123 sicut
918 2060 1016 2124 libere
1041 2060 1183 2141 veniunt,
1214 2060 1259 2123 sic
1288 2059 1387 2123 bbere
1417 2059 1568 2122 recedant
1598 2057 1741 2139 quando·

345 2181 485 2243 cumque
514 2163 676 2226 voluerint
703 2164 788 2227 iusto
823 2166 958 2247 terragio
968 2164 989 2242 ¹)
1018 2164 1124 2226 villico
1159 2182 1270 2227 eorum
1303 2182 1360 2245 pro
1392 2167 1534 2245 tempore
1567 2161 1741 2224 constituto

342 2265 514 2349 persoluto.
558 2265 650 2330 Hanc
680 2267 775 2331 etiam
804 2270 937 2351 gratiam
959 2268 1005 2332 eis
1028 2268 1181 2331 duximus
1203 2266 1388 2345 faciendam,
1422 2272 1460 2329 ut
1482 2266 1676 2347 quicumque
1699 2283 1741 2328 ex
1778 2272 1810 2325 15

343 2370 422 2452 ipsis
444 2370 513 2433 sine
536 2370 651 2434 herede
675 2370 850 2451 decederet,
880 2373 987 2435 omnia
1008 2371 1094 2435 bona
1115 2391 1174 2434 sua
1196 2370 1388 2452 cuicumque
1411 2368 1557 2450 volucrit,
1583 2368 1616 2430 in
1640 2372 1741 2430 morte

343 2493 402 2537 sua
423 2473 523 2537 libere
544 2475 645 2557 possit
667 2475 858 2557 relinquere,
880 2477 986 2560 legare
1009 2496 1066 2540 seu
1082 2475 1201 2538 donare
1216 2494 1282 2538 uno
1306 2473 1388 2537 bove
1404 2474 1528 2536 trienne
1550 2471 1643 2534 nobis
1659 2471 1741 2533 dato.
1813 2476 1816 2483 ’

342 2576 492 2641 Ceterum
521 2597 578 2661 pro
610 2577 766 2642 descensu
796 2586 905 2644 nostro
936 2579 1033 2643 semel
1064 2580 1097 2641 iu
1128 2598 1212 2641 anno
1236 2597 1338 2641 unum
1361 2577 1475 2641 bovem
1506 2574 1687 2658 pascualem
1710 2579 1742 2637 et

342 2701 443 2744 unum
465 2701 598 2765 porcum
621 2701 657 2745 ac
680 2702 778 2745 unam
800 2683 954 2747 tunellam
977 2685 1045 2746 vini
1068 2684 1106 2747 de
1129 2688 1196 2746 tota
1218 2682 1301 2764 villa,
1324 2681 1363 2744 de
1385 2680 1520 2762 singulis
1535 2678 1629 2741 etiam
1651 2696 1741 2740 man-

341 2783 485 2848 sionibus
507 2804 605 2848 unam
628 2784 785 2867 gallinam,
807 2806 910 2850 unum
933 2787 1086 2850 eubulum
1109 2805 1229 2850 avenae
1253 2792 1285 2851 et
1307 2786 1388 2849 duos
1403 2803 1502 2868 panes
1517 2783 1592 2846 dare
1615 2781 1739 2846 debent
1776 2789 1810 2844 20

341 2888 423 2952 Item
445 2889 585 2954 minutas
607 2909 719 2953 causas
741 2891 826 2955 inter
848 2892 934 2974 ipsos
956 2897 1085 2954 exortas
1107 2890 1234 2954 villicus
1255 2890 1400 2974 ipsorum
1421 2886 1582 2969 iudicabit,
1605 2885 1741 2948 maiores

341 2996 448 3055 autem
479 3011 600 3074 causas,
634 2994 717 3056 sicut
745 3014 842 3078 super
871 2994 1026 3058 effirsione
1055 2995 1229 3078 sanguinis,
1263 2999 1373 3074 morte,
1406 2991 1493 3055 furto
1523 2995 1556 3055 et
1585 2989 1741 3054 similibus

342 3114 581 3160 comessorum
604 3116 678 3160 cum
700 3098 806 3161 villico
829 3097 989 3161 iudicabit.
1013 3096 1157 3174 Quorum
1180 3097 1309 3179 quidem
1324 3096 1515 3161 iudiciorum
1538 3094 1620 3157 duae
1635 3097 1741 3175 partes

341 3199 456 3263 cedent
486 3200 602 3283 comiti,
633 3202 727 3265 tertia
748 3208 838 3285 parte
860 3202 966 3264 villico
997 3197 1181 3266 remanente
1211 3202 1393 3265 eorundem
1427 3201 1530 3284 Super
1553 3197 1740 3262 vulneribus

341 3309 449 3366 autem
463 3304 638 3368 inferendis
653 3310 685 3368 et
699 3304 804 3387 illatis,
827 3305 1004 3368 secundum
1020 3306 1163 3370 vulneris
1178 3306 1257 3369 illati
1272 3305 1457 3388 qualitatem
1474 3310 1505 3367 et
1521 3302 1740 3385 quantitatem,
1775 3308 1809 3363 25

341 3411 450 3470 utrum
472 3406 593 3472 scilicet
621 3409 721 3472 maior
744 3410 795 3473 vel
817 3410 922 3472 minor
944 3409 1057 3473 debeat
1079 3411 1220 3494 reputari
1250 3410 1346 3474 laesio
1369 3415 1401 3472 et
1423 3425 1599 3492 perquem
1622 3404 1741 3468 scilicet

340 3509 478 3574 iudicem
510 3511 561 3575 vel
592 3512 734 3575 villicum
763 3512 801 3576 de
831 3513 1013 3577 huiusmodi
1043 3513 1183 3577 laesione
1211 3515 1410 3593 decernatur,
1444 3511 1574 3574 modum
1603 3516 1636 3573 et
1665 3528 1740 3572 con·

341 3613 542 3677 suetudinem
574 3615 811 3699 Cybinyensem
841 3617 960 3681 eisdem
990 3617 1140 3680 volumus
1170 3618 1273 3681 facere
1303 3617 1473 3680 observari
1510 3615 1562 3679 Ad
1591 3613 1669 3677 haec
1691 3615 1740 3676 in-

342 3717 499 3783 dulsimus
522 3719 650 3801 eisdem,
673 3726 710 3784 ut
733 3720 759 3783 si
781 3720 881 3783 iudex
904 3721 1047 3803 ipsorum
1070 3740 1128 3804 pro
1152 3726 1293 3804 tempore
1308 3721 1502 3783 constitutus
1524 3718 1558 3781 in
1573 3718 1740 3801 exigendis

339 3821 466 3886 iudiciis
488 3841 546 3886 seu
569 3822 638 3885 aliis
653 3824 891 3905 gravaminibus
907 3824 1080 3888 inferendis
1103 3844 1136 3888 se
1159 3825 1306 3888 redderet
1327 3825 1520 3907 pertinacem
1535 3829 1568 3886 et
1582 3841 1739 3903 severum,
1774 3828 1809 3882 30

340 3924 375 3988 in
398 3945 462 4008 quo
478 3932 511 3990 et
532 3927 566 3988 in
582 3925 700 4008 quibus
715 3925 844 3989 libertas
858 3927 1002 4009 ipsorum
1016 3927 1206 4011 populorum
1224 3934 1407 3992 nostrorum
1424 3927 1553 4010 infringi
1569 3925 1740 4006 videretur,

341 4027 463 4109 absque
485 4028 594 4092 iudicii
617 4031 800 4112 gravamine
823 4050 880 4094 seu
904 4032 1046 4095 cuiusvis
1069 4033 1182 4095 timore
1203 4051 1325 4116 poenae
1347 4052 1413 4095 non
1437 4030 1582 4095 obstante
1604 4035 1740 4113 possunt

340 4131 435 4195 iidem
457 4133 567 4216 populi
590 4134 691 4197 nostri
710 4133 847 4198 iudicem
870 4155 974 4216 suum,
996 4136 1097 4199 donec
1120 4156 1217 4219 super
1237 4138 1306 4220 ipso
1330 4137 1456 4220 negotio
1480 4155 1539 4199 nos
1561 4133 1739 4216 consulant,

339 4234 514 4318 prohibere.
551 4236 591 4300 In
620 4237 713 4301 cuius
742 4238 788 4300 rei
818 4238 1036 4302 testimonium
1066 4246 1098 4303 et
1127 4245 1314 4324 perpetuam
1342 4239 1524 4303 firmitatem
1556 4244 1739 4322 praesentes

339 4339 554 4404 concessimus
576 4339 683 4404 literas
706 4341 800 4425 sigilli
822 4343 924 4405 nostri
946 4344 1124 4408 munimine
1145 4344 1318 4408 roboratas.
1349 4344 1468 4407 Datum
1490 4342 1601 4422 Albae,
1624 4347 1737 4424 quarto
1773 4348 1808 4402 35

340 4442 391 4505 die
413 4444 655 4507 resurrectionis
678 4445 806 4526 domini,
830 4465 914 4508 auno
938 4447 1057 4510 domini
1080 4447 1145 4511 Mt*
1172 4447 1254 4511 CC'?
1279 4447 1484 4531 nonagesimo
1509 4446 1629 4528 quinto.

995 4755 1086 4840 269.

417 4917 523 4986 1295
547 4917 627 4988 Jub'
652 4920 717 4988 25.
750 4916 923 5014 Magister
939 4918 1038 5013 Myle
1064 4927 1259 5016 praeceptor
1281 4921 1402 4995 domus
1420 4921 1671 4994 Cruciferorum
1699 4920 1738 4991 de

338 5034 454 5107 Tarda
472 5035 618 5127 bezeupt,
647 5039 728 5111 dass
742 5037 861 5131 Gyvla
877 5040 976 5112 filius
995 5039 1131 5113 comitis
1148 5040 1282 5114 Rodolfi
1301 5043 1341 5115 de
1359 5049 1478 5116 sancto
1496 5042 1605 5116 Paulo
1622 5045 1738 5116 sacen

337 5154 481 5228 Aatbeil
506 5179 553 5229 aa
579 5157 642 5229 der
669 5166 764 5231 terra
787 5157 918 5251 Suaaop
944 5183 990 5232 an
1017 5161 1083 5233 dea
1108 5162 1423 5255 aebeabdrpiecbca
1449 5165 1602 5254 Biacbof
1612 5164 1739 5237 Petrus
1772 5177 1808 5231 40

337 5277 499 5367 raram
524 5278 618 5353 boba

494 5462 515 5528 ¹)
537 5459 669 5530 Vorlape:
686 5460 806 5516 terradio.
