4106 6294
989 599 1144 694 gr}-

368 790 533 874 episcopos
564 789 615 854 die
637 788 797 874 praedicto
820 789 967 853 incuria
993 789 1112 852 domini
1142 788 1238 871 legati
1260 792 1421 851 morantes
1443 794 1476 851 et
1496 791 1664 871 praesente
1686 785 1770 850 dicto

368 894 513 977 Vagnolo
544 898 749 977 procuratore
779 893 951 977 praedicto,
980 893 1066 977 ipsos
1088 898 1120 956 et
1146 890 1320 974 quemlibet
1341 891 1484 974 ipsorum
1506 909 1548 955 ex
1578 894 1668 975 parta
1695 889 1771 953 dicti

369 998 488 1062 domini
510 997 664 1061 auditoris
687 996 849 1079 requisivi,
881 1005 916 1060 ut
938 997 1117 1060 iuramenta
1125 996 1146 1073 ¹)
1169 1001 1367 1079 praestarent
1396 995 1435 1059 de
1457 994 1652 1078 perhibendo
1682 995 1770 1057 testi·

369 1102 545 1165 monimum
560 1101 686 1164 veritati
703 1120 800 1183 super
815 1101 884 1180 niis,
907 1101 947 1164 de
963 1100 1081 1182 quibus
1096 1100 1281 1182 interrogati
1297 1100 1418 1163 inerint
1436 1119 1532 1182 super
1551 1098 1693 1162 articulis
1713 1117 1771 1181 per

368 1206 487 1269 dictum
511 1202 693 1287 Vagnolum
724 1204 808 1267 dicto
832 1204 1016 1268 nominoio
1048 1223 1146 1267 causa
1166 1203 1328 1287 praedicta
1356 1203 1514 1266 exhibitis.
1548 1201 1610 1278 Qui
1641 1201 1769 1283 quidem
1805 1207 1822 1259 5

367 1310 487 1373 domini
512 1308 660 1391 episcopi,
684 1327 823 1389 quorum
845 1309 976 1371 nomina
998 1314 1075 1371 suut
1096 1308 1182 1389 haec,
1205 1306 1353 1370 videlicet

242 1419 340 1471 Testes.
525 1412 682 1475 Dominus
704 1411 821 1475 Petrus
844 1411 1203 1493 Qtnnqueecclesiensis

524 1515 682 1579 Dominus
704 1515 899 1579 Benedictus
922 1516 1128 1580 Cenadiansis
1151 1520 1184 1579 et

523 1619 682 1683 Dominus
698 1664 706 1682 .
724 1664 732 1682 .
749 1619 914 1683 Vaciensis
929 1621 1118 1683 iuraverunt
1140 1619 1180 1682 ad
1195 1623 1304 1682 sancta
1319 1619 1369 1682 dei
1386 1619 1551 1701 evangelia
1565 1617 1771 1702 corporaliter

369 1731 453 1788 tacta
474 1743 570 1806 super
593 1722 734 1786 articulis
756 1723 926 1806 praedictis
948 1728 980 1786 et
1006 1743 1103 1807 snper
1124 1723 1193 1803 niis,
1217 1724 1256 1787 de
1280 1724 1398 1804 quibus
1425 1723 1611 1805 interrogati
1642 1721 1769 1800 luerim,
1806 1724 1840 1779 10

369 1828 473 1890 dicere
493 1828 667 1907 veritatem,
691 1826 820 1889 remotis
843 1826 924 1908 odio,
947 1846 1063 1908 amore,
1086 1846 1188 1910 proce,
1211 1828 1312 1910 pretio
1336 1835 1368 1891 et
1391 1829 1510 1891 timore.

197 1934 332 2022 111111-
524 1930 584 1994 Die
606 1931 708 2014 primo
732 1930 851 1994 mensis
872 1930 961 2012 tntu,
991 1932 1170 2013 praedictae
1193 1902 1263 1993 Vll.
1292 1930 1474 1999 indictionis
1503 1928 1714 1993 existentibus
1736 1930 1770 1991 in

187 2013 275 2143 dt¹i¹⁰l¹⁰
288 2015 341 2065 lffl'
368 2035 486 2099 iudicio
515 2054 620 2097 coram
652 2033 780 2096 domino
812 2033 957 2096 auditore
987 2035 1155 2118 praedictis
1183 2034 1443 2117 procuratoribus
1472 2034 1642 2114 utriusque
1671 2033 1770 2117 partis

209 2105 330 2222 officisis)
369 2140 473 2209 dictus
488 2138 654 2219 Vagnolus
676 2137 805 2201 nomine
830 2157 894 2219 qno
918 2158 1015 2221 snpra
1039 2138 1194 2221 produxit
1216 2138 1255 2201 ad
1277 2139 1478 2221 probandum
1501 2138 1602 2201 dictos
1624 2157 1700 2201 suos
1722 2157 1771 2200 ar-

369 2244 484 2306 ticulos
500 2242 732 2325 infrascriptos
755 2248 852 2306 testes
874 2248 1057 2325 praesentes
1079 2243 1112 2305 in
1135 2243 1223 2305 curia
1245 2262 1352 2305 coram
1375 2243 1503 2306 domiuo
1519 2242 1664 2306 auditore
1679 2260 1769 2324 prae-
1807 2246 1840 2298 15

369 2347 463 2429 dicto,
492 2352 604 2429 petens
627 2365 682 2409 eos
704 2346 776 2427 cogi
798 2346 838 2408 ad
860 2347 1030 2410 iurandum
1055 2356 1087 2409 et
1113 2346 1283 2409 dicendum
1306 2348 1473 2410 veritatem
1495 2367 1592 2429 snper
1614 2346 1691 2428 ipsis
1721 2364 1770 2407 ar-

369 2451 484 2531 ticulis,
506 2455 544 2513 ut
564 2449 705 2532 postulat
727 2449 804 2512 ordo
828 2451 916 2529 iuris,
940 2470 1078 2532 quorum
1100 2450 1229 2515 testium
1252 2450 1479 2512 nominasent
1501 2450 1578 2513 haec

241 2566 340 2618 Testes.
525 2553 723 2616 Venerabilis
752 2554 786 2615 in
816 2554 940 2617 Christo
970 2560 1060 2637 pater
1091 2555 1239 2617 dominns
1269 2553 1433 2617 ladislaus
1463 2555 1630 2638 episcopus
1662 2554 1770 2617 Sirmi-

522 2658 607 2722 ensis
629 2662 662 2720 et

523 2760 681 2825 Dominus
704 2760 825 2849 Paulus
847 2761 1047 2845 praepositus
1069 2761 1283 2845 Scepisieusis.
1804 2767 1840 2822 20

190 2879 342 2933 loramento
523 2864 585 2942 Qui
608 2870 705 2929 testes
727 2871 760 2929 et
780 2865 923 2948 ipsorum
956 2864 1089 2947 quilibet
1110 2865 1190 2927 inssi
1212 2884 1231 2927 a
1261 2864 1344 2927 dioto
1368 2865 1497 2929 domino
1519 2867 1663 2930 auditore
1684 2866 1770 2929 inra-

210 2956 318 3010 aetium
367 2975 486 3034 verunt
507 2969 548 3033 ad
570 2974 680 3032 sancta
701 2969 752 3031 dei
775 2968 949 3051 evangelia,
977 2968 1126 3032 videlicet
1140 2969 1244 3031 dictim
1267 2969 1435 3054 episcopus
1468 2971 1616 3034 manibus
1645 2974 1768 3034 tautum

209 3051 315 3166 debilis
369 3074 520 3157 appositis
554 3073 722 3154 dictusque
753 3073 952 3156 praepositus
986 3073 1133 3137 mambus
1166 3073 1318 3157 appositis
1352 3081 1384 3137 et
1414 3075 1514 3158 tactis,
1533 3094 1648 3159 -super
1679 3074 1770 3137 dictis

317 3154 322 3165 ⁸
369 3177 511 3241 articulis
534 3177 639 3240 dicere
662 3176 837 3259 veritatem,
861 3177 991 3240 remotis
1006 3177 1088 3259 odio,
1112 3196 1228 3256 amore,
1249 3196 1352 3259 prece,
1375 3180 1477 3261 pretio
1493 3186 1525 3243 et
1544 3186 1658 3260 cetera
1680 3196 1770 3261 prae-

370 3282 514 3345 sentibus
545 3281 714 3364 praedictis
747 3282 1007 3363 procuratoribus
1041 3282 1211 3363 utriusque
1243 3282 1343 3363 partis
1377 3290 1409 3346 et
1437 3283 1619 3367 praemissis
1647 3287 1769 3365 protes·
1805 3290 1840 3345 25

368 3385 542 3449 tationibus
558 3384 634 3447 dicti
648 3385 791 3467 magistri
807 3384 953 3468 Philippi,
976 3384 1060 3448 dicto
1083 3386 1212 3448 nornine
1235 3392 1300 3448 tam
1322 3392 1434 3450 contra
1456 3388 1543 3470 ipsos
1558 3393 1655 3451 testes
1670 3405 1767 3467 quam

371 3494 483 3552 contra
506 3489 589 3551 dicta
611 3488 760 3571 ipsorum.

191 3604 337 3658 Positiones
523 3591 605 3654 Item
627 3592 738 3656 eodem
762 3592 813 3655 die
835 3599 868 3656 et
889 3593 922 3655 in
945 3594 1056 3657 eodem
1082 3594 1200 3658 iudicio
1224 3596 1372 3677 magister
1394 3595 1561 3680 Philippus
1583 3600 1771 3679 procurator

196 3686 223 3736 et
233 3680 336 3735 ardenti
368 3695 549 3777 praedictus
565 3695 711 3759 exhibuit
725 3703 758 3760 11
772 3696 860 3759 dedit
874 3698 908 3759 in
924 3698 1049 3781 scriptis
1069 3698 1110 3761 ad
1131 3697 1331 3781 probandum
1347 3698 1387 3761 de
1402 3700 1472 3763 iure
1487 3719 1608 3781 eorum,
1631 3716 1769 3781 quorum

203 3775 324 3905 effla
368 3798 498 3861 nomine
520 3799 586 3881 agit
614 3799 646 3863 in
671 3799 755 3862 dicta
776 3819 881 3881 causa
911 3806 1023 3864 contra
1049 3802 1149 3864 dictos
1172 3802 1354 3884 Vagnolum
1385 3809 1417 3866 et
1438 3822 1502 3885 eos,
1534 3823 1671 3885 qnorum
1694 3822 1768 3885 pro·
1803 3811 1838 3866 30

369 3907 497 3964 curator
519 3907 575 3983 est,
597 3902 771 3984 positiones
793 3909 825 3968 et
853 3905 1005 3968 articulos
1033 3905 1281 3988 infrascriptos
1309 3911 1421 3988 petens
1447 3907 1518 3990 cogi
1540 3907 1660 3971 dictum
1683 3906 1769 3988 Vag-

366 4004 478 4068 nolum
509 4006 548 4069 ad
571 4006 831 4089 respondendum
854 4007 981 4071 eisdem.
1017 4007 1103 4084 Quas
1125 4009 1330 4092 exceptiones
1352 4016 1384 4073 et
1406 4011 1557 4075 articulos
1579 4011 1684 4075 dictus
1714 4009 1770 4073 do·

367 4109 475 4171 minus
497 4109 623 4172 auditor
645 4111 764 4192 recepit
787 4117 819 4174 et
840 4111 968 4175 admisit
994 4112 1081 4175 salvo
1105 4112 1174 4175 iure
1196 4113 1479 4196 impertinentinm,
1509 4115 1664 4178 mandans
1686 4114 1769 4177 dioto

366 4212 511 4295 Vagnolo
534 4215 734 4296 procuratori
756 4233 863 4277 coram
885 4234 923 4278 eo
938 4216 1107 4298 praesenti,
1128 4222 1165 4278 nt
1187 4236 1257 4278 cras
1278 4236 1372 4281 mane
1396 4224 1469 4301 post
1490 4219 1618 4282 missam
1642 4224 1674 4282 et
1695 4222 1769 4280 ante

367 4317 492 4380 tertiam
523 4323 704 4401 compareat
725 4319 934 4400 personaliter
956 4339 1062 4382 coram
1093 4339 1130 4383 eo
1153 4319 1193 4383 ad
1215 4320 1475 4403 respondendum
1496 4321 1708 4404 positionibus
1738 4326 1769 4383 et
1805 4329 1839 4383 36

367 4419 509 4483 articulis
532 4422 722 4485 memoratis.
745 4419 889 4496 Quarum
910 4423 1105 4506 positionum
1128 4429 1160 4487 et
1182 4423 1388 4486 articulorum
1412 4430 1506 4488 tenor
1527 4426 1599 4489 talis
1621 4430 1678 4489 est

523 4523 637 4587 Coram
661 4523 753 4588 vobis
775 4525 951 4590 venerabili
973 4526 1043 4590 viro
1066 4527 1194 4589 domino
1218 4525 1364 4615 Philippo
1387 4527 1426 4590 de
1450 4527 1603 4592 Sardinea
1624 4529 1769 4592 auditore

367 4626 488 4690 domini
503 4626 598 4710 legati
614 4627 780 4712 Philippus
795 4629 834 4693 de
857 4629 992 4713 Cingulo
1007 4635 1196 4713 procurator
1216 4630 1411 4695 substitutus
1428 4651 1486 4716 pro
1502 4633 1641 4716 capitulo
1655 4631 1769 4696 Trans·

367 4731 492 4794 siluano
522 4737 634 4795 eontra
662 4737 785 4814 partem
815 4732 982 4796 adversam
1005 4733 1043 4796 de
1075 4739 1196 4817 septem
1218 4734 1432 4818 decanatibus
1463 4756 1538 4799 cum
1569 4756 1634 4818 qua
1662 4755 1770 4800 coram

368 4834 459 4898 vobis
482 4835 586 4898 estin
609 4854 712 4900 causa.
1803 4848 1839 4902 40

327 4946 342 4999 Ι
522 4939 619 5002 Ponit
640 4945 681 5021 et,
710 4940 736 5002 si
760 4946 903 5023 negatur,
934 4940 1069 5024 probare
1091 4941 1236 5024 intendit
1267 4944 1354 5023 quod
1376 4943 1479 5007 bonae
1501 4944 1672 5008 memoriae
1695 4944 1770 5007 olim

368 5041 517 5104 dominus
539 5042 723 5106 Bonifacius
739 5063 820 5126 papa
842 5043 929 5107 VIII.
953 5045 1145 5109 sententiam
1158 5045 1301 5127 protulit
1324 5046 1357 5108 in
1381 5066 1446 5127 qua
1461 5047 1591 5128 quidem
1613 5049 1772 5111 sententia

368 5144 522 5208 iudicarit
543 5146 774 5210 sententialiter
795 5165 929 5229 regnum
946 5146 1105 5230 Vngariae
1128 5149 1168 5211 ad
1191 5150 1355 5213 dominum
1372 5150 1521 5214 Carolum
1545 5151 1584 5215 de
1606 5152 1677 5215 inre
1699 5171 1770 5235 per-

369 5248 479 5329 tinere,
496 5249 693 5341 quiquidem
706 5250 855 5314 dominus
866 5250 999 5315 Carolus
1010 5269 1068 5334 per
1079 5250 1294 5316 venerabilem
1308 5258 1432 5336 patrem
1443 5253 1609 5318 dominum
1619 5256 1769 5321 Thomam

368 5370 471 5377 a—--0-
491 5372 627 5378 u—

524 5420 544 5487 ι)
564 5418 694 5485 Hicraaf
706 5419 958 5489 sareptanam.-
975 5436 1024 5490 por
1040 5435 1093 5476 eos.
1804 5428 1838 5485 45
