4064 6288
887 558 1042 653 jer—

261 747 323 814 Gui
345 748 475 831 quidem
504 747 656 831 emptioni
686 752 719 812 et
747 747 925 812 venditioni
954 766 1013 812 nos
1043 747 1082 811 de
1112 746 1309 830 beneplacito
1342 748 1484 811 omnium
1506 747 1664 812 baronum

261 858 446 918 nostrorum
461 852 502 916 ad
516 852 701 916 instantiam
715 853 854 936 partium
869 871 1061 915 consensum
1077 850 1283 935 praebuimus
1302 852 1425 933 regium
1441 856 1473 916 et
1487 872 1663 934 assensum,

264 958 409 1023 volentes
432 956 519 1039 quod
535 957 637 1039 ipsam
651 957 884 1040 possessionem
900 955 1085 1020 Kendtelulr
1106 955 1191 1019 idem
1206 974 1313 1018 comes
1327 955 1441 1018 Hench
1464 961 1496 1019 et
1517 975 1576 1039 per
1590 976 1663 1019 eum

262 1062 313 1126 sui
335 1061 468 1125 heredes
490 1060 710 1143 heredumque
732 1079 866 1124 suorum
888 1060 1100 1141 inposterum
1116 1078 1316 1123 successores
1338 1060 1373 1122 in
1397 1060 1488 1123 metis
1503 1060 1664 1143 prioribus

210 1173 227 1225 5
263 1156 297 1230 et
316 1166 466 1247 antiquis,
490 1164 608 1246 quibus
623 1165 733 1229 eadem
748 1165 853 1227 fuerat
868 1163 1010 1243 limitata,
1033 1183 1107 1227 cum
1123 1164 1192 1226 eius
1212 1163 1402 1227 utilitatibus
1418 1170 1450 1227 ct
1465 1164 1665 1246 pertinentiis

260 1270 421 1333 universis
436 1269 558 1350 absque
572 1268 805 1350 inquietatione
820 1267 990 1331 cuiuslibet
1004 1274 1159 1351 perpetuo
1172 1268 1334 1350 possidere
1351 1267 1478 1331 valeant
1492 1273 1525 1331 at
1539 1267 1664 1351 habere,

262 1374 411 1438 omnibus
432 1372 615 1457 privilegiis,
637 1372 868 1451 instrumentis,
890 1370 990 1435 literis
1005 1377 1038 1435 et
1059 1372 1266 1435 munimentis
1288 1371 1367 1453 aliis,
1389 1373 1417 1435 si
1432 1389 1515 1453 quae
1530 1371 1664 1435 forsitan

261 1496 413 1561 processu
436 1482 616 1559 temporum
644 1495 702 1560 per
724 1495 788 1555 eos,
810 1475 851 1537 ad
874 1493 956 1554 quos
986 1474 1097 1538 eadem
1118 1476 1276 1558 possessio
1299 1475 1333 1538 in
1357 1481 1536 1560 temporum
1559 1482 1663 1539 muta-

261 1580 402 1646 tionibus
424 1586 462 1644 ut
484 1580 698 1664 praemittitur
712 1579 894 1659 devenerat,
917 1578 968 1642 vel
984 1598 1041 1662 per
1064 1580 1220 1661 quosdam
1242 1578 1320 1642 alios
1342 1584 1474 1662 possent
1495 1580 1529 1642 in
1545 1579 1661 1643 iudicio

194 1689 228 1744 10
262 1684 314 1749 rel
343 1688 437 1748 extra
465 1688 577 1747 contm
606 1682 744 1747 eundem
773 1682 922 1745 comitem
943 1681 1057 1746 Henoh
1087 1682 1240 1764 exhiberi,
1270 1682 1401 1746 cassatis
1422 1685 1551 1766 penitus
1573 1683 1661 1747 etin

260 1789 388 1853 irritum
409 1787 566 1852 revocatis
588 1792 621 1851 et
643 1793 768 1850 tantum
798 1785 1020 1886 praesentibus
1042 1785 1196 1849 valituris.
1240 1784 1360 1849 Datum
1381 1786 1501 1869 Budae,
1523 1788 1557 1849 in
1579 1788 1660 1852 festo

261 1892 456 1960 ascensionis
478 1891 607 1975 domiui,
630 1909 714 1955 anno
738 1888 858 1955 domini
879 1888 921 1954 Μ.
944 1867 1003 1956 0⁰0.
1029 1868 1132 1956 LXX.
1155 1909 1249 1955 nono.

914 2219 1005 2304 193.

337 2391 444 2459 1279
468 2386 548 2458 Jua
577 2387 613 2457 s.
654 2384 771 2475 aaa
804 2383 995 2456 aarum
1031 2383 1099 2456 ru
1137 2384 1295 2475 bearat
1325 2384 1408 2456 aaa
1438 2384 1577 2475 Manu
1608 2386 1663 2457 aa

193 2524 226 2578 15
261 2507 450 2580 denuctbea
475 2529 539 2578 von
568 2507 683 2597 Kdoiq
702 2504 854 2596 Stephon
880 2504 918 2577 V.
938 2507 1151 2579 verliehooeo
1169 2505 1399 2597 Besitsuapea
1417 2506 1466 2577 im
1483 2505 1665 2578 Dobotocr

262 2629 337 2701 und
365 2627 521 2701 Torducr
544 2629 713 2701 Kornitot.

418 2794 529 2848 Druck:
550 2793 640 2848 Codex
653 2794 768 2862 patrias
790 2792 842 2858 VI,
860 2795 913 2846 240
930 2793 1000 2846 uara
1018 2793 1078 2846 dem
1099 2792 1175 2862 θήρ.
1193 2792 1296 2846 Archia
1313 2793 1362 2846 der
1380 2793 1493 2846 Barone
1511 2792 1611 2860 Beioffi
1627 2809 1664 2847 aa

332 2895 338 2907 ·
366 2878 571 2947 Klousenburp.
590 2880 654 2933 Das
663 2878 752 2948 Sicpel
763 2896 822 2932 war
834 2896 872 2933 oo
883 2879 1089 2948 violat-graium
1101 2878 1302 2933 Seideaachour
1311 2878 1474 2948 anpebdnpt.
1486 2909 1521 2918 -
1533 2878 1664 2933 Doselbst

367 2966 482 3032 befiradct
499 2965 557 3019 sich
575 2965 646 3019 auch
664 2965 723 3020 eina
741 2965 1093 3035 Baplaubiqunpaurlcaade
1111 2966 1158 3020 des
1180 2965 1351 3033 Veaaprimcr
1369 2964 1498 3033 Kapitels
1514 2980 1568 3019 oon
1587 2968 1663 3019 1473.

193 3146 228 3201 20
418 3139 586 3205 Ladizlaus
601 3141 652 3205 dei
667 3142 768 3224 gratia
781 3140 976 3224 Hungariae,
991 3139 1180 3225 Dalmaciae,
1203 3140 1360 3223 Oroaciae,
1374 3138 1502 3223 Ramae,
1524 3139 1664 3224 Sennea,

263 3244 422 3326 Galliciae,
444 3243 659 3326 lodomeriae,
682 3244 852 3309 Comaniae
870 3244 1105 3328 Bulgariaeque
1128 3265 1187 3308 rer
1209 3245 1358 3309 omnibus
1378 3243 1494 3309 Christi
1516 3243 1664 3309 fidelibus

262 3354 447 3434 praesentes
462 3348 570 3413 literas
584 3349 775 3433 inspecturis
791 3348 925 3412 salutem
941 3348 974 3411 in
991 3367 1039 3431 eo,
1060 3349 1116 3431 qui
1130 3349 1260 3432 regibus
1275 3355 1437 3414 aeternam
1451 3349 1505 3413 dat
1519 3349 1663 3413 salutem.

261 3453 313 3517 Ad
343 3454 571 3517 universorum
600 3453 746 3516 notitiam
775 3452 888 3516 harum
923 3453 1004 3517 serie
1034 3453 1185 3518 volumus
1214 3454 1390 3537 pervenire,
1424 3453 1511 3535 quod
1541 3452 1665 3534 Mykud

263 3557 367 3621 banus
388 3555 474 3620 lilius
501 3556 624 3620 comitis
646 3556 771 3638 Mykud
797 3556 932 3621 dilectus
954 3564 987 3621 et
1010 3556 1113 3621 fidelis
1135 3564 1252 3638 noster,
1282 3557 1321 3620 ad
1345 3561 1488 3620 nostram
1510 3557 1664 3621 accedens

193 3666 227 3720 25
261 3661 474 3744 praesentiam
490 3659 635 3723 exhibuit
650 3660 743 3724 nobis
757 3661 959 3745 privilegium
975 3661 1095 3723 domini
1110 3660 1261 3744 Stephani
1279 3660 1378 3744 patris
1393 3661 1494 3725 nostri
1510 3661 1663 3724 carissimi

260 3763 361 3827 inoliti
390 3763 474 3847 regis
495 3763 680 3847 Hungariae
710 3764 813 3828 clarae
845 3765 1025 3845 memoriae,
1048 3765 1229 3828 coniectum
1258 3784 1355 3848 super
1377 3764 1545 3829 collatione
1567 3764 1663 3829 villae

262 3869 358 3933 castri
381 3869 420 3932 de
442 3866 577 3932 Doboka
591 3866 880 3932 Dobolrawariolua
902 3874 1033 3932 vocatae
1055 3869 1088 3931 in
1112 3869 1264 3932 comitatu
1287 3869 1326 3933 de
1341 3869 1476 3932 Doboha
1497 3868 1664 3932 existentis

261 3977 294 4037 et
322 3979 425 4036 terrae
455 3990 575 4036 vacuae
606 3972 748 4036 eiusdem
783 3973 879 4036 castri
906 3971 1012 4036 Lusad
1043 3978 1245 4055 nuncupatae
1277 3993 1315 4036 ac
1344 3973 1477 4036 aliarum
1507 3978 1664 4036 terrarum

261 4096 435 4140 vacuarum
450 4076 545 4139 castri
561 4075 712 4156 eiusdem,
735 4076 775 4139 ad
795 4076 987 4160 praedictam
1002 4076 1109 4139 villam
1125 4075 1413 4140 Dobolrawariolua
1427 4077 1663 4159 pertinentium,

192 4184 227 4239 30
261 4181 337 4243 item
360 4199 457 4264 super
478 4179 646 4243 collatione
676 4179 812 4242 duarum
835 4185 992 4244 terrarum
1023 4180 1166 4263 Gregorii
1188 4181 1285 4244 Parvi
1307 4181 1483 4263 iobagionis
1505 4180 1599 4242 castri
1623 4179 1663 4243 de

259 4284 371 4367 Torda,
393 4285 462 4349 sine
485 4283 601 4348 herede
624 4283 815 4365 decedentis,
837 4284 1043 4367 Igruchtelulr
1067 4291 1099 4349 et
1113 4284 1321 4368 Kerekyghaz
1337 4290 1530 4364 vocatarum,
1554 4284 1586 4345 in
1610 4302 1663 4346 co-

259 4390 373 4452 mitatu
404 4388 443 4452 de
471 4386 575 4451 Tarda
603 4387 697 4450 iuxta
717 4386 855 4452 fluvium
877 4390 1002 4452 Aranas
1025 4396 1174 4453 vocatum
1196 4388 1409 4452 adiacentium
1440 4393 1472 4451 et
1500 4387 1615 4470 petivit
1644 4406 1664 4449 a

259 4491 352 4557 nobis
382 4510 456 4554 cum
479 4492 638 4573 instantia,
669 4497 706 4555 ut
727 4511 787 4555 nos
808 4493 914 4576 ipsum
936 4490 1137 4574 privilegium
1160 4492 1313 4556 carissimi
1335 4492 1434 4574 patris
1456 4491 1558 4554 nostri
1588 4490 1664 4553 rati-

260 4593 355 4659 ficare
386 4600 419 4659 et
440 4596 618 4679 praedictas
648 4600 748 4659 terras
777 4596 966 4680 peripsum
991 4600 1114 4678 patrem
1143 4599 1291 4658 nostrum
1320 4594 1404 4657 dicto
1427 4593 1550 4675 Mykud
1580 4592 1663 4657 bano

192 4704 225 4758 35
260 4698 391 4763 oollams
413 4698 516 4763 eidem
539 4699 721 4782 relinquere
743 4706 776 4763 et
790 4699 876 4784 apud
897 4700 1003 4782 ipsum
1025 4718 1215 4762 conservare
1238 4717 1275 4760 ac
1289 4697 1458 4762 fidehtates
1480 4701 1513 4761 et
1534 4696 1665 4760 servitia

258 4803 368 4886 ipsius,
399 4822 482 4884 quae
505 4803 588 4866 idem
620 4804 704 4867 dicto
726 4806 808 4887 patri
831 4811 941 4868 nostro
973 4803 1127 4883 exhibuit,
1159 4802 1277 4885 quibus
1298 4801 1505 4865 consideratis
1536 4801 1663 4865 easdem

261 4912 361 4970 terras
384 4907 488 4970 dictus
510 4914 600 4991 pater
623 4914 732 4972 noster
754 4908 950 4991 dignoscitur
972 4907 1075 4970 eidem
1097 4906 1279 4986 contulisse,
1310 4907 1344 4968 in
1369 4904 1530 4989 praesenti
1552 4909 1663 4967 nostro
1685 4900 1697 4922 ⁰

258 5009 423 5093 privilegio
454 5012 633 5094 exprimere
663 5011 703 5075 de
725 5012 920 5095 benignitate
952 5011 1039 5094 regia
1062 5009 1274 5092 dignaremur.
1309 5008 1409 5073 Cuius
1431 5007 1600 5072 fidelitates
1631 5016 1664 5072 et

259 5114 397 5197 servitia,
420 5121 517 5198 prout
538 5116 572 5177 in
594 5115 760 5199 privilegio
783 5116 926 5180 eiusdem
948 5116 1047 5198 patris
1069 5113 1170 5177 nostri
1193 5112 1320 5196 plenius
1336 5112 1475 5177 vidimus
1497 5113 1662 5193 contineri,

191 5221 226 5276 40
259 5217 364 5282 taliter
392 5219 426 5281 in
455 5219 676 5303 praesentibus
707 5219 861 5283 duximus
890 5218 1064 5297 inferenda,
1096 5217 1182 5299 quod
1209 5236 1283 5280 oum
1313 5216 1463 5281 dominus
1493 5238 1552 5283 rex
1573 5217 1661 5298 Bela,

260 5341 341 5387 arus
364 5328 472 5387 noster
493 5323 684 5405 carissimus,
707 5322 814 5387 habito
836 5323 948 5403 iniquo
971 5321 1103 5385 consilio
1121 5321 1323 5404 quorundam
1341 5321 1498 5385 baronum
1521 5339 1663 5403 suorum,

261 5424 382 5490 dictum
410 5432 534 5510 patrem
555 5432 703 5492 nostrum
725 5427 765 5491 de
787 5446 846 5491 suo
874 5445 973 5510 regno
1000 5424 1222 5490 miserabiliter
1243 5425 1284 5488 ad
1311 5430 1417 5508 partes
1439 5423 1663 5488 Transilumas
