4084 6302
996 584 1151 679 ...en

379 770 508 833 virtutis
538 770 636 853 regali
662 772 919 835 remuneratione
943 772 1056 855 dignos
1079 772 1231 853 efficiunt,
1262 774 1349 856 regia
1371 773 1464 838 debet
1486 774 1666 857 benignitas
1688 782 1778 859 grata

376 873 510 937 reddere
527 874 667 957 praemia
682 876 877 955 meritorum,
900 875 997 958 igitur
1012 877 1052 939 ad
1068 877 1291 940 universorum
1308 879 1452 941 notitiam
1476 928 1604 942 .....
1627 879 1777 943 volumus

376 978 553 1061 pervenire,
577 977 664 1059 quod
687 997 756 1059 noa,
779 983 875 1062 prout
894 986 1021 1044 nostrae
1043 981 1271 1064 magnitudinis
1294 982 1477 1065 expostulat
1505 982 1654 1064 officium,
1676 982 1777 1046 fideli·

377 1086 459 1145 tates
474 1085 507 1145 et
520 1079 662 1145 fidelium
686 1083 888 1146 servitiorum
913 1084 1025 1147 merita
1036 1083 1170 1147 Joannis
1193 1090 1225 1146 et
1247 1084 1359 1147 Jacobi
1381 1084 1518 1148 filiorum
1533 1086 1655 1149 Nicolai
1671 1087 1776 1169 magni

376 1186 415 1249 de
431 1185 561 1250 Rosnou
584 1184 726 1249 fidelium
749 1193 932 1251 nostrorum
955 1188 1163 1267 attendentes,
1187 1206 1269 1268 quae
1285 1208 1392 1253 sacrae
1416 1210 1551 1253 coronae
1574 1196 1606 1253 et
1627 1189 1720 1253 nobis
1742 1192 1774 1253 in
1812 1216 1830 1251 )

377 1289 549 1354 traditione
579 1309 637 1354 seu
665 1291 867 1356 restitutione
897 1293 991 1356 castri
1020 1292 1121 1355 nostri
1144 1292 1365 1356 Feletehalom
1395 1295 1580 1378 nuncupati,
1611 1315 1630 1358 a
1659 1295 1776 1357 nostris

376 1393 635 1477 progenitoribus
665 1399 698 1458 et
727 1415 746 1458 a
768 1395 860 1459 nobis
886 1416 905 1459 a
927 1395 1036 1459 multis
1059 1396 1256 1479 temporibus
1279 1397 1407 1461 alienati
1431 1416 1488 1461 seu
1511 1399 1647 1480 separati
1671 1417 1775 1480 usque

375 1498 479 1581 modo,
503 1498 589 1580 quod
612 1498 673 1583 ipsi
692 1498 835 1563 Joannes
858 1504 891 1563 et
911 1499 1051 1563 Jacobus
1074 1520 1161 1564 nunc
1184 1520 1225 1564 ex
1247 1501 1417 1564 traditione
1437 1501 1575 1582 quadam
1590 1499 1775 1582 Salomonis

375 1600 432 1665 filii
456 1601 594 1667 Simonis
624 1602 663 1666 de
692 1602 834 1668 Brassou
864 1604 1003 1687 proximi
1030 1604 1174 1687 ipsorum
1204 1604 1347 1667 obtinere
1378 1605 1618 1687 dignoscuntur,
1649 1610 1776 1668 nosbae

378 1706 534 1770 maiestati
556 1707 647 1789 iacta,
671 1707 857 1771 sollenniter
879 1713 1123 1791 assumpserunt
1145 1715 1177 1772 et
1198 1710 1371 1792 praemissa
1387 1710 1499 1789 utique
1515 1708 1642 1772 effectui
1657 1710 1775 1772 manci·
1814 1719 1849 1770 10

375 1829 452 1893 pare
475 1816 508 1874 et
528 1809 734 1875 fidelitatibus
757 1812 932 1875 eorundem
955 1812 1137 1875 huiusmodi
1160 1812 1306 1875 affuturis
1329 1862 1456 1876 .....
1481 1812 1520 1876 de
1543 1819 1652 1875 nostra
1671 1813 1776 1895 regiae

375 1915 549 1978 maiestatis
564 1915 733 1978 clementia
748 1916 844 1998 digna
858 1917 1024 1999 cupientes
1037 1917 1329 1999 recompensatione
1342 1936 1517 1997 occurrere,
1530 1917 1555 1979 si
1568 1916 1602 1979 in
1614 1919 1774 2000 proposito

373 2016 512 2081 finaliter
542 2019 694 2081 duxerint
722 2020 1002 2102 perseverandum,
1033 2019 1201 2083 universas
1231 2020 1494 2104 possessionarias
1516 2021 1679 2103 portiones
1701 2020 1775 2083 dicti

377 2120 555 2185 Salomonis
577 2121 633 2185 filii
649 2122 787 2186 Simonis
810 2123 938 2186 nomine
956 2122 1071 2205 quovis
1087 2122 1241 2186 vocitatas
1256 2123 1326 2187 iure
1341 2125 1554 2187 successionis
1569 2143 1627 2187 seu
1642 2130 1774 2207 paterno

375 2225 513 2288 eundem
536 2224 737 2290 Salomonem
761 2232 991 2292 concernentes
1014 2228 1046 2290 in
1071 2227 1265 2308 quibuslibet
1288 2227 1380 2307 villis,
1408 2227 1607 2304 molendinis,
1630 2228 1774 2309 terragiis
1813 2239 1847 2290 15

374 2347 431 2392 seu
454 2329 604 2393 censibus
626 2330 822 2413 ubicumque
846 2332 879 2393 in
904 2332 1050 2394 districtu
1067 2332 1105 2394 de
1120 2331 1261 2394 Brassou
1280 2352 1316 2394 ao
1332 2333 1416 2395 intra
1430 2332 1679 2394 Transilraniam
1697 2333 1774 2411 sitis,

373 2451 431 2516 per
459 2434 564 2518 ipsum
587 2431 789 2498 Salomonem
819 2436 902 2498 iusto
934 2435 1027 2499 titulo
1050 2434 1173 2499 habitas
1196 2442 1228 2499 et
1250 2455 1411 2518 possessas
1436 2485 1563 2499 .....
1587 2455 1606 2498 a
1627 2435 1775 2498 manibus

375 2537 591 2618 quorumlibet
606 2557 809 2621 quacumque
824 2539 974 2602 firmitate
987 2540 1112 2603 easdem
1126 2539 1338 2603 obtinentium
1350 2540 1539 2603 retrahendo
1552 2546 1583 2604 et
1596 2539 1774 2603 revocando

373 2660 445 2705 cum
470 2642 556 2705 omni
578 2641 776 2726 plenitudine
809 2663 939 2707 suorum
964 2644 1083 2706 inrium
1113 2648 1146 2706 et
1177 2644 1350 2707 utilitatum
1375 2644 1555 2726 integritate
1581 2643 1621 2707 de
1643 2643 1774 2706 consilio

372 2745 587 2829 praelatorum
621 2751 653 2810 et
686 2745 844 2811 baronum
877 2748 967 2830 regni
998 2747 1097 2810 nostri
1127 2747 1261 2810 interius
1292 2749 1526 2811 nominatorum
1558 2766 1652 2830 saepe
1682 2748 1773 2810 dictis
1809 2757 1847 2811 20

373 2849 491 2914 Joanni
507 2849 670 2914 etJacobo
685 2849 759 2914 filiis
774 2850 897 2914 Nicolai
911 2850 1060 2914 fidelibus
1077 2852 1193 2914 nostris
1208 2872 1267 2935 pro
1283 2852 1464 2915 huiusmodi
1481 2852 1619 2915 servitiis
1631 2870 1774 2914 summae

372 2951 535 3017 fidelitatis
566 2953 755 3018 exhibendis
786 3004 914 3017 .....
946 2955 1100 3035 dedimus,
1134 2956 1324 3019 donavimus
1354 2963 1386 3019 et
1418 2956 1613 3019 contulimus
1644 3003 1772 3017 .....

371 3056 489 3121 Datum
521 3077 579 3141 per
609 3077 723 3122 manus
749 3058 876 3122 discreti
900 3059 961 3121 riri
983 3058 1125 3141 magistri
1147 3058 1313 3122 Tatamerii
1336 3058 1487 3122 ecclesiae
1509 3058 1661 3122 Albensis
1684 3078 1774 3142 prae·

371 3162 466 3245 positi
485 3161 641 3244 aulaeque
660 3168 788 3225 nostrae
807 3162 1055 3226 vicecancellarii
1077 3162 1183 3226 dilecti
1202 3170 1234 3226 et
1248 3162 1350 3226 fidens
1365 3163 1474 3244 nostri,
1497 3182 1581 3225 anno
1598 3162 1773 3226 dominieae

372 3266 600 3329 incarnationis
622 3265 790 3329 millesimo
813 3267 1035 3330 trecentesimo
1058 3266 1219 3349 trigesimo
1242 3267 1353 3350 primo,
1378 3267 1470 3330 tertio
1486 3267 1564 3331 Idus
1579 3265 1772 3348 Decembris,
1808 3276 1843 3330 25

371 3370 462 3452 regni
484 3376 591 3433 autem
614 3370 716 3432 nostri
739 3389 822 3433 anno
846 3370 990 3434 similiter
1013 3371 1174 3453 trigesimo
1198 3372 1307 3454 primo.
1331 3371 1576 3434 Venerabilibus
1599 3373 1632 3434 in
1648 3370 1773 3435 Christo

371 3472 516 3557 patribus
547 3472 684 3536 dominis
708 3472 892 3537 Chanadino
916 3473 1127 3556 Strigoniensi
1158 3474 1366 3555 eiusdemque
1396 3475 1457 3538 loci
1480 3475 1595 3538 conribe
1619 3480 1772 3558 perpetuo

372 3583 405 3639 et
421 3576 518 3639 fratre
533 3575 678 3639 Ladislao
692 3575 857 3640 Colooensi
874 3578 1127 3661 archiepiscopis,
1143 3577 1316 3640 Benedicto
1330 3577 1549 3658 Obanadiensi,
1565 3578 1662 3642 fratre
1678 3578 1772 3641 Petro

370 3680 540 3761 Bosnensi‚
564 3679 701 3763 Georgio
725 3679 898 3763 Sirmiensi,
920 3682 1051 3745 Nieolao
1074 3681 1245 3761 lauriensi,
1269 3680 1412 3745 Ladislao
1430 3681 1772 3763 Quinqueecolesiensi‚

370 3782 504 3846 Andrea
529 3782 747 3866 Transiluano,
778 3784 918 3848 Henrioo
942 3785 1181 3869 Vesprimiensi,
1211 3785 1355 3849 Ladislao
1380 3785 1590 3868 Zagrabiensi,
1621 3785 1772 3849 Meskoue
1808 3794 1844 3848 30

373 3886 536 3969 Nitriensi‚
558 3886 690 3951 Andrea
711 3887 909 3972 Varadiensi‚
931 3888 1100 3972 Rudolpho
1124 3889 1271 3952 Vaoiensi
1295 3896 1327 3952 et
1349 3889 1479 3952 Nicolao
1501 3890 1650 3972 Agriensi
1674 3889 1773 3954 eccle·

370 3990 490 4053 siarum
512 3992 668 4075 episcopis
692 4042 820 4055 .....
844 3992 1020 4076 Magnificis
1039 3994 1117 4056 viris
1131 3992 1152 4056 J
1154 4013 1256 4055 oanne
1272 3991 1429 4076 Drugettb
1445 3993 1594 4075 palatino,
1610 3993 1771 4057 Demetrio

371 4095 522 4177 magistro
546 4096 780 4159 tavemicornm
802 4104 993 4178 nostrorum,
1017 4096 1117 4159 Paulo
1134 4097 1238 4159 iudice
1254 4097 1369 4177 curiae,
1391 4095 1510 4159 Thema
1525 4096 1661 4159 vaivoda
1675 4097 1772 4159 Tran-

372 4197 507 4280 syluano
528 4204 561 4262 et
576 4202 690 4263 comite
706 4200 745 4263 de
761 4200 881 4283 Zonuln
897 4199 1051 4264 Michaele
1068 4200 1149 4263 bano
1167 4201 1265 4263 totius
1281 4199 1478 4281 Solanoniae,
1493 4200 1514 4263 J
1516 4220 1619 4263 oanne
1636 4199 1717 4263 bano
1734 4201 1773 4263 de

371 4302 517 4383 Meshan,
529 4302 660 4366 Nicolao
673 4305 777 4368 iudice
789 4306 896 4368 curiae
908 4305 1045 4387 reginae,
1058 4303 1218 4387 Stephano
1231 4305 1381 4387 magistro
1394 4323 1567 4386 agasonum
1581 4308 1772 4385 nostrorum,
1807 4312 1842 4365 35

369 4405 526 4488 Dionysio
550 4407 700 4490 magistro
723 4409 938 4492 dapiferorum
961 4415 1153 4491 nostrorum,
1175 4407 1306 4472 Nicolao
1330 4408 1444 4471 comite
1468 4407 1656 4471 Posoniensi
1672 4457 1773 4471 .....

965 4805 968 4811 ’
1026 4807 1121 4891 495.

450 4971 550 5041 1331
575 4968 764 5042 December
797 4975 852 5044 31.
897 4971 975 5043 Dos
1010 4970 1291 5063 Weisseabarqer
1317 4972 1461 5064 Kopitcl
1495 4972 1686 5063 beploobiqt
1717 4972 1774 5043 die

377 5087 542 5163 Urlomde
560 5091 619 5163 das
632 5092 768 5183 Kdnips
780 5090 875 5164 Korl
891 5116 955 5164 voa
981 5095 1083 5164 1318
1101 5092 1168 5162 Νν.
1192 5095 1273 5163 354
1292 5094 1363 5181 fiir
1380 5094 1435 5164 dia
1454 5093 1573 5164 State
1590 5093 1773 5165 Mediosclr

368 5211 442 5282 aad
467 5210 523 5283 die
549 5211 668 5284 beiden
696 5210 826 5285 Schelle.
1805 5227 1842 5282 40

526 5373 602 5444 Orio.
621 5375 702 5445 Perp.
722 5375 1035 5444 Gyroncmolbibliotbek
1052 5376 1205 5443 Mediooeb,
1230 5375 1326 5444 Sieqel,
1350 5376 1457 5430 wasser
1483 5376 1590 5442 Wocba,
1615 5393 1654 5429 aa
1680 5376 1771 5429 rotber

473 5459 675 5515 Seidemabw
692 5460 857 5531 awanam,
874 5461 994 5518 dereelbe
1012 5461 1129 5532 θεωροὶ
1146 5463 1196 5516 wie
1212 5462 1268 5519 Nr.
1285 5465 1346 5516 216.
