4088 6292
978 596 1133 691 jao-

358 782 616 866 quibusonmque
644 782 802 866 condigne
824 783 994 847 dumtaxat
1015 783 1217 862 aestimatis1)
1247 789 1280 849 et
1303 786 1415 869 viginti
1442 792 1582 868 quatuor
1603 787 1690 851 ulnis
1720 787 1759 852 de

357 906 464 971 panno
486 884 588 951 Domi
609 886 794 969 peripsum
817 886 982 950 dominum
1005 889 1189 972 episcopum
1211 889 1330 953 eisdem
1353 892 1560 974 carpentariis
1582 892 1759 955 secundum

357 991 489 1055 modum
520 990 736 1074 subscriptum
766 989 879 1054 dandis
902 997 934 1054 et
956 991 1126 1056 solvendis.
1160 991 1338 1056 Duodecim
1360 993 1479 1057 seilicet
1504 1014 1627 1058 marcas
1657 993 1760 1058 solvet

294 1124 299 1130 ·
358 1096 413 1179 eis,
435 1114 510 1159 eum
533 1094 629 1158 iidem
651 1094 841 1177 carpentarii
863 1094 974 1159 silvam
999 1096 1165 1160 intrabunt
1187 1097 1342 1180 imprimis
1363 1117 1421 1182 pro
1444 1097 1588 1163 trabibus
1609 1105 1642 1162 et
1664 1099 1760 1181 tignis

357 1198 550 1263 excidendis
585 1196 709 1274 Quibus
731 1196 771 1260 ad
793 1198 957 1262 ecclesiam
980 1201 1210 1284 transportatis,
1241 1220 1315 1264 cum
1337 1201 1372 1264 in
1394 1202 1507 1265 silvam
1528 1201 1680 1266 redibunt
1700 1220 1758 1286 pro
1793 1208 1810 1260 5

357 1302 502 1368 secandis
531 1301 700 1383 asseribus,
731 1299 818 1364 dabit
847 1301 893 1366 eis
916 1302 1084 1367 duodecim
1114 1323 1235 1368 marcas
1263 1304 1385 1386 iterate,
1414 1305 1585 1389 posthaec
1615 1304 1760 1369 similiter

358 1406 526 1472 duodecim
548 1425 672 1470 marcas
694 1405 782 1469 dabit
804 1424 877 1468 oum
904 1405 1064 1471 elevatum
1086 1413 1119 1472 et
1140 1409 1317 1492 perfectum
1339 1408 1437 1472 fuerit
1458 1428 1540 1492 opus
1562 1409 1646 1491 tecti,
1673 1408 1759 1490 quod

357 1529 428 1576 esse
454 1510 548 1575 debet
569 1528 666 1593 snper
687 1528 839 1593 magnum
862 1509 960 1574 altare
983 1531 1087 1594 usque
1110 1512 1226 1576 dictam
1245 1512 1382 1575 mediam
1404 1512 1518 1575 turrim
1541 1512 1633 1576 sitam
1663 1531 1761 1595 supra

358 1613 489 1678 vultam.
520 1612 602 1676 Item
625 1632 699 1677 oum
721 1613 822 1697 ipsam
846 1615 960 1678 turrim
981 1614 1076 1677 modo
1099 1614 1205 1678 debito
1228 1614 1423 1698 reparabunt
1443 1621 1477 1678 et
1498 1616 1690 1699 cooperient,
1713 1615 1759 1678 eis

357 1717 502 1782 similiter
516 1716 683 1781 duodecim
698 1735 824 1782 marcae
838 1717 1068 1802 persolventur.
1091 1718 1172 1782 Item
1190 1719 1266 1782 dum
1283 1717 1405 1782 vultam
1420 1718 1459 1782 ab
1475 1720 1544 1801 ipsa
1559 1719 1640 1783 turri
1654 1738 1759 1800 usque
1795 1722 1828 1777 10

357 1839 460 1885 cornu
489 1821 639 1884 dextmm
661 1821 852 1886 existentem
882 1828 998 1905 tegent,
1028 1822 1197 1886 duodecim
1226 1841 1348 1886 marcas
1375 1823 1537 1905 accipient
1582 1822 1664 1887 Item
1685 1841 1759 1886 curn

358 1923 480 1988 vultam
503 1924 694 1988 existentem
710 1925 795 1988 inter
817 1926 950 1989 eandem
965 1926 1079 1989 turrim
1100 1932 1132 1989 et
1153 1946 1254 1990 cornu
1270 1926 1436 1989 sinistrum
1450 1926 1641 2009 cooperient,
1663 1924 1758 1988 modo

358 2026 453 2091 simili
468 2028 634 2091 duodecim
651 2047 774 2092 marcas
796 2028 966 2092 habebunt.
996 2027 1076 2090 Item
1093 2028 1248 2112 accipient
1271 2029 1438 2092 duodecim
1453 2049 1575 2093 marcas
1589 2034 1759 2112 postquam

358 2131 543 2215 cooperient
556 2130 679 2195 vultam
701 2130 837 2213 finalem,
860 2132 984 2215 abipsa
1005 2133 1085 2195 turri
1109 2151 1222 2196 versus
1244 2140 1367 2216 partem
1382 2132 1609 2197 occidentalem
1631 2138 1759 2216 proterr-

359 2235 495 2299 dentem.
540 2235 621 2299 item
643 2241 803 2319 postremo
826 2256 900 2299 cnm
924 2256 1004 2319 opus
1026 2256 1124 2319 snpra
1145 2255 1295 2319 magnum
1330 2236 1447 2300 ostium
1469 2236 1509 2300 ab
1532 2236 1695 2299 occidente
1723 2236 1758 2298 in
1794 2243 1827 2295 15

357 2339 460 2424 primo
490 2341 689 2403 nominatum
719 2357 824 2421 usque
853 2359 959 2404 arcem
988 2360 1047 2405 seu
1072 2342 1286 2405 summitatem
1316 2339 1425 2404 vnltas
1447 2338 1550 2404 finalis
1580 2341 1641 2405 erit
1670 2359 1760 2423 repa·

358 2448 464 2507 ratum
494 2447 527 2505 et
556 2441 735 2507 tabulatum
765 2444 848 2507 sicut
869 2444 959 2527 prius
981 2445 1094 2525 iuerat,
1126 2444 1288 2508 dabuntur
1317 2444 1437 2508 eisdem
1465 2444 1672 2526 carpentariis
1701 2462 1759 2507 sex

357 2564 483 2610 marcae
495 2546 642 2610 residuae
653 2551 686 2609 et
699 2547 811 2630 viginti
828 2554 966 2629 quatuor
977 2548 1072 2612 nlnae
1084 2548 1123 2612 de
1134 2546 1236 2611 Dorni
1250 2567 1356 2632 panno
1372 2544 1580 2628 memorato,²)
1595 2547 1639 2610 ita
1653 2553 1759 2611 tamen

361 2651 449 2733 quod
463 2650 572 2714 clavos
594 2656 627 2714 et
640 2650 791 2734 ligamina
812 2671 849 2714 ac
872 2651 933 2715 alia
953 2645 1134 2715 necessaria
1154 2649 1241 2714 dabit
1263 2650 1412 2715 dominus
1427 2652 1603 2735 episcopus,
1626 2658 1658 2714 et
1673 2650 1759 2733 quod

358 2754 454 2818 etiam
483 2753 657 2838 lignamina
686 2755 793 2818 omnia
815 2756 930 2836 quovis
952 2755 1046 2818 modo
1070 2755 1232 2818 nominata
1259 2760 1291 2817 et
1312 2755 1491 2819 necessaria
1512 2754 1552 2818 de
1573 2754 1655 2818 silva
1676 2754 1759 2841 ferre
1794 2758 1829 2813 ‘20

359 2857 400 2921 ad
423 2857 587 2922 eeclesiam
610 2858 771 2922 tenebitur
793 2856 941 2923 dominus
963 2860 1140 2943 episcopus,
1165 2859 1221 2924 sed
1243 2877 1336 2923 caesa
1357 2864 1389 2922 et
1410 2863 1497 2922 secta
1517 2877 1555 2921 ao
1576 2864 1761 2942 praeparata

358 2980 463 3044 usque
478 2962 784 3026 consummationem
800 2962 906 3027 totalis
928 2965 1032 3047 operis
1055 2969 1150 3027 amnt
1171 2983 1229 3047 per
1250 2963 1337 3046 ipsos
1359 2962 1574 3053 carpentarios
1589 2967 1621 3025 et
1635 2961 1760 3026 labores

359 3083 396 3128 ac
426 3084 583 3149 expensas
614 3064 797 3129 eorrmdem.
830 3064 912 3129 Item
934 3068 1110 3131 notandum
1135 3067 1220 3150 quod
1244 3071 1347 3130 totum
1369 3065 1566 3150 praedictum
1597 3085 1679 3150 opus
1708 3085 1759 3130 ec·

359 3168 473 3233 clesiae
502 3168 587 3233 beati
609 3167 750 3233 blicaelis
779 3170 967 3253 archangeli,
1000 3177 1036 3234 nt
1058 3171 1180 3254 absque
1203 3171 1288 3235 omni
1319 3169 1486 3234 intervallo
1510 3174 1543 3233 et
1570 3168 1760 3233 mediatione

359 3273 493 3338 aliorrius
508 3272 640 3337 alterius
662 3273 766 3356 operis
787 3292 845 3357 per
866 3275 1044 3358 praedictos
1059 3275 1274 3358 carpentarios
1292 3275 1385 3337 iuxta
1406 3279 1534 3357 pactum
1549 3273 1759 3356 praemissum
1794 3277 1828 3332 25

358 3382 550 3463 procuretur
578 3381 611 3440 et
640 3375 734 3440 citius
765 3395 861 3458 quam
891 3398 960 3442 esse
986 3380 1104 3462 poterit
1125 3377 1316 3462 perficiatur,
1346 3398 1405 3461 pro
1427 3376 1555 3460 Sylrido
1585 3382 1618 3440 et
1638 3376 1759 3440 Jacobo

359 3486 433 3545 ante
456 3480 549 3545 dictis
570 3480 719 3563 magister
740 3479 904 3545 Amoldus
930 3482 1165 3546 concanonicus
1187 3488 1304 3564 noster,
1326 3501 1384 3565 pro
1407 3480 1575 3545 Herbordo
1597 3481 1758 3565 praedicto

359 3603 466 3649 comes
487 3582 602 3648 Daniel
631 3583 671 3647 de
692 3582 819 3647 Wrbou
848 3588 880 3646 et
901 3603 959 3667 pro
981 3584 1074 3648 Henc
1099 3591 1273 3649 memorate
1303 3604 1410 3669 comes
1432 3583 1545 3648 Daniel
1575 3583 1661 3648 filius
1683 3583 1760 3648 Chol

358 3689 563 3754 fideiussores
584 3687 786 3769 exstiterunt,
816 3693 908 3771 pacto
931 3689 1113 3753 huiusmodi
1136 3689 1368 3753 interveniente
1390 3689 1474 3753 inter
1495 3689 1591 3772 ipsos,
1624 3687 1761 3770 quodsi

360 3812 456 3876 quem
485 3792 756 3876 carpentariorum
785 3791 867 3856 lecto
898 3792 1105 3875 aegritudinis
1135 3793 1187 3857 vel
1215 3800 1318 3858 morte
1345 3794 1544 3875 contingeret
1572 3791 1759 3876 praepediri,
1794 3795 1830 3850 30

361 3896 527 3978 aequalem
556 3893 616 3959 sibi
646 3896 880 3979 carpentarium
911 3916 991 3961 suus
1011 3895 1180 3961 fideiussor
1201 3898 1346 3962 invenire
1372 3897 1467 3962 debet
1488 3901 1521 3960 et
1550 3901 1690 3960 statuere
1720 3894 1760 3958 ad

359 3999 464 4084 ipsum
486 4017 576 4083 opus,
598 3999 700 4064 donec
722 4019 779 4083 per
800 3999 932 4064 modum
949 3999 1091 4065 debitum
1113 4002 1148 4064 in
1170 4007 1237 4065 toto
1259 4000 1448 4086 perficiatis.
1482 3998 1601 4063 Datum
1622 4000 1656 4063 in
1679 3999 1759 4063 feste

359 4102 554 4169 ascensionis
576 4103 706 4187 domini,
728 4122 813 4167 anno
836 4105 980 4169 eiusdem
1006 4082 1047 4168 lli.
1070 4082 1130 4169 OD.
1153 4105 1358 4188 nonagesimo
1380 4106 1491 4188 primo.

1011 4396 1106 4485 248.

437 4561 726 4638 1291o0rJali
760 4565 820 4636 10.
865 4561 983 4656 Kritip
1008 4564 1171 4637 Andreas
1197 4562 1276 4637 ΙΙΙ.
1313 4562 1472 4657 beatutipt
1507 4563 1562 4636 die
1597 4560 1760 4636 Urbate
1795 4578 1829 4635 35

359 4688 419 4761 des
444 4686 579 4779 Kduipa
605 4684 795 4758 Ladbtaus
818 4683 887 4756 IV.
916 4690 1114 4758 oou1279
1140 4686 1207 4758 Nr.
1231 4689 1308 4758 195
1334 4687 1398 4758 mit
1424 4686 1487 4758 der
1513 4684 1677 4757 Urbaade
1702 4685 1762 4756 des

360 4810 478 4882 maior
502 4831 566 4882 ree
591 4806 745 4900 Stephon
770 4829 836 4880 coa
860 4810 961 4878 1261
988 4807 1055 4879 Nr.
1086 4810 1139 4879 95
1157 4808 1229 4897 fier
1254 4805 1355 4881 Dede.

517 4954 594 5025 Orip.
611 4956 692 5025 Perp.
711 4952 887 5008 Stodtarcbic
904 4952 985 5007 Dede.
1015 4951 1104 5023 stapel
1125 4968 1185 5007 war
1209 4970 1248 5007 aa
1270 4953 1537 5024 potentaticum
1561 4951 1762 5007 acumem

462 5038 736 5110 samosat-Die
758 5038 888 5094 Urbaade
904 5039 943 5093 iat
960 5039 1031 5094 aaa
1049 5039 1238 5109 einpuebaltet
1254 5056 1308 5094 coa
1320 5039 1415 5108 Kdaip
1429 5038 1604 5093 wladislaus
1621 5038 1666 5092 Π.
1684 5040 1760 5104 1504,

465 5125 542 5196 Orip.
560 5125 736 5181 Stadtorfflc
754 5125 834 5179 Dede.
1794 5124 1830 5178 40

515 5229 845 5300 catassamitum
862 5230 1121 5300 Propramm1862,
1144 5232 1187 5285 tr.
1223 5228 1333 5286 Wertsal
1352 5229 1417 5285 eoa.
1435 5230 1544 5298 Arpad.
1567 5229 1599 5296 V,
1623 5232 1667 5283 22.
1685 5227 1761 5293 Dea·

463 5317 583 5372 maara
600 5317 767 5373 Documenta
783 5318 844 5373 566.

517 5440 538 5506 ¹)
561 5437 693 5509 Vorlope:
710 5437 852 5494 extimatis

516 5524 538 5593 ¹)
560 5521 693 5597 Vorlape:
710 5524 791 5595 panni
808 5524 954 5580 memorati
