4088 6292
973 604 1127 698 -Q

349 790 479 855 servitia
508 789 683 854 eorundem
711 789 803 854 nobis
825 794 857 855 et
878 810 977 875 regno
999 791 1142 876 proficua
1168 799 1335 858 cernentes
1358 799 1390 858 et
1411 799 1614 877 paupertates
1636 800 1668 859 et
1697 795 1746 858 in·

347 893 536 958 damnitates
554 894 698 976 ipsorum
713 894 872 977 hospitum
889 902 1072 960 nostrorum
1094 904 1224 981 propter
1239 898 1390 981 temporis
1410 898 1653 981 impacationem
1675 919 1746 983 per-

346 1016 463 1081 pessas,
486 997 635 1080 praefatis
657 996 834 1081 hospitibus
865 1001 982 1063 nostris
1005 1000 1044 1064 de
1066 999 1216 1065 Desalrna
1241 1003 1439 1085 congregatis
1462 1007 1494 1066 et
1516 1002 1746 1085 congregandis

346 1100 431 1163 illam
455 1100 588 1164 eandem
610 1100 789 1165 libertatem
811 1103 1006 1167 contulimus
1029 1109 1061 1167 et
1082 1106 1307 1188 concessimus,
1338 1124 1404 1187 qna
1429 1105 1576 1170 libertate
1598 1107 1684 1170 cives
1706 1107 1746 1170 de

345 1209 448 1267 castro
464 1203 606 1268 Budensi
630 1211 663 1269 et
677 1203 886 1289 strigoniensi
914 1214 946 1271 et
968 1209 1108 1292 hospites
1130 1209 1170 1272 de
1186 1209 1332 1272 Zathmar
1358 1230 1394 1273 ac
1417 1209 1551 1273 aliarum
1572 1209 1745 1273 liberarum
1779 1219 1796 1270 5

346 1307 495 1371 villarum
523 1314 702 1372 nostrarum
732 1309 951 1392 pertruuntur,
972 1312 1018 1374 ita
1040 1317 1077 1376 ut
1098 1312 1224 1376 villicus
1247 1314 1389 1396 ipsorum
1410 1333 1468 1396 pro
1499 1318 1640 1395 tempore
1670 1333 1746 1376 con-

347 1412 479 1476 stitutus
509 1431 620 1476 omnes
642 1433 754 1476 causas
776 1415 808 1475 In
832 1414 909 1477 villa
935 1422 1133 1499 emergentes
1161 1414 1226 1480 fine
1249 1417 1355 1481 debito
1378 1417 1482 1481 valeat
1504 1417 1683 1498 terminare,
1714 1423 1746 1481 et

347 1516 433 1598 quod
467 1517 577 1580 nullus
605 1517 692 1599 ipsos
723 1519 823 1600 possit
852 1519 992 1584 iudicare
1021 1527 1146 1604 praeter
1173 1521 1315 1585 villicum
1346 1541 1458 1586 eorum
1488 1519 1527 1584 ab
1558 1520 1676 1585 eisdem
1705 1520 1745 1585 de

345 1621 506 1684 communi
533 1620 698 1685 voluntate
727 1622 870 1686 electum.
904 1622 946 1686 Et
968 1624 994 1687 si
1017 1623 1143 1687 villicus
1172 1625 1205 1686 in
1229 1624 1374 1687 facienda
1394 1624 1547 1687 iustitiam
1576 1643 1650 1688 cum
1678 1626 1745 1688 suis

344 1723 471 1787 villanis
487 1724 650 1807 negligens
659 1725 679 1802 1)
702 1726 854 1789 inventus
869 1726 966 1790 tuerit
980 1733 1037 1790 aut
1050 1729 1211 1808 remissus,
1228 1727 1313 1791 idem
1329 1728 1454 1792 villicus
1469 1733 1501 1790 et
1523 1746 1589 1790 non
1604 1727 1745 1812 hospites
1781 1735 1814 1789 10

346 1827 458 1892 debeat
480 1828 654 1908 conveniri,
676 1831 847 1912 ipsumque
870 1830 1012 1893 villicum
1035 1851 1101 1894 non
1123 1832 1204 1895 alius
1227 1831 1283 1895 sed
1306 1830 1358 1894 vel
1381 1850 1440 1894 nos
1461 1832 1671 1914 personaliter
1692 1832 1745 1896 vel

344 1932 494 2014 magister
510 1933 745 1996 tavernicorum
761 1940 944 1997 nostrorum
958 1936 1028 2000 vice
1044 1943 1152 1999 nostra
1168 1936 1281 1999 debeat
1300 1935 1448 2016 iudicare,
1471 1935 1621 1999 aiudicio
1637 1941 1744 1999 antem

344 2043 376 2099 et
391 2036 609 2100 iurisdictione
624 2037 778 2101 raivodae
800 2037 1016 2102 Transsiluani
1038 2044 1070 2102 et
1091 2041 1216 2103 comitis
1239 2040 1278 2103 de
1301 2040 1413 2103 Zonuh
1435 2058 1493 2122 pro
1511 2046 1653 2122 tempore
1668 2059 1744 2118 con-

343 2140 446 2203 stituti
475 2140 615 2223 hospites
645 2146 772 2205 nostros
793 2148 985 2206 memoratos
1014 2144 1143 2227 penitus
1173 2142 1326 2206 duximus
1357 2141 1552 2206 eximendos.
1587 2142 1745 2206 Volumus

343 2244 438 2306 etiam
467 2249 505 2306 ut
535 2245 642 2308 nullus
672 2244 828 2308 baronum
858 2253 1040 2309 nostrorum
1071 2265 1168 2329 super
1198 2247 1284 2329 ipsos
1313 2246 1485 2329 hospitium
1510 2246 1614 2310 facere
1644 2247 1745 2330 possit
1780 2253 1813 2307 15

343 2347 528 2412 violentum.
561 2349 642 2412 Item
674 2349 857 2414 ordinamus
886 2355 924 2414 ut
953 2352 1084 2414 comites
1107 2370 1249 2415 camerae
1275 2354 1403 2414 nostrae
1424 2369 1481 2433 pro
1505 2355 1647 2434 tempore
1668 2370 1744 2413 con·

343 2451 446 2514 stituti
472 2451 609 2515 salicidis
639 2472 697 2517 seu
727 2454 926 2518 excisoribus
957 2454 1070 2518 salium
1101 2455 1140 2518 de
1165 2452 1334 2518 Desalrana
1362 2473 1420 2538 pro
1451 2453 1585 2536 singulis
1615 2461 1744 2518 centnm

267 2577 271 2583 ’
343 2553 463 2618 salibus
478 2555 602 2621 solvere
618 2557 754 2621 debeant
777 2565 916 2640 quatuor
933 2559 1075 2642 pondera
1096 2560 1130 2622 in
1151 2557 1298 2637 denar-ils,
1320 2562 1417 2640 prout
1438 2562 1516 2620 tunc
1530 2558 1564 2620 in
1578 2558 1745 2640 provincia

343 2664 481 2740 current,
512 2667 544 2724 et
566 2661 759 2726 delatoribus
789 2662 964 2726 eorundem
987 2663 1100 2726 salium
1124 2661 1183 2726 sub
1213 2660 1373 2744 praedicto
1396 2661 1579 2724 centenario
1608 2680 1743 2726 numero

343 2761 407 2825 dua
427 2764 569 2846 pondera
591 2764 714 2828 solvere
738 2772 916 2848 teneantur,
938 2767 1083 2830 similiter
1105 2767 1138 2828 in
1162 2765 1300 2829 denariis
1315 2769 1392 2827 tunc
1415 2763 1625 2828 currentibus.
1660 2764 1743 2828 Item
1778 2770 1813 2824 20

343 2867 513 2930 statuimus
543 2868 637 2931 etiam
661 2868 835 2951 quamlibet
857 2869 1055 2932 salifodinam
1084 2870 1159 2933 dicti
1181 2870 1312 2932 comites
1335 2887 1478 2932 camerae
1501 2873 1628 2933 nostrae
1658 2869 1743 2932 omni

342 2988 427 3033 anno
456 2991 560 3053 usque
590 2973 629 3035 ad
659 2973 776 3036 festum
798 2974 899 3036 sancti
920 2973 1078 3037 Iohannis
1107 2973 1262 3057 baptistae
1287 2991 1345 3056 pro
1376 2977 1497 3055 septem
1526 2973 1641 3035 marcis
1670 2992 1744 3036 cum

342 3074 560 3139 aestimatione
569 3076 591 3152 ²)
614 3075 750 3139 debcant
772 3076 927 3140 redimere
954 3077 993 3140 ab
1016 3077 1194 3161 hospitibus
1222 3077 1339 3139 nostris
1361 3076 1544 3139 memoratis
1566 3082 1599 3139 et
1621 3095 1640 3138 a
1662 3075 1742 3139 testo

341 3178 442 3241 sancti
463 3178 618 3243 Iohannis
647 3179 802 3264 baptistae
825 3200 928 3263 usqne
950 3182 1068 3245 testum
1092 3181 1194 3245 sancti
1216 3179 1346 3244 Martini
1369 3179 1514 3243 similiter
1541 3199 1599 3263 pro
1622 3185 1743 3263 septem

342 3283 456 3346 marcis
471 3302 542 3346 cum
559 3284 777 3348 aestimatione
785 3286 807 3360 ¹)
828 3285 1002 3366 quamlibet
1016 3284 1215 3348 salifodinam
1234 3284 1399 3347 redimant
1429 3283 1511 3346 Item
1527 3284 1742 3348 concessimus
1777 3287 1811 3342 at

342 3391 474 3450 utente
497 3387 614 3452 festum
637 3388 738 3451 sancti
760 3388 887 3451 Martini
911 3388 1013 3452 tribus
1044 3389 1156 3453 diebus
1178 3393 1304 3471 etpost
1333 3388 1450 3451 festum
1473 3387 1617 3451 similiter
1639 3387 1743 3451 tribus

344 3489 465 3572 diebus,
481 3493 508 3555 si
524 3512 588 3554 non
604 3492 669 3555 siut
684 3492 751 3555 dies
766 3492 877 3573 ferieti,
893 3494 925 3555 in
942 3493 1109 3556 salifodina
1123 3498 1232 3556 nostra
1245 3511 1303 3575 pro
1321 3511 1354 3555 se
1370 3491 1452 3555 sales
1466 3490 1606 3555 incidere
1621 3491 1742 3573 absque

343 3593 465 3658 decima
487 3602 519 3659 et
540 3596 579 3658 ab
602 3596 710 3677 aliquo
734 3596 852 3659 tributo
875 3597 1006 3660 liberam
1029 3596 1166 3660 habeant
1185 3596 1376 3677 facultatem,
1399 3596 1444 3658 ita
1464 3601 1503 3658 ut
1524 3613 1583 3658 nec
1606 3594 1743 3658 vaivoda

341 3717 400 3762 nec
429 3718 535 3764 comes
558 3701 658 3783 ipsius
681 3700 721 3764 de
744 3699 856 3763 Zonuh
879 3702 1001 3765 ratione
1024 3699 1182 3764 dictorum
1204 3701 1327 3783 salium,
1354 3701 1456 3763 donec
1478 3698 1655 3762 venditioni
1685 3717 1742 3761 ex-

340 3809 487 3886 ponatiu,
503 3803 619 3868 audeat
633 3803 684 3867 vel
699 3810 882 3887 praesumat
895 3803 1064 3867 molestare
1078 3804 1218 3888 hospites
1233 3810 1360 3868 nostros
1374 3807 1574 3867 memoratos.
1590 3801 1740 3866 Getarum
1774 3806 1809 3861 30

341 3907 511 3971 statuimus
542 3915 578 3971 ut
606 3908 746 3991 hospites
777 3908 878 3970 nostn‘
909 3912 983 3970 ante
1012 3906 1087 3971 dicti
1114 3926 1319 3990 quocumque
1341 3927 1398 3992 per
1427 3913 1544 3971 terram
1572 3905 1742 3969 transitum

340 4010 445 4074 iacere
474 4011 645 4093 voluerint,
675 4012 715 4076 de
737 4011 834 4075 rebus
857 4012 998 4094 ipsorum
1020 4010 1146 4074 nullum
1177 4011 1333 4075 tributum
1355 4030 1414 4074 nee
1444 4011 1477 4073 in
1500 4009 1677 4091 Gerlahida,
1707 4009 1742 4072 in

341 4113 524 4179 Balwanius
539 4135 599 4180 neo
614 4116 647 4179 in
662 4115 795 4179 Deswar
817 4115 892 4178 dare
914 4120 947 4178 et
968 4113 1093 4178 solvere
1116 4120 1294 4179 teneantur.
1324 4115 1367 4197 Et
1380 4115 1457 4177 haec
1473 4114 1580 4177 omnia
1593 4113 1741 4197 superius

340 4237 397 4301 per
412 4238 471 4283 nos
487 4220 631 4284 ordinata
646 4225 678 4284 et
692 4239 749 4304 per
764 4220 929 4283 dominum
941 4217 1050 4282 Belam
1066 4224 1098 4281 et
1112 4217 1307 4302 Stephanum
1322 4216 1463 4280 illustres
1478 4236 1569 4299 reges
1582 4217 1742 4300 Vngariae

340 4322 417 4404 ipsis
445 4323 623 4408 hospitibus
645 4325 762 4387 nostris
789 4324 862 4386 data
883 4323 1011 4386 fuerant
1037 4328 1069 4386 et
1091 4341 1248 4386 concessa
1283 4321 1328 4385 Ut
1350 4326 1457 4384 autem
1484 4320 1562 4385 haec
1584 4319 1740 4383 ordinatio
1775 4325 1810 4380 st

341 4431 450 4490 nostra
478 4427 577 4491 robur
607 4428 749 4492 obtineat
777 4431 950 4510 perpetuae
970 4424 1129 4489 firmitatis
1151 4443 1211 4488 nec
1240 4425 1306 4488 ullo
1329 4444 1483 4506 umquam
1513 4429 1655 4507 tempore
1685 4442 1743 4506 per

341 4533 522 4615 quempIam
536 4533 570 4595 in
585 4533 711 4595 irritum
726 4532 827 4614 possit
841 4529 892 4592 vel
910 4528 1014 4592 valeat
1031 4529 1184 4610 revocari,
1207 4534 1391 4612 praesentes
1406 4528 1620 4592 concessimus
1634 4527 1742 4591 literas

340 4634 476 4718 duplicis
502 4636 596 4719 sigilli
626 4636 727 4699 nostri
749 4635 926 4697 munimine
948 4633 1121 4696 roboratas.
1154 4632 1274 4696 Datum
1299 4651 1357 4715 per
1379 4650 1493 4694 manus
1522 4631 1583 4693 viri
1614 4630 1741 4694 discreti

340 4738 482 4822 magistri
510 4738 664 4802 Theodori
693 4739 865 4821 praepositi
891 4737 1050 4819 Albensis,
1078 4736 1169 4801 aulae
1199 4742 1327 4800 nostrae
1357 4733 1606 4798 vicecancellarii
1635 4733 1741 4798 dilecti

340 4848 374 4907 et
387 4841 491 4906 fidelis
506 4843 616 4923 nostri,
631 4861 715 4905 anno
732 4841 853 4905 domini
867 4841 916 4904 Μ0
932 4840 997 4905 00⁰
1012 4840 1217 4923 nonagesimo
1232 4840 1344 4922 primo,
1366 4843 1478 4901 octavo
1493 4836 1572 4901 Idus
1586 4837 1740 4913 Ianuarii,
1774 4840 1810 4895 40

340 4946 431 5030 regni
452 4951 560 5011 autem
582 4945 683 5009 nostri
704 4964 790 5009 anno
812 4945 923 5029 primo.

496 5116 517 5183 ¹)
540 5114 672 5186 Vorlape:
689 5114 816 5185 negliens.

495 5202 518 5268 ²)
540 5201 672 5271 Vorlope:
689 5200 867 5256 extimatione.
