<?xml version="1.0" encoding="UTF-8"?>
<!DOCTYPE html PUBLIC "-//W3C//DTD XHTML 1.0 Transitional//EN"
    "http://www.w3.org/TR/xhtml1/DTD/xhtml1-transitional.dtd">
<html xmlns="http://www.w3.org/1999/xhtml" xml:lang="en" lang="en">
 <head>
  <title>
</title>
<meta http-equiv="Content-Type" content="text/html;charset=utf-8" />
  <meta name='ocr-system' content='tesseract 3.04.00' />
  <meta name='ocr-capabilities' content='ocr_page ocr_carea ocr_par ocr_line ocrx_word'/>
</head>
<body>
  <div class='ocr_page' id='page_1' title='image "./urkundenbuchzur00mlgoog_0544.png"; bbox 0 0 4084 6302; ppageno 0'>
   <div class='ocr_carea' id='block_1_1' title="bbox 949 622 1037 715">
    <p class='ocr_par' dir='ltr' id='par_1_1' title="bbox 949 622 1037 715">
     <span class='ocr_line' id='line_1_1' title="bbox 949 622 1037 715; baseline 0 0"><span class='ocrx_word' id='word_1_1' title='bbox 949 622 1037 715; x_wconf 60' lang='lat'><strong>483„</strong></span> 
     </span>
    </p>
   </div>
   <div class='ocr_carea' id='block_1_2' title="bbox 203 809 1678 5419">
    <p class='ocr_par' dir='ltr' id='par_1_2' title="bbox 274 809 1677 1207">
     <span class='ocr_line' id='line_1_2' title="bbox 430 809 1677 892; baseline -0.003 -17"><span class='ocrx_word' id='word_1_2' title='bbox 430 811 583 875; x_wconf 88' lang='lat' dir='ltr'><strong>Discretis</strong></span> <span class='ocrx_word' id='word_1_3' title='bbox 614 812 690 875; x_wconf 88' lang='lat' dir='ltr'><strong>viris</strong></span> <span class='ocrx_word' id='word_1_4' title='bbox 722 813 831 875; x_wconf 86' lang='lat' dir='ltr'><strong>amicis</strong></span> <span class='ocrx_word' id='word_1_5' title='bbox 862 813 928 876; x_wconf 87' lang='lat' dir='ltr'><strong>suis</strong></span> <span class='ocrx_word' id='word_1_6' title='bbox 952 811 1135 875; x_wconf 87' lang='lat' dir='ltr'><strong>reverendis</strong></span> <span class='ocrx_word' id='word_1_7' title='bbox 1166 809 1342 873; x_wconf 82' lang='lat' dir='ltr'>honorabili</span> <span class='ocrx_word' id='word_1_8' title='bbox 1365 809 1503 892; x_wconf 85' lang='lat' dir='ltr'><strong>capitulo</strong></span> <span class='ocrx_word' id='word_1_9' title='bbox 1527 809 1677 872; x_wconf 86' lang='lat' dir='ltr'><strong>ecclesiae</strong></span> 
     </span>
     <span class='ocr_line' id='line_1_3' title="bbox 274 914 1677 979; baseline -0.002 0"><span class='ocrx_word' id='word_1_10' title='bbox 274 915 516 979; x_wconf 88' lang='lat' dir='ltr'><strong>Transsilvanae</strong></span> <span class='ocrx_word' id='word_1_11' title='bbox 538 916 672 979; x_wconf 88' lang='lat' dir='ltr'><strong>Thomas</strong></span> <span class='ocrx_word' id='word_1_12' title='bbox 706 917 839 979; x_wconf 89' lang='lat' dir='ltr'><strong>vaivoda</strong></span> <span class='ocrx_word' id='word_1_13' title='bbox 859 915 1104 979; x_wconf 87' lang='lat' dir='ltr'><strong>Transsiluanns</strong></span> <span class='ocrx_word' id='word_1_14' title='bbox 1135 923 1167 979; x_wconf 93' lang='lat' dir='ltr'><strong>et</strong></span> <span class='ocrx_word' id='word_1_15' title='bbox 1198 936 1304 977; x_wconf 81' lang='lat' dir='ltr'><strong>comes</strong></span> <span class='ocrx_word' id='word_1_16' title='bbox 1335 915 1374 977; x_wconf 90' lang='lat' dir='ltr'><strong>de</strong></span> <span class='ocrx_word' id='word_1_17' title='bbox 1398 914 1509 976; x_wconf 84' lang='lat' dir='ltr'><strong>Zonuk</strong></span> <span class='ocrx_word' id='word_1_18' title='bbox 1536 915 1677 977; x_wconf 86' lang='lat' dir='ltr'><strong>sincerae</strong></span> 
     </span>
     <span class='ocr_line' id='line_1_4' title="bbox 276 1018 1676 1084; baseline -0.004 -1"><span class='ocrx_word' id='word_1_19' title='bbox 276 1021 473 1084; x_wconf 90' lang='lat' dir='ltr'><strong>reverentiae</strong></span> <span class='ocrx_word' id='word_1_20' title='bbox 489 1027 521 1083; x_wconf 90' lang='lat' dir='ltr'><strong>et</strong></span> <span class='ocrx_word' id='word_1_21' title='bbox 536 1020 691 1083; x_wconf 79' lang='lat' dir='ltr'><strong>amicitiae</strong></span> <span class='ocrx_word' id='word_1_22' title='bbox 707 1021 896 1084; x_wconf 86' lang='lat' dir='ltr'><strong>continuum</strong></span> <span class='ocrx_word' id='word_1_23' title='bbox 917 1021 1157 1084; x_wconf 89' lang='lat' dir='ltr'><strong>incrementum.</strong></span> <span class='ocrx_word' id='word_1_24' title='bbox 1183 1020 1314 1082; x_wconf 81' lang='lat' dir='ltr'><strong>Noverit</strong></span> <span class='ocrx_word' id='word_1_25' title='bbox 1331 1025 1455 1082; x_wconf 90' lang='lat' dir='ltr'><strong>vestrae</strong></span> <span class='ocrx_word' id='word_1_26' title='bbox 1478 1018 1676 1081; x_wconf 79' lang='lat' dir='ltr'><strong>discretionis</strong></span> 
     </span>
     <span class='ocr_line' id='line_1_5' title="bbox 276 1121 1675 1207; baseline -0.003 -20"><span class='ocrx_word' id='word_1_27' title='bbox 276 1124 422 1205; x_wconf 88' lang='lat' dir='ltr'><strong>amicitia,</strong></span> <span class='ocrx_word' id='word_1_28' title='bbox 440 1124 526 1204; x_wconf 90' lang='lat' dir='ltr'><strong>quod</strong></span> <span class='ocrx_word' id='word_1_29' title='bbox 542 1125 575 1185; x_wconf 94' lang='lat' dir='ltr'><strong>in</strong></span> <span class='ocrx_word' id='word_1_30' title='bbox 593 1125 839 1207; x_wconf 75' lang='lat' dir='ltr'><strong>congregatione</strong></span> <span class='ocrx_word' id='word_1_31' title='bbox 856 1129 963 1186; x_wconf 86' lang='lat' dir='ltr'><strong>nostra</strong></span> <span class='ocrx_word' id='word_1_32' title='bbox 979 1124 1119 1205; x_wconf 88' lang='lat' dir='ltr'><strong>generali</strong></span> <span class='ocrx_word' id='word_1_33' title='bbox 1135 1144 1219 1186; x_wconf 77' lang='lat' dir='ltr'><strong>antro</strong></span> <span class='ocrx_word' id='word_1_34' title='bbox 1236 1122 1355 1186; x_wconf 92' lang='lat' dir='ltr'><strong>domini</strong></span> <span class='ocrx_word' id='word_1_35' title='bbox 1372 1121 1419 1185; x_wconf 75' lang='grc' dir='ltr'><strong>Μο</strong></span> <span class='ocrx_word' id='word_1_36' title='bbox 1435 1122 1527 1185; x_wconf 76' lang='grc' dir='ltr'><strong>000υ</strong></span> <span class='ocrx_word' id='word_1_37' title='bbox 1542 1121 1675 1184; x_wconf 73' lang='grc' dir='ltr'>ΧΧΧ”</span> 
     </span>
    </p>

    <p class='ocr_par' dir='ltr' id='par_1_3' title="bbox 224 1226 1678 1725">
     <span class='ocr_line' id='line_1_6' title="bbox 224 1226 1676 1312; baseline -0.002 -23"><span class='ocrx_word' id='word_1_38' title='bbox 224 1239 240 1289; x_wconf 81' lang='lat' dir='ltr'><strong>o</strong></span> <span class='ocrx_word' id='word_1_39' title='bbox 277 1228 420 1312; x_wconf 91' lang='lat' dir='ltr'><strong>septimo,</strong></span> <span class='ocrx_word' id='word_1_40' title='bbox 450 1228 530 1291; x_wconf 85' lang='lat' dir='ltr'><strong>feria</strong></span> <span class='ocrx_word' id='word_1_41' title='bbox 560 1237 674 1309; x_wconf 86' lang='lat' dir='ltr'><strong>quarta</strong></span> <span class='ocrx_word' id='word_1_42' title='bbox 696 1228 842 1311; x_wconf 77' lang='lat' dir='ltr'><strong>proxima</strong></span> <span class='ocrx_word' id='word_1_43' title='bbox 864 1235 936 1311; x_wconf 92' lang='lat' dir='ltr'><strong>post</strong></span> <span class='ocrx_word' id='word_1_44' title='bbox 959 1232 1087 1292; x_wconf 87' lang='lat' dir='ltr'><strong>octavas</strong></span> <span class='ocrx_word' id='word_1_45' title='bbox 1115 1229 1186 1291; x_wconf 79' lang='lat' dir='ltr'><strong>festi</strong></span> <span class='ocrx_word' id='word_1_46' title='bbox 1211 1227 1294 1291; x_wconf 90' lang='lat' dir='ltr'><strong>beati</strong></span> <span class='ocrx_word' id='word_1_47' title='bbox 1317 1227 1465 1291; x_wconf 83' lang='lat' dir='ltr'><strong>Andreae</strong></span> <span class='ocrx_word' id='word_1_48' title='bbox 1488 1226 1621 1309; x_wconf 88' lang='lat' dir='ltr'><strong>apostoli</strong></span> <span class='ocrx_word' id='word_1_49' title='bbox 1644 1226 1676 1287; x_wconf 93' lang='lat' dir='ltr'><strong>in</strong></span> 
     </span>
     <span class='ocr_line' id='line_1_7' title="bbox 273 1329 1676 1413; baseline -0.003 -18"><span class='ocrx_word' id='word_1_50' title='bbox 273 1332 397 1395; x_wconf 86' lang='lat' dir='ltr'><strong>Thorda</strong></span> <span class='ocrx_word' id='word_1_51' title='bbox 426 1331 584 1395; x_wconf 86' lang='lat' dir='ltr'><strong>celebrata</strong></span> <span class='ocrx_word' id='word_1_52' title='bbox 605 1332 757 1395; x_wconf 86' lang='lat' dir='ltr'><strong>Nicolaus</strong></span> <span class='ocrx_word' id='word_1_53' title='bbox 786 1332 890 1395; x_wconf 89' lang='lat' dir='ltr'><strong>dictus</strong></span> <span class='ocrx_word' id='word_1_54' title='bbox 914 1332 992 1395; x_wconf 90' lang='lat' dir='ltr'><strong>Wos</strong></span> <span class='ocrx_word' id='word_1_55' title='bbox 1022 1332 1129 1395; x_wconf 90' lang='lat' dir='ltr'><strong>iunior</strong></span> <span class='ocrx_word' id='word_1_56' title='bbox 1159 1331 1198 1395; x_wconf 91' lang='lat' dir='ltr'><strong>de</strong></span> <span class='ocrx_word' id='word_1_57' title='bbox 1228 1338 1337 1395; x_wconf 89' lang='lat' dir='ltr'><strong>sancto</strong></span> <span class='ocrx_word' id='word_1_58' title='bbox 1360 1331 1473 1413; x_wconf 85' lang='lat' dir='ltr'><strong>Egidio</strong></span> <span class='ocrx_word' id='word_1_59' title='bbox 1504 1329 1543 1392; x_wconf 92' lang='lat' dir='ltr'><strong>de</strong></span> <span class='ocrx_word' id='word_1_60' title='bbox 1574 1329 1676 1393; x_wconf 90' lang='lat' dir='ltr'><strong>medio</strong></span> 
     </span>
     <span class='ocr_line' id='line_1_8' title="bbox 275 1434 1678 1518; baseline -0.002 -19"><span class='ocrx_word' id='word_1_61' title='bbox 275 1437 498 1500; x_wconf 88' lang='lat' dir='ltr'><strong>universorum</strong></span> <span class='ocrx_word' id='word_1_62' title='bbox 528 1455 700 1518; x_wconf 79' lang='lat' dir='ltr'><strong>assurgens</strong></span> <span class='ocrx_word' id='word_1_63' title='bbox 732 1435 877 1498; x_wconf 87' lang='lat' dir='ltr'><strong>exhibuit</strong></span> <span class='ocrx_word' id='word_1_64' title='bbox 907 1434 1000 1497; x_wconf 88' lang='lat' dir='ltr'><strong>nobis</strong></span> <span class='ocrx_word' id='word_1_65' title='bbox 1023 1435 1176 1517; x_wconf 89' lang='lat' dir='ltr'><strong>quasdam</strong></span> <span class='ocrx_word' id='word_1_66' title='bbox 1199 1435 1307 1499; x_wconf 87' lang='lat' dir='ltr'><strong>literas</strong></span> <span class='ocrx_word' id='word_1_67' title='bbox 1329 1435 1454 1498; x_wconf 87' lang='lat' dir='ltr'><strong>clausas</strong></span> <span class='ocrx_word' id='word_1_68' title='bbox 1484 1439 1608 1498; x_wconf 88' lang='lat' dir='ltr'><strong>nostras</strong></span> <span class='ocrx_word' id='word_1_69' title='bbox 1631 1435 1678 1496; x_wconf 89' lang='lat' dir='ltr'><strong>vi-</strong></span> 
     </span>
     <span class='ocr_line' id='line_1_9' title="bbox 274 1537 1676 1619; baseline -0.002 -16"><span class='ocrx_word' id='word_1_70' title='bbox 274 1540 387 1605; x_wconf 91' lang='lat' dir='ltr'><strong>delicet</strong></span> <span class='ocrx_word' id='word_1_71' title='bbox 417 1541 526 1604; x_wconf 85' lang='lat' dir='ltr'><strong>Petew</strong></span> <span class='ocrx_word' id='word_1_72' title='bbox 559 1539 783 1603; x_wconf 86' lang='lat' dir='ltr'><strong>vicevaivodae</strong></span> <span class='ocrx_word' id='word_1_73' title='bbox 817 1539 924 1619; x_wconf 89' lang='lat' dir='ltr'><strong>nostri,</strong></span> <span class='ocrx_word' id='word_1_74' title='bbox 956 1539 1079 1602; x_wconf 89' lang='lat' dir='ltr'><strong>Nicolai</strong></span> <span class='ocrx_word' id='word_1_75' title='bbox 1109 1540 1232 1602; x_wconf 88' lang='lat' dir='ltr'><strong>comitis</strong></span> <span class='ocrx_word' id='word_1_76' title='bbox 1267 1539 1306 1603; x_wconf 92' lang='lat' dir='ltr'><strong>de</strong></span> <span class='ocrx_word' id='word_1_77' title='bbox 1337 1538 1437 1602; x_wconf 86' lang='lat' dir='ltr'><strong>Cluus</strong></span> <span class='ocrx_word' id='word_1_78' title='bbox 1470 1545 1502 1601; x_wconf 89' lang='lat' dir='ltr'><strong>et</strong></span> <span class='ocrx_word' id='word_1_79' title='bbox 1535 1537 1676 1601; x_wconf 87' lang='lat' dir='ltr'><strong>iudicum</strong></span> 
     </span>
     <span class='ocr_line' id='line_1_10' title="bbox 275 1642 1677 1725; baseline -0.004 -17"><span class='ocrx_word' id='word_1_80' title='bbox 275 1645 428 1708; x_wconf 87' lang='lat' dir='ltr'><strong>nobilium</strong></span> <span class='ocrx_word' id='word_1_81' title='bbox 459 1645 498 1708; x_wconf 91' lang='lat' dir='ltr'><strong>de</strong></span> <span class='ocrx_word' id='word_1_82' title='bbox 522 1645 632 1708; x_wconf 91' lang='lat' dir='ltr'><strong>eodem</strong></span> <span class='ocrx_word' id='word_1_83' title='bbox 665 1644 825 1706; x_wconf 84' lang='lat' dir='ltr'><strong>citatorias</strong></span> <span class='ocrx_word' id='word_1_84' title='bbox 855 1650 887 1706; x_wconf 88' lang='lat' dir='ltr'><strong>et</strong></span> <span class='ocrx_word' id='word_1_85' title='bbox 910 1643 1082 1721; x_wconf 83' lang='lat' dir='ltr'><strong>iudiciales,</strong></span> <span class='ocrx_word' id='word_1_86' title='bbox 1113 1645 1145 1706; x_wconf 93' lang='lat' dir='ltr'><strong>in</strong></span> <span class='ocrx_word' id='word_1_87' title='bbox 1179 1643 1296 1725; x_wconf 88' lang='lat' dir='ltr'><strong>quibus</strong></span> <span class='ocrx_word' id='word_1_88' title='bbox 1318 1642 1474 1706; x_wconf 87' lang='lat' dir='ltr'><strong>Jacobum</strong></span> <span class='ocrx_word' id='word_1_89' title='bbox 1497 1642 1597 1705; x_wconf 90' lang='lat' dir='ltr'><strong>filium</strong></span> <span class='ocrx_word' id='word_1_90' title='bbox 1620 1642 1677 1705; x_wconf 81' lang='lat' dir='ltr'><strong>Jo-</strong></span> 
     </span>
    </p>

    <p class='ocr_par' dir='ltr' id='par_1_4' title="bbox 209 1746 1677 2247">
     <span class='ocr_line' id='line_1_11' title="bbox 209 1746 1677 1830; baseline 0.001 -22"><span class='ocrx_word' id='word_1_91' title='bbox 209 1757 241 1809; x_wconf 89' lang='lat'><strong>10</strong></span> <span class='ocrx_word' id='word_1_92' title='bbox 277 1749 391 1811; x_wconf 85' lang='lat' dir='ltr'><strong>hannis</strong></span> <span class='ocrx_word' id='word_1_93' title='bbox 412 1748 469 1811; x_wconf 88' lang='lat' dir='ltr'><strong>iilii</strong></span> <span class='ocrx_word' id='word_1_94' title='bbox 492 1749 622 1830; x_wconf 81' lang='lat' dir='ltr'><strong>Mykola</strong></span> <span class='ocrx_word' id='word_1_95' title='bbox 652 1748 781 1811; x_wconf 83' lang='lat' dir='ltr'><strong>fratrem</strong></span> <span class='ocrx_word' id='word_1_96' title='bbox 805 1748 942 1828; x_wconf 77' lang='lat' dir='ltr'><strong>Gyerew</strong></span> <span class='ocrx_word' id='word_1_97' title='bbox 965 1755 1077 1810; x_wconf 88' lang='lat' dir='ltr'><strong>contra</strong></span> <span class='ocrx_word' id='word_1_98' title='bbox 1099 1746 1237 1810; x_wconf 92' lang='lat' dir='ltr'><strong>eundem</strong></span> <span class='ocrx_word' id='word_1_99' title='bbox 1260 1746 1425 1809; x_wconf 85' lang='lat' dir='ltr'><strong>Nicolaum</strong></span> <span class='ocrx_word' id='word_1_100' title='bbox 1455 1747 1574 1810; x_wconf 90' lang='lat' dir='ltr'><strong>dictum</strong></span> <span class='ocrx_word' id='word_1_101' title='bbox 1598 1747 1677 1809; x_wconf 90' lang='lat' dir='ltr'><strong>Wos</strong></span> 
     </span>
     <span class='ocr_line' id='line_1_12' title="bbox 275 1849 1675 1934; baseline -0.003 -19"><span class='ocrx_word' id='word_1_102' title='bbox 275 1853 354 1916; x_wconf 89' lang='lat' dir='ltr'><strong>iuris</strong></span> <span class='ocrx_word' id='word_1_103' title='bbox 377 1852 488 1915; x_wconf 89' lang='lat' dir='ltr'><strong>ordine</strong></span> <span class='ocrx_word' id='word_1_104' title='bbox 507 1853 637 1915; x_wconf 89' lang='lat' dir='ltr'><strong>citatum</strong></span> <span class='ocrx_word' id='word_1_105' title='bbox 661 1852 693 1913; x_wconf 86' lang='lat' dir='ltr'><strong>in</strong></span> <span class='ocrx_word' id='word_1_106' title='bbox 718 1871 774 1915; x_wconf 77' lang='lat' dir='ltr'><strong>sex</strong></span> <span class='ocrx_word' id='word_1_107' title='bbox 798 1852 942 1914; x_wconf 89' lang='lat' dir='ltr'><strong>terminis</strong></span> <span class='ocrx_word' id='word_1_108' title='bbox 957 1851 1114 1933; x_wconf 79' lang='lat' dir='ltr'><strong>legitimis,</strong></span> <span class='ocrx_word' id='word_1_109' title='bbox 1140 1849 1286 1913; x_wconf 90' lang='lat' dir='ltr'><strong>videlicet</strong></span> <span class='ocrx_word' id='word_1_110' title='bbox 1301 1852 1334 1913; x_wconf 93' lang='lat' dir='ltr'><strong>in</strong></span> <span class='ocrx_word' id='word_1_111' title='bbox 1357 1852 1467 1934; x_wconf 88' lang='lat' dir='ltr'><strong>primis</strong></span> <span class='ocrx_word' id='word_1_112' title='bbox 1490 1852 1523 1912; x_wconf 94' lang='lat' dir='ltr'><strong>in</strong></span> <span class='ocrx_word' id='word_1_113' title='bbox 1540 1850 1675 1932; x_wconf 91' lang='lat' dir='ltr'><strong>quadam</strong></span> 
     </span>
     <span class='ocr_line' id='line_1_13' title="bbox 275 1954 1677 2039; baseline -0.003 -20"><span class='ocrx_word' id='word_1_114' title='bbox 275 1957 520 2039; x_wconf 83' lang='lat' dir='ltr'><strong>congregatione</strong></span> <span class='ocrx_word' id='word_1_115' title='bbox 543 1963 652 2019; x_wconf 88' lang='lat' dir='ltr'><strong>nostra</strong></span> <span class='ocrx_word' id='word_1_116' title='bbox 674 1975 759 2018; x_wconf 92' lang='lat' dir='ltr'><strong>anno</strong></span> <span class='ocrx_word' id='word_1_117' title='bbox 781 1956 815 2017; x_wconf 91' lang='lat' dir='ltr'><strong>in</strong></span> <span class='ocrx_word' id='word_1_118' title='bbox 838 1955 1008 2038; x_wconf 87' lang='lat' dir='ltr'><strong>praedicto,</strong></span> <span class='ocrx_word' id='word_1_119' title='bbox 1032 1956 1065 2017; x_wconf 91' lang='lat' dir='ltr'><strong>in</strong></span> <span class='ocrx_word' id='word_1_120' title='bbox 1090 1955 1210 2018; x_wconf 88' lang='lat' dir='ltr'><strong>octavis</strong></span> <span class='ocrx_word' id='word_1_121' title='bbox 1233 1954 1304 2018; x_wconf 88' lang='lat' dir='ltr'><strong>festi</strong></span> <span class='ocrx_word' id='word_1_122' title='bbox 1327 1956 1428 2018; x_wconf 89' lang='lat' dir='ltr'><strong>saneti</strong></span> <span class='ocrx_word' id='word_1_123' title='bbox 1445 1955 1571 2037; x_wconf 88' lang='lat' dir='ltr'><strong>Georgii</strong></span> <span class='ocrx_word' id='word_1_124' title='bbox 1595 1974 1677 2016; x_wconf 88' lang='lat' dir='ltr'><strong>mar-</strong></span> 
     </span>
     <span class='ocr_line' id='line_1_14' title="bbox 276 2058 1675 2142; baseline -0.003 -18"><span class='ocrx_word' id='word_1_125' title='bbox 276 2060 391 2142; x_wconf 89' lang='lat' dir='ltr'><strong>tyris,¹)</strong></span> <span class='ocrx_word' id='word_1_126' title='bbox 414 2061 615 2124; x_wconf 82' lang='lat' dir='ltr'><strong>universitati</strong></span> <span class='ocrx_word' id='word_1_127' title='bbox 631 2059 785 2122; x_wconf 91' lang='lat' dir='ltr'><strong>nobilium</strong></span> <span class='ocrx_word' id='word_1_128' title='bbox 802 2059 902 2142; x_wconf 89' lang='lat' dir='ltr'><strong>partis</strong></span> <span class='ocrx_word' id='word_1_129' title='bbox 915 2058 1159 2122; x_wconf 88' lang='lat' dir='ltr'><strong>Transsiluanae</strong></span> <span class='ocrx_word' id='word_1_130' title='bbox 1182 2058 1215 2120; x_wconf 93' lang='lat' dir='ltr'><strong>in</strong></span> <span class='ocrx_word' id='word_1_131' title='bbox 1230 2058 1355 2121; x_wconf 84' lang='lat' dir='ltr'><strong>Thorda</strong></span> <span class='ocrx_word' id='word_1_132' title='bbox 1376 2059 1542 2139; x_wconf 88' lang='lat' dir='ltr'><strong>celebrata,</strong></span> <span class='ocrx_word' id='word_1_133' title='bbox 1565 2058 1675 2121; x_wconf 91' lang='lat' dir='ltr'><strong>eodem</strong></span> 
     </span>
     <span class='ocr_line' id='line_1_15' title="bbox 274 2162 1676 2247; baseline -0.003 -19"><span class='ocrx_word' id='word_1_134' title='bbox 274 2164 405 2228; x_wconf 88' lang='lat' dir='ltr'><strong>Nicolao</strong></span> <span class='ocrx_word' id='word_1_135' title='bbox 429 2164 512 2227; x_wconf 90' lang='lat' dir='ltr'><strong>dicto</strong></span> <span class='ocrx_word' id='word_1_136' title='bbox 535 2163 616 2227; x_wconf 90' lang='lat' dir='ltr'><strong>Wos</strong></span> <span class='ocrx_word' id='word_1_137' title='bbox 639 2163 678 2227; x_wconf 93' lang='lat' dir='ltr'><strong>de</strong></span> <span class='ocrx_word' id='word_1_138' title='bbox 701 2163 805 2227; x_wconf 91' lang='lat' dir='ltr'><strong>medio</strong></span> <span class='ocrx_word' id='word_1_139' title='bbox 838 2169 1025 2246; x_wconf 87' lang='lat' dir='ltr'><strong>assurgente</strong></span> <span class='ocrx_word' id='word_1_140' title='bbox 1048 2168 1080 2227; x_wconf 90' lang='lat' dir='ltr'><strong>et</strong></span> <span class='ocrx_word' id='word_1_141' title='bbox 1104 2170 1216 2226; x_wconf 89' lang='lat' dir='ltr'><strong>contra</strong></span> <span class='ocrx_word' id='word_1_142' title='bbox 1238 2164 1343 2247; x_wconf 90' lang='lat' dir='ltr'><strong>ipsum</strong></span> <span class='ocrx_word' id='word_1_143' title='bbox 1366 2162 1523 2226; x_wconf 87' lang='lat' dir='ltr'><strong>Jacobum</strong></span> <span class='ocrx_word' id='word_1_144' title='bbox 1546 2164 1676 2226; x_wconf 84' lang='lat' dir='ltr'><strong>tratrem</strong></span> 
     </span>
    </p>

    <p class='ocr_par' dir='ltr' id='par_1_5' title="bbox 208 2266 1677 2748">
     <span class='ocr_line' id='line_1_16' title="bbox 208 2266 1677 2350; baseline 0.001 -23"><span class='ocrx_word' id='word_1_145' title='bbox 208 2278 238 2329; x_wconf 81' lang='lat'><strong>15</strong></span> <span class='ocrx_word' id='word_1_146' title='bbox 276 2269 411 2350; x_wconf 83' lang='lat' dir='ltr'><strong>Gyarevv</strong></span> <span class='ocrx_word' id='word_1_147' title='bbox 434 2269 467 2330; x_wconf 93' lang='lat' dir='ltr'><strong>in</strong></span> <span class='ocrx_word' id='word_1_148' title='bbox 499 2269 586 2331; x_wconf 92' lang='lat' dir='ltr'><strong>hunc</strong></span> <span class='ocrx_word' id='word_1_149' title='bbox 616 2268 756 2349; x_wconf 90' lang='lat' dir='ltr'><strong>modum,</strong></span> <span class='ocrx_word' id='word_1_150' title='bbox 786 2267 873 2349; x_wconf 91' lang='lat' dir='ltr'><strong>quod</strong></span> <span class='ocrx_word' id='word_1_151' title='bbox 896 2268 963 2350; x_wconf 88' lang='lat' dir='ltr'><strong>ipse</strong></span> <span class='ocrx_word' id='word_1_152' title='bbox 985 2266 1126 2330; x_wconf 88' lang='lat' dir='ltr'><strong>Jacobus</strong></span> <span class='ocrx_word' id='word_1_153' title='bbox 1149 2287 1294 2330; x_wconf 84' lang='lat' dir='ltr'><strong>socerum</strong></span> <span class='ocrx_word' id='word_1_154' title='bbox 1321 2287 1415 2330; x_wconf 89' lang='lat' dir='ltr'><strong>suum</strong></span> <span class='ocrx_word' id='word_1_155' title='bbox 1440 2267 1601 2349; x_wconf 92' lang='lat' dir='ltr'><strong>quondam</strong></span> <span class='ocrx_word' id='word_1_156' title='bbox 1624 2287 1677 2329; x_wconf 89' lang='lat' dir='ltr'><strong>co-</strong></span> 
     </span>
     <span class='ocr_line' id='line_1_17' title="bbox 275 2371 1676 2456; baseline -0.001 -22"><span class='ocrx_word' id='word_1_157' title='bbox 275 2373 383 2437; x_wconf 88' lang='lat' dir='ltr'><strong>mitem</strong></span> <span class='ocrx_word' id='word_1_158' title='bbox 398 2371 513 2436; x_wconf 86' lang='lat' dir='ltr'><strong>Desew</strong></span> <span class='ocrx_word' id='word_1_159' title='bbox 529 2372 649 2436; x_wconf 85' lang='lat' dir='ltr'><strong>dictum</strong></span> <span class='ocrx_word' id='word_1_160' title='bbox 667 2372 706 2436; x_wconf 91' lang='lat' dir='ltr'><strong>de</strong></span> <span class='ocrx_word' id='word_1_161' title='bbox 722 2372 900 2456; x_wconf 85' lang='lat' dir='ltr'><strong>Elephanth</strong></span> <span class='ocrx_word' id='word_1_162' title='bbox 916 2371 954 2434; x_wconf 88' lang='lat' dir='ltr'><strong>ad</strong></span> <span class='ocrx_word' id='word_1_163' title='bbox 971 2372 1204 2455; x_wconf 88' lang='lat' dir='ltr'><strong>possessionem</strong></span> <span class='ocrx_word' id='word_1_164' title='bbox 1219 2391 1310 2434; x_wconf 89' lang='lat' dir='ltr'><strong>suam</strong></span> <span class='ocrx_word' id='word_1_165' title='bbox 1324 2371 1516 2455; x_wconf 86' lang='lat' dir='ltr'><strong>Zeuthegied</strong></span> <span class='ocrx_word' id='word_1_166' title='bbox 1532 2377 1676 2435; x_wconf 86' lang='lat' dir='ltr'><strong>vocatam</strong></span> 
     </span>
     <span class='ocr_line' id='line_1_18' title="bbox 274 2474 1676 2560; baseline 0 -22"><span class='ocrx_word' id='word_1_167' title='bbox 274 2476 489 2560; x_wconf 87' lang='lat' dir='ltr'><strong>potentialiter</strong></span> <span class='ocrx_word' id='word_1_168' title='bbox 510 2475 697 2539; x_wconf 89' lang='lat' dir='ltr'><strong>adducendo</strong></span> <span class='ocrx_word' id='word_1_169' title='bbox 721 2480 753 2538; x_wconf 92' lang='lat' dir='ltr'><strong>et</strong></span> <span class='ocrx_word' id='word_1_170' title='bbox 783 2476 915 2539; x_wconf 91' lang='lat' dir='ltr'><strong>eandem</strong></span> <span class='ocrx_word' id='word_1_171' title='bbox 950 2476 1182 2559; x_wconf 90' lang='lat' dir='ltr'><strong>possessionem</strong></span> <span class='ocrx_word' id='word_1_172' title='bbox 1216 2475 1381 2559; x_wconf 88' lang='lat' dir='ltr'><strong>spoliando</strong></span> <span class='ocrx_word' id='word_1_173' title='bbox 1411 2483 1443 2539; x_wconf 90' lang='lat' dir='ltr'><strong>et</strong></span> <span class='ocrx_word' id='word_1_174' title='bbox 1473 2474 1676 2555; x_wconf 89' lang='lat' dir='ltr'><strong>destruendo,</strong></span> 
     </span>
     <span class='ocr_line' id='line_1_19' title="bbox 275 2578 1677 2663; baseline 0 -20"><span class='ocrx_word' id='word_1_175' title='bbox 275 2581 439 2662; x_wconf 89' lang='lat' dir='ltr'><strong>equaciam</strong></span> <span class='ocrx_word' id='word_1_176' title='bbox 471 2600 560 2643; x_wconf 90' lang='lat' dir='ltr'><strong>suam</strong></span> <span class='ocrx_word' id='word_1_177' title='bbox 593 2579 802 2663; x_wconf 86' lang='lat' dir='ltr'><strong>quadraginta</strong></span> <span class='ocrx_word' id='word_1_178' title='bbox 832 2598 932 2660; x_wconf 89' lang='lat' dir='ltr'><strong>equas</strong></span> <span class='ocrx_word' id='word_1_179' title='bbox 962 2599 1092 2663; x_wconf 89' lang='lat' dir='ltr'><strong>magnas</strong></span> <span class='ocrx_word' id='word_1_180' title='bbox 1122 2586 1154 2643; x_wconf 88' lang='lat' dir='ltr'><strong>et</strong></span> <span class='ocrx_word' id='word_1_181' title='bbox 1184 2580 1308 2643; x_wconf 89' lang='lat' dir='ltr'><strong>adultas</strong></span> <span class='ocrx_word' id='word_1_182' title='bbox 1338 2578 1571 2663; x_wconf 73' lang='lat' dir='ltr'><strong>poledrorum⁸t</strong></span> <span class='ocrx_word' id='word_1_183' title='bbox 1604 2599 1677 2662; x_wconf 89' lang='lat' dir='ltr'><strong>pro-</strong></span> 
     </span>
     <span class='ocr_line' id='line_1_20' title="bbox 274 2683 1677 2748; baseline 0 -1"><span class='ocrx_word' id='word_1_184' title='bbox 274 2689 395 2748; x_wconf 90' lang='lat' dir='ltr'><strong>creatas</strong></span> <span class='ocrx_word' id='word_1_185' title='bbox 417 2686 633 2748; x_wconf 89' lang='lat' dir='ltr'><strong>continentem</strong></span> <span class='ocrx_word' id='word_1_186' title='bbox 656 2684 838 2748; x_wconf 88' lang='lat' dir='ltr'><strong>abstulisset</strong></span> <span class='ocrx_word' id='word_1_187' title='bbox 861 2691 893 2747; x_wconf 90' lang='lat' dir='ltr'><strong>et</strong></span> <span class='ocrx_word' id='word_1_188' title='bbox 915 2683 1042 2747; x_wconf 84' lang='lat' dir='ltr'><strong>aufferri</strong></span> <span class='ocrx_word' id='word_1_189' title='bbox 1066 2684 1192 2747; x_wconf 88' lang='lat' dir='ltr'><strong>iecisset</strong></span> <span class='ocrx_word' id='word_1_190' title='bbox 1214 2704 1273 2746; x_wconf 89' lang='lat' dir='ltr'><strong>sua</strong></span> <span class='ocrx_word' id='word_1_191' title='bbox 1294 2684 1416 2748; x_wconf 87' lang='lat' dir='ltr'><strong>astucia</strong></span> <span class='ocrx_word' id='word_1_192' title='bbox 1438 2690 1469 2747; x_wconf 91' lang='lat' dir='ltr'><strong>et</strong></span> <span class='ocrx_word' id='word_1_193' title='bbox 1491 2683 1677 2747; x_wconf 87' lang='lat' dir='ltr'><strong>inductione</strong></span> 
     </span>
    </p>

    <p class='ocr_par' dir='ltr' id='par_1_6' title="bbox 205 2788 1677 3287">
     <span class='ocr_line' id='line_1_21' title="bbox 205 2788 1677 2871; baseline 0.001 -21"><span class='ocrx_word' id='word_1_194' title='bbox 205 2798 239 2850; x_wconf 79' lang='lat'><strong>‘20</strong></span> <span class='ocrx_word' id='word_1_195' title='bbox 276 2790 442 2869; x_wconf 79' lang='lat' dir='ltr'><strong>mediante,</strong></span> <span class='ocrx_word' id='word_1_196' title='bbox 472 2808 552 2871; x_wconf 91' lang='lat' dir='ltr'><strong>quas</strong></span> <span class='ocrx_word' id='word_1_197' title='bbox 583 2789 666 2852; x_wconf 90' lang='lat' dir='ltr'><strong>idem</strong></span> <span class='ocrx_word' id='word_1_198' title='bbox 694 2808 800 2852; x_wconf 71' lang='lat' dir='ltr'><strong>(remes</strong></span> <span class='ocrx_word' id='word_1_199' title='bbox 822 2788 936 2851; x_wconf 88' lang='lat' dir='ltr'><strong>Desew</strong></span> <span class='ocrx_word' id='word_1_200' title='bbox 968 2789 1027 2871; x_wconf 91' lang='lat' dir='ltr'><strong>ipsi</strong></span> <span class='ocrx_word' id='word_1_201' title='bbox 1049 2789 1169 2852; x_wconf 88' lang='lat' dir='ltr'><strong>Jacobo</strong></span> <span class='ocrx_word' id='word_1_202' title='bbox 1199 2808 1316 2871; x_wconf 88' lang='lat' dir='ltr'><strong>genero</strong></span> <span class='ocrx_word' id='word_1_203' title='bbox 1348 2809 1406 2851; x_wconf 90' lang='lat' dir='ltr'><strong>suo</strong></span> <span class='ocrx_word' id='word_1_204' title='bbox 1437 2788 1624 2852; x_wconf 88' lang='lat' dir='ltr'><strong>contulisset</strong></span> <span class='ocrx_word' id='word_1_205' title='bbox 1645 2796 1677 2852; x_wconf 90' lang='lat' dir='ltr'><strong>et</strong></span> 
     </span>
     <span class='ocr_line' id='line_1_22' title="bbox 276 2892 1676 2976; baseline -0.002 -20"><span class='ocrx_word' id='word_1_206' title='bbox 276 2913 363 2957; x_wconf 88' lang='lat' dir='ltr'><strong>nunc</strong></span> <span class='ocrx_word' id='word_1_207' title='bbox 386 2894 560 2956; x_wconf 85' lang='lat' dir='ltr'><strong>existerent</strong></span> <span class='ocrx_word' id='word_1_208' title='bbox 583 2894 667 2976; x_wconf 88' lang='lat' dir='ltr'><strong>apud</strong></span> <span class='ocrx_word' id='word_1_209' title='bbox 683 2894 830 2973; x_wconf 88' lang='lat' dir='ltr'><strong>eundem,</strong></span> <span class='ocrx_word' id='word_1_210' title='bbox 854 2894 934 2955; x_wconf 86' lang='lat' dir='ltr'><strong>‹luos</strong></span> <span class='ocrx_word' id='word_1_211' title='bbox 950 2894 1125 2956; x_wconf 86' lang='lat' dir='ltr'><strong>servientes</strong></span> <span class='ocrx_word' id='word_1_212' title='bbox 1142 2913 1218 2957; x_wconf 90' lang='lat' dir='ltr'><strong>suos</strong></span> <span class='ocrx_word' id='word_1_213' title='bbox 1241 2892 1459 2956; x_wconf 86' lang='lat' dir='ltr'><strong>interficiendo</strong></span> <span class='ocrx_word' id='word_1_214' title='bbox 1483 2899 1515 2955; x_wconf 93' lang='lat' dir='ltr'><strong>et</strong></span> <span class='ocrx_word' id='word_1_215' title='bbox 1537 2893 1570 2953; x_wconf 89' lang='lat' dir='ltr'><strong>in</strong></span> <span class='ocrx_word' id='word_1_216' title='bbox 1586 2911 1676 2975; x_wconf 91' lang='lat' dir='ltr'><strong>prae-</strong></span> 
     </span>
     <span class='ocr_line' id='line_1_23' title="bbox 274 2997 1676 3079; baseline 0 -20"><span class='ocrx_word' id='word_1_217' title='bbox 274 2998 379 3059; x_wconf 89' lang='lat' dir='ltr'><strong>missis</strong></span> <span class='ocrx_word' id='word_1_218' title='bbox 402 2997 550 3060; x_wconf 90' lang='lat' dir='ltr'><strong>onmibus</strong></span> <span class='ocrx_word' id='word_1_219' title='bbox 580 2998 731 3060; x_wconf 87' lang='lat' dir='ltr'><strong>damnum</strong></span> <span class='ocrx_word' id='word_1_220' title='bbox 763 2998 823 3059; x_wconf 90' lang='lat' dir='ltr'><strong>sibi</strong></span> <span class='ocrx_word' id='word_1_221' title='bbox 847 3004 1059 3060; x_wconf 81' lang='lat' dir='ltr'><strong>trecentarum</strong></span> <span class='ocrx_word' id='word_1_222' title='bbox 1091 3018 1269 3060; x_wconf 87' lang='lat' dir='ltr'><strong>marcarum</strong></span> <span class='ocrx_word' id='word_1_223' title='bbox 1299 2998 1478 3079; x_wconf 79' lang='lat' dir='ltr'><strong>irrogando,</strong></span> <span class='ocrx_word' id='word_1_224' title='bbox 1509 3003 1622 3079; x_wconf 89' lang='lat' dir='ltr'><strong>agente</strong></span> <span class='ocrx_word' id='word_1_225' title='bbox 1645 3004 1676 3059; x_wconf 91' lang='lat' dir='ltr'><strong>et</strong></span> 
     </span>
     <span class='ocr_line' id='line_1_24' title="bbox 274 3100 1676 3183; baseline 0.001 -21"><span class='ocrx_word' id='word_1_226' title='bbox 274 3106 483 3183; x_wconf 77' lang='lat' dir='ltr'><strong>proponente,</strong></span> <span class='ocrx_word' id='word_1_227' title='bbox 506 3101 581 3163; x_wconf 90' lang='lat' dir='ltr'><strong>item</strong></span> <span class='ocrx_word' id='word_1_228' title='bbox 605 3102 638 3162; x_wconf 93' lang='lat' dir='ltr'><strong>in</strong></span> <span class='ocrx_word' id='word_1_229' title='bbox 662 3100 833 3182; x_wconf 89' lang='lat' dir='ltr'><strong>quindenis</strong></span> <span class='ocrx_word' id='word_1_230' title='bbox 856 3107 1040 3163; x_wconf 88' lang='lat' dir='ltr'><strong>octavarum</strong></span> <span class='ocrx_word' id='word_1_231' title='bbox 1060 3102 1132 3165; x_wconf 84' lang='lat' dir='ltr'><strong>testi</strong></span> <span class='ocrx_word' id='word_1_232' title='bbox 1155 3102 1296 3165; x_wconf 85' lang='lat' dir='ltr'><strong>eiusdem</strong></span> <span class='ocrx_word' id='word_1_233' title='bbox 1307 3102 1327 3177; x_wconf 73' lang='grc' dir='ltr'><strong>Β)</strong></span> <span class='ocrx_word' id='word_1_234' title='bbox 1351 3121 1475 3165; x_wconf 89' lang='lat' dir='ltr'><strong>necnon</strong></span> <span class='ocrx_word' id='word_1_235' title='bbox 1499 3101 1532 3163; x_wconf 90' lang='lat' dir='ltr'><strong>in</strong></span> <span class='ocrx_word' id='word_1_236' title='bbox 1556 3101 1676 3163; x_wconf 88' lang='lat' dir='ltr'><strong>octavis</strong></span> 
     </span>
     <span class='ocr_line' id='line_1_25' title="bbox 273 3204 1675 3287; baseline 0.001 -21"><span class='ocrx_word' id='word_1_237' title='bbox 273 3205 454 3268; x_wconf 80' lang='lat' dir='ltr'><strong>festivitatis</strong></span> <span class='ocrx_word' id='word_1_238' title='bbox 477 3205 619 3267; x_wconf 87' lang='lat' dir='ltr'><strong>omnium</strong></span> <span class='ocrx_word' id='word_1_239' title='bbox 635 3206 859 3283; x_wconf 79' lang='lat' dir='ltr'><strong>sanctorunr,⁴)</strong></span> <span class='ocrx_word' id='word_1_240' title='bbox 882 3206 914 3267; x_wconf 91' lang='lat' dir='ltr'><strong>in</strong></span> <span class='ocrx_word' id='word_1_241' title='bbox 939 3206 1110 3287; x_wconf 87' lang='lat' dir='ltr'><strong>quindenis</strong></span> <span class='ocrx_word' id='word_1_242' title='bbox 1125 3207 1196 3271; x_wconf 84' lang='lat' dir='ltr'><strong>testi</strong></span> <span class='ocrx_word' id='word_1_243' title='bbox 1213 3206 1323 3269; x_wconf 87' lang='lat' dir='ltr'><strong>beatae</strong></span> <span class='ocrx_word' id='word_1_244' title='bbox 1338 3205 1513 3286; x_wconf 83' lang='lat' dir='ltr'><strong>Elyzabeth</strong></span> <span class='ocrx_word' id='word_1_245' title='bbox 1530 3206 1644 3267; x_wconf 87' lang='lat' dir='ltr'><strong>viduae</strong></span> <span class='ocrx_word' id='word_1_246' title='bbox 1654 3204 1675 3281; x_wconf 75' lang='lat'><strong>⁶)</strong></span> 
     </span>
    </p>

    <p class='ocr_par' dir='ltr' id='par_1_7' title="bbox 205 3309 1677 3810">
     <span class='ocr_line' id='line_1_26' title="bbox 205 3309 1677 3392; baseline 0.001 -22"><span class='ocrx_word' id='word_1_247' title='bbox 205 3320 239 3372; x_wconf 74' lang='lat'><strong>‘25</strong></span> <span class='ocrx_word' id='word_1_248' title='bbox 276 3310 367 3371; x_wconf 87' lang='lat' dir='ltr'><strong>acin</strong></span> <span class='ocrx_word' id='word_1_249' title='bbox 392 3309 529 3391; x_wconf 91' lang='lat' dir='ltr'><strong>quadam</strong></span> <span class='ocrx_word' id='word_1_250' title='bbox 560 3309 621 3372; x_wconf 88' lang='lat' dir='ltr'><strong>alia</strong></span> <span class='ocrx_word' id='word_1_251' title='bbox 643 3311 887 3392; x_wconf 88' lang='lat' dir='ltr'><strong>congregatione</strong></span> <span class='ocrx_word' id='word_1_252' title='bbox 920 3316 1028 3373; x_wconf 88' lang='lat' dir='ltr'><strong>nostra</strong></span> <span class='ocrx_word' id='word_1_253' title='bbox 1049 3310 1188 3391; x_wconf 87' lang='lat' dir='ltr'><strong>generali</strong></span> <span class='ocrx_word' id='word_1_254' title='bbox 1216 3311 1294 3373; x_wconf 83' lang='lat' dir='ltr'><strong>feria</strong></span> <span class='ocrx_word' id='word_1_255' title='bbox 1316 3310 1408 3373; x_wconf 87' lang='lat' dir='ltr'><strong>tertia</strong></span> <span class='ocrx_word' id='word_1_256' title='bbox 1438 3310 1583 3392; x_wconf 81' lang='lat' dir='ltr'><strong>proxima</strong></span> <span class='ocrx_word' id='word_1_257' title='bbox 1605 3315 1677 3392; x_wconf 87' lang='lat' dir='ltr'><strong>post</strong></span> 
     </span>
     <span class='ocr_line' id='line_1_27' title="bbox 274 3411 1676 3497; baseline -0.002 -21"><span class='ocrx_word' id='word_1_258' title='bbox 274 3414 391 3477; x_wconf 88' lang='lat' dir='ltr'><strong>festum</strong></span> <span class='ocrx_word' id='word_1_259' title='bbox 414 3412 498 3477; x_wconf 89' lang='lat' dir='ltr'><strong>beati</strong></span> <span class='ocrx_word' id='word_1_260' title='bbox 520 3414 669 3477; x_wconf 82' lang='lat' dir='ltr'><strong>Andreae</strong></span> <span class='ocrx_word' id='word_1_261' title='bbox 693 3414 858 3497; x_wconf 80' lang='lat' dir='ltr'><strong>apostoli⁰)</strong></span> <span class='ocrx_word' id='word_1_262' title='bbox 882 3414 1040 3477; x_wconf 87' lang='lat' dir='ltr'><strong>universis</strong></span> <span class='ocrx_word' id='word_1_263' title='bbox 1063 3413 1222 3477; x_wconf 87' lang='lat' dir='ltr'><strong>nobilibus</strong></span> <span class='ocrx_word' id='word_1_264' title='bbox 1245 3414 1284 3476; x_wconf 93' lang='lat' dir='ltr'><strong>de</strong></span> <span class='ocrx_word' id='word_1_265' title='bbox 1303 3413 1436 3476; x_wconf 81' lang='lat' dir='ltr'><strong>Dobolra</strong></span> <span class='ocrx_word' id='word_1_266' title='bbox 1459 3419 1491 3476; x_wconf 90' lang='lat' dir='ltr'><strong>et</strong></span> <span class='ocrx_word' id='word_1_267' title='bbox 1514 3412 1553 3475; x_wconf 92' lang='lat' dir='ltr'><strong>de</strong></span> <span class='ocrx_word' id='word_1_268' title='bbox 1576 3411 1676 3475; x_wconf 80' lang='lat' dir='ltr'><strong>Cluus</strong></span> 
     </span>
     <span class='ocr_line' id='line_1_28' title="bbox 277 3517 1676 3602; baseline -0.001 -22"><span class='ocrx_word' id='word_1_269' title='bbox 277 3517 484 3581; x_wconf 88' lang='lat' dir='ltr'><strong>comitatuum</strong></span> <span class='ocrx_word' id='word_1_270' title='bbox 509 3517 542 3580; x_wconf 93' lang='lat' dir='ltr'><strong>in</strong></span> <span class='ocrx_word' id='word_1_271' title='bbox 558 3517 734 3599; x_wconf 88' lang='lat' dir='ltr'><strong>Bonchyda</strong></span> <span class='ocrx_word' id='word_1_272' title='bbox 755 3518 862 3580; x_wconf 89' lang='lat' dir='ltr'><strong>habita</strong></span> <span class='ocrx_word' id='word_1_273' title='bbox 884 3527 915 3582; x_wconf 91' lang='lat' dir='ltr'><strong>et</strong></span> <span class='ocrx_word' id='word_1_274' title='bbox 938 3519 1147 3602; x_wconf 90' lang='lat' dir='ltr'><strong>inposterum</strong></span> <span class='ocrx_word' id='word_1_275' title='bbox 1171 3520 1202 3580; x_wconf 91' lang='lat' dir='ltr'><strong>in</strong></span> <span class='ocrx_word' id='word_1_276' title='bbox 1226 3519 1469 3601; x_wconf 86' lang='lat' dir='ltr'><strong>congregatione</strong></span> <span class='ocrx_word' id='word_1_277' title='bbox 1492 3524 1601 3580; x_wconf 90' lang='lat' dir='ltr'><strong>nostra</strong></span> <span class='ocrx_word' id='word_1_278' title='bbox 1623 3536 1676 3597; x_wconf 84' lang='lat' dir='ltr'><strong>gc-</strong></span> 
     </span>
     <span class='ocr_line' id='line_1_29' title="bbox 274 3621 1675 3706; baseline -0.004 -19"><span class='ocrx_word' id='word_1_279' title='bbox 274 3623 423 3687; x_wconf 89' lang='lat' dir='ltr'><strong>neraliori</strong></span> <span class='ocrx_word' id='word_1_280' title='bbox 439 3623 584 3706; x_wconf 83' lang='lat' dir='ltr'><strong>proxime</strong></span> <span class='ocrx_word' id='word_1_281' title='bbox 600 3623 756 3704; x_wconf 87' lang='lat' dir='ltr'><strong>sequenti,</strong></span> <span class='ocrx_word' id='word_1_282' title='bbox 777 3623 995 3685; x_wconf 86' lang='lat' dir='ltr'><strong>communitati</strong></span> <span class='ocrx_word' id='word_1_283' title='bbox 1004 3622 1026 3699; x_wconf 84' lang='lat'><strong>⁷)</strong></span> <span class='ocrx_word' id='word_1_284' title='bbox 1051 3622 1274 3685; x_wconf 85' lang='lat' dir='ltr'><strong>universorum</strong></span> <span class='ocrx_word' id='word_1_285' title='bbox 1294 3621 1448 3684; x_wconf 90' lang='lat' dir='ltr'><strong>nobilium</strong></span> <span class='ocrx_word' id='word_1_286' title='bbox 1465 3622 1562 3684; x_wconf 75' lang='lat' dir='ltr'><strong>tetiam</strong></span> <span class='ocrx_word' id='word_1_287' title='bbox 1578 3622 1675 3704; x_wconf 88' lang='lat' dir='ltr'><strong>partis</strong></span> 
     </span>
     <span class='ocr_line' id='line_1_30' title="bbox 272 3726 1675 3810; baseline -0.003 -20"><span class='ocrx_word' id='word_1_288' title='bbox 272 3727 516 3790; x_wconf 85' lang='lat' dir='ltr'><strong>Transsilnanae</strong></span> <span class='ocrx_word' id='word_1_289' title='bbox 540 3727 617 3789; x_wconf 83' lang='lat' dir='ltr'><strong>feria</strong></span> <span class='ocrx_word' id='word_1_290' title='bbox 641 3732 754 3808; x_wconf 82' lang='lat' dir='ltr'><strong>quarta</strong></span> <span class='ocrx_word' id='word_1_291' title='bbox 777 3727 1022 3810; x_wconf 83' lang='lat' dir='ltr'><strong>praescriptam</strong></span> <span class='ocrx_word' id='word_1_292' title='bbox 1045 3726 1169 3789; x_wconf 76' lang='lat' dir='ltr'><strong>&#39;l&#39;borda</strong></span> <span class='ocrx_word' id='word_1_293' title='bbox 1184 3726 1349 3801; x_wconf 85' lang='lat' dir='ltr'><strong>celebrata,</strong></span> <span class='ocrx_word' id='word_1_294' title='bbox 1373 3727 1523 3788; x_wconf 86' lang='lat' dir='ltr'><strong>continue</strong></span> <span class='ocrx_word' id='word_1_295' title='bbox 1546 3745 1580 3789; x_wconf 88' lang='lat' dir='ltr'><strong>se</strong></span> <span class='ocrx_word' id='word_1_296' title='bbox 1603 3745 1675 3787; x_wconf 91' lang='lat' dir='ltr'><strong>suc-</strong></span> 
     </span>
    </p>

    <p class='ocr_par' dir='ltr' id='par_1_8' title="bbox 204 3830 1675 4330">
     <span class='ocr_line' id='line_1_31' title="bbox 204 3830 1675 3913; baseline 0 -22"><span class='ocrx_word' id='word_1_297' title='bbox 204 3830 1675 3913; x_wconf 48' lang='lat' dir='ltr'><strong>wcmmffimefflmmmmmsmmmmmnmmmmmmemmwmmmm</strong></span> 
     </span>
     <span class='ocr_line' id='line_1_32' title="bbox 274 3933 1675 4017; baseline -0.001 -20"><span class='ocrx_word' id='word_1_298' title='bbox 274 3933 1675 4017; x_wconf 65' lang='lat' dir='ltr'><strong>emmeumnammmmmommmmemammmmm,mpmommau1mmmmm</strong></span> 
     </span>
     <span class='ocr_line' id='line_1_33' title="bbox 274 4037 1673 4122; baseline -0.001 -22"><span class='ocrx_word' id='word_1_299' title='bbox 274 4037 1673 4122; x_wconf 53' lang='lat' dir='ltr'><strong>mmmmmmfflmmmmmmmfflmmmmmfflmmfflm</strong></span> 
     </span>
     <span class='ocr_line' id='line_1_34' title="bbox 273 4141 1673 4225; baseline -0.003 -19"><span class='ocrx_word' id='word_1_300' title='bbox 273 4142 396 4207; x_wconf 88' lang='lat' dir='ltr'><strong>Nicolai</strong></span> <span class='ocrx_word' id='word_1_301' title='bbox 419 4141 664 4225; x_wconf 89' lang='lat' dir='ltr'><strong>derogationem.</strong></span> <span class='ocrx_word' id='word_1_302' title='bbox 688 4142 781 4206; x_wconf 90' lang='lat' dir='ltr'><strong>Unde</strong></span> <span class='ocrx_word' id='word_1_303' title='bbox 804 4143 877 4205; x_wconf 90' lang='lat' dir='ltr'><strong>licet</strong></span> <span class='ocrx_word' id='word_1_304' title='bbox 894 4142 1077 4205; x_wconf 86' lang='lat' dir='ltr'><strong>iudiciariae</strong></span> <span class='ocrx_word' id='word_1_305' title='bbox 1098 4143 1295 4205; x_wconf 87' lang='lat' dir='ltr'><strong>auctoritatis</strong></span> <span class='ocrx_word' id='word_1_306' title='bbox 1318 4142 1436 4205; x_wconf 78' lang='lat' dir='ltr'><strong>vindex</strong></span> <span class='ocrx_word' id='word_1_307' title='bbox 1461 4141 1618 4205; x_wconf 87' lang='lat' dir='ltr'><strong>sententia</strong></span> <span class='ocrx_word' id='word_1_308' title='bbox 1641 4141 1673 4202; x_wconf 92' lang='lat' dir='ltr'><strong>in</strong></span> 
     </span>
     <span class='ocr_line' id='line_1_35' title="bbox 273 4245 1674 4330; baseline -0.001 -22"><span class='ocrx_word' id='word_1_309' title='bbox 273 4247 377 4330; x_wconf 88' lang='lat' dir='ltr'><strong>ipsum</strong></span> <span class='ocrx_word' id='word_1_310' title='bbox 392 4245 548 4309; x_wconf 86' lang='lat' dir='ltr'><strong>Jacobum</strong></span> <span class='ocrx_word' id='word_1_311' title='bbox 563 4247 627 4309; x_wconf 90' lang='lat' dir='ltr'><strong>iam</strong></span> <span class='ocrx_word' id='word_1_312' title='bbox 643 4246 764 4309; x_wconf 89' lang='lat' dir='ltr'><strong>dudum</strong></span> <span class='ocrx_word' id='word_1_313' title='bbox 787 4247 857 4310; x_wconf 91' lang='lat' dir='ltr'><strong>iure</strong></span> <span class='ocrx_word' id='word_1_314' title='bbox 873 4245 1065 4330; x_wconf 87' lang='lat' dir='ltr'><strong>promulgari</strong></span> <span class='ocrx_word' id='word_1_315' title='bbox 1090 4245 1259 4317; x_wconf 79' lang='lat' dir='ltr'><strong>debuisset,</strong></span> <span class='ocrx_word' id='word_1_316' title='bbox 1283 4251 1388 4309; x_wconf 90' lang='lat' dir='ltr'><strong>tamen</strong></span> <span class='ocrx_word' id='word_1_317' title='bbox 1409 4266 1468 4308; x_wconf 89' lang='lat' dir='ltr'><strong>nos</strong></span> <span class='ocrx_word' id='word_1_318' title='bbox 1483 4246 1579 4327; x_wconf 85' lang='lat' dir='ltr'><strong>rigori</strong></span> <span class='ocrx_word' id='word_1_319' title='bbox 1595 4245 1674 4308; x_wconf 82' lang='lat' dir='ltr'><strong>imis</strong></span> 
     </span>
    </p>

    <p class='ocr_par' dir='ltr' id='par_1_9' title="bbox 203 4348 1675 4957">
     <span class='ocr_line' id='line_1_36' title="bbox 204 4348 1674 4431; baseline -0.001 -20"><span class='ocrx_word' id='word_1_320' title='bbox 204 4360 238 4412; x_wconf 83' lang='lat'><strong>35</strong></span> <span class='ocrx_word' id='word_1_321' title='bbox 274 4348 507 4413; x_wconf 86' lang='lat' dir='ltr'><strong>misericordiae</strong></span> <span class='ocrx_word' id='word_1_322' title='bbox 518 4349 690 4429; x_wconf 85' lang='lat' dir='ltr'><strong>lenitatem,</strong></span> <span class='ocrx_word' id='word_1_323' title='bbox 707 4369 770 4431; x_wconf 92' lang='lat' dir='ltr'><strong>qua</strong></span> <span class='ocrx_word' id='word_1_324' title='bbox 784 4349 951 4413; x_wconf 90' lang='lat' dir='ltr'><strong>universos</strong></span> <span class='ocrx_word' id='word_1_325' title='bbox 962 4350 1150 4413; x_wconf 86' lang='lat' dir='ltr'><strong>crudelitate</strong></span> <span class='ocrx_word' id='word_1_326' title='bbox 1163 4351 1348 4412; x_wconf 85' lang='lat' dir='ltr'><strong>temerariae</strong></span> <span class='ocrx_word' id='word_1_327' title='bbox 1366 4348 1546 4412; x_wconf 90' lang='lat' dir='ltr'><strong>rebellionis</strong></span> <span class='ocrx_word' id='word_1_328' title='bbox 1557 4349 1674 4431; x_wconf 89' lang='lat' dir='ltr'><strong>impor-</strong></span> 
     </span>
     <span class='ocr_line' id='line_1_37' title="bbox 273 4452 1672 4518; baseline -0.002 -1"><span class='ocrx_word' id='word_1_329' title='bbox 273 4454 454 4518; x_wconf 88' lang='lat' dir='ltr'><strong>tunizantes</strong></span> <span class='ocrx_word' id='word_1_330' title='bbox 469 4453 509 4515; x_wconf 89' lang='lat' dir='ltr'><strong>ad</strong></span> <span class='ocrx_word' id='word_1_331' title='bbox 525 4453 649 4517; x_wconf 89' lang='lat' dir='ltr'><strong>debitae</strong></span> <span class='ocrx_word' id='word_1_332' title='bbox 665 4453 862 4517; x_wconf 89' lang='lat' dir='ltr'><strong>obedientiae</strong></span> <span class='ocrx_word' id='word_1_333' title='bbox 879 4453 1114 4517; x_wconf 90' lang='lat' dir='ltr'><strong>observantiam</strong></span> <span class='ocrx_word' id='word_1_334' title='bbox 1126 4460 1158 4516; x_wconf 93' lang='lat' dir='ltr'><strong>et</strong></span> <span class='ocrx_word' id='word_1_335' title='bbox 1169 4455 1342 4517; x_wconf 89' lang='lat' dir='ltr'><strong>stramitem</strong></span> <span class='ocrx_word' id='word_1_336' title='bbox 1359 4454 1391 4515; x_wconf 91' lang='lat' dir='ltr'><strong>in</strong></span> <span class='ocrx_word' id='word_1_337' title='bbox 1408 4454 1458 4515; x_wconf 91' lang='lat' dir='ltr'><strong>ius</strong></span> <span class='ocrx_word' id='word_1_338' title='bbox 1474 4452 1672 4515; x_wconf 83' lang='lat' dir='ltr'><strong>iudiciariam</strong></span> 
     </span>
     <span class='ocr_line' id='line_1_38' title="bbox 272 4554 1675 4641; baseline -0.003 -20"><span class='ocrx_word' id='word_1_339' title='bbox 272 4576 422 4621; x_wconf 89' lang='lat' dir='ltr'><strong>revocare</strong></span> <span class='ocrx_word' id='word_1_340' title='bbox 438 4564 593 4628; x_wconf 76' lang='lat' dir='ltr'><strong>tenemur,</strong></span> <span class='ocrx_word' id='word_1_341' title='bbox 609 4558 834 4641; x_wconf 85' lang='lat' dir='ltr'><strong>praeferentes,</strong></span> <span class='ocrx_word' id='word_1_342' title='bbox 855 4564 980 4622; x_wconf 83' lang='lat' dir='ltr'><strong>restrae</strong></span> <span class='ocrx_word' id='word_1_343' title='bbox 996 4558 1196 4621; x_wconf 89' lang='lat' dir='ltr'><strong>discretionis</strong></span> <span class='ocrx_word' id='word_1_344' title='bbox 1211 4558 1379 4635; x_wconf 86' lang='lat' dir='ltr'><strong>amicitiam</strong></span> <span class='ocrx_word' id='word_1_345' title='bbox 1396 4555 1589 4638; x_wconf 89' lang='lat' dir='ltr'><strong>requirimus</strong></span> <span class='ocrx_word' id='word_1_346' title='bbox 1605 4554 1675 4618; x_wconf 91' lang='lat' dir='ltr'><strong>dili-</strong></span> 
     </span>
     <span class='ocr_line' id='line_1_39' title="bbox 271 4660 1670 4744; baseline -0.001 -20"><span class='ocrx_word' id='word_1_347' title='bbox 271 4665 391 4744; x_wconf 90' lang='lat' dir='ltr'><strong>genter,</strong></span> <span class='ocrx_word' id='word_1_348' title='bbox 415 4666 573 4742; x_wconf 90' lang='lat' dir='ltr'><strong>quatenus</strong></span> <span class='ocrx_word' id='word_1_349' title='bbox 597 4666 738 4724; x_wconf 90' lang='lat' dir='ltr'><strong>vestrum</strong></span> <span class='ocrx_word' id='word_1_350' title='bbox 762 4662 894 4725; x_wconf 89' lang='lat' dir='ltr'><strong>mittatis</strong></span> <span class='ocrx_word' id='word_1_351' title='bbox 916 4662 1076 4725; x_wconf 90' lang='lat' dir='ltr'><strong>hominem</strong></span> <span class='ocrx_word' id='word_1_352' title='bbox 1091 4661 1153 4724; x_wconf 91' lang='lat' dir='ltr'><strong>fide</strong></span> <span class='ocrx_word' id='word_1_353' title='bbox 1169 4661 1301 4743; x_wconf 90' lang='lat' dir='ltr'><strong>dignum</strong></span> <span class='ocrx_word' id='word_1_354' title='bbox 1317 4681 1373 4744; x_wconf 90' lang='lat' dir='ltr'><strong>pro</strong></span> <span class='ocrx_word' id='word_1_355' title='bbox 1390 4660 1581 4739; x_wconf 90' lang='lat' dir='ltr'><strong>testimonio,</strong></span> <span class='ocrx_word' id='word_1_356' title='bbox 1606 4679 1670 4742; x_wconf 90' lang='lat' dir='ltr'><strong>quo</strong></span> 
     </span>
     <span class='ocr_line' id='line_1_40' title="bbox 272 4763 1674 4848; baseline -0.002 -20"><span class='ocrx_word' id='word_1_357' title='bbox 272 4771 438 4848; x_wconf 87' lang='lat' dir='ltr'><strong>praesente</strong></span> <span class='ocrx_word' id='word_1_358' title='bbox 453 4765 594 4828; x_wconf 86' lang='lat' dir='ltr'><strong>Jacobus</strong></span> <span class='ocrx_word' id='word_1_359' title='bbox 608 4764 694 4828; x_wconf 89' lang='lat' dir='ltr'><strong>filius</strong></span> <span class='ocrx_word' id='word_1_360' title='bbox 710 4766 827 4828; x_wconf 81' lang='lat' dir='ltr'><strong>Choma</strong></span> <span class='ocrx_word' id='word_1_361' title='bbox 847 4767 886 4829; x_wconf 91' lang='lat' dir='ltr'><strong>de</strong></span> <span class='ocrx_word' id='word_1_362' title='bbox 909 4773 1018 4829; x_wconf 87' lang='lat' dir='ltr'><strong>sancto</strong></span> <span class='ocrx_word' id='word_1_363' title='bbox 1034 4765 1146 4848; x_wconf 82' lang='lat' dir='ltr'><strong>Egidio</strong></span> <span class='ocrx_word' id='word_1_364' title='bbox 1164 4764 1215 4828; x_wconf 90' lang='lat' dir='ltr'><strong>vel</strong></span> <span class='ocrx_word' id='word_1_365' title='bbox 1231 4765 1381 4828; x_wconf 84' lang='lat' dir='ltr'><strong>Nicolans</strong></span> <span class='ocrx_word' id='word_1_366' title='bbox 1404 4764 1443 4826; x_wconf 90' lang='lat' dir='ltr'><strong>de</strong></span> <span class='ocrx_word' id='word_1_367' title='bbox 1459 4763 1550 4826; x_wconf 85' lang='lat' dir='ltr'><strong>Moch</strong></span> <span class='ocrx_word' id='word_1_368' title='bbox 1575 4763 1674 4825; x_wconf 90' lang='lat' dir='ltr'><strong>altero</strong></span> 
     </span>
     <span class='ocr_line' id='line_1_41' title="bbox 203 4867 1673 4957; baseline -0.001 -26"><span class='ocrx_word' id='word_1_369' title='bbox 203 4878 239 4931; x_wconf 70' lang='lat' dir='ltr'><strong>ld</strong></span> <span class='ocrx_word' id='word_1_370' title='bbox 273 4868 404 4933; x_wconf 86' lang='lat' dir='ltr'><strong>absente</strong></span> <span class='ocrx_word' id='word_1_371' title='bbox 427 4870 520 4933; x_wconf 89' lang='lat' dir='ltr'><strong>homo</strong></span> <span class='ocrx_word' id='word_1_372' title='bbox 543 4875 660 4949; x_wconf 87' lang='lat' dir='ltr'><strong>noster,</strong></span> <span class='ocrx_word' id='word_1_373' title='bbox 690 4870 723 4932; x_wconf 92' lang='lat' dir='ltr'><strong>in</strong></span> <span class='ocrx_word' id='word_1_374' title='bbox 740 4870 948 4957; x_wconf 86' lang='lat' dir='ltr'><strong>comitatibus</strong></span> <span class='ocrx_word' id='word_1_375' title='bbox 975 4870 1014 4934; x_wconf 91' lang='lat' dir='ltr'><strong>de</strong></span> <span class='ocrx_word' id='word_1_376' title='bbox 1037 4870 1137 4933; x_wconf 84' lang='lat' dir='ltr'><strong>Cluus</strong></span> <span class='ocrx_word' id='word_1_377' title='bbox 1160 4875 1192 4933; x_wconf 92' lang='lat' dir='ltr'><strong>et</strong></span> <span class='ocrx_word' id='word_1_378' title='bbox 1214 4869 1253 4932; x_wconf 90' lang='lat' dir='ltr'><strong>de</strong></span> <span class='ocrx_word' id='word_1_379' title='bbox 1275 4868 1409 4932; x_wconf 86' lang='lat' dir='ltr'><strong>Doboka</strong></span> <span class='ocrx_word' id='word_1_380' title='bbox 1432 4867 1609 4952; x_wconf 86' lang='lat' dir='ltr'><strong>praedictis,</strong></span> <span class='ocrx_word' id='word_1_381' title='bbox 1639 4868 1673 4930; x_wconf 89' lang='lat' dir='ltr'><strong>in</strong></span> 
     </span>
    </p>

    <p class='ocr_par' dir='ltr' id='par_1_10' title="bbox 431 4975 575 5071">
     <span class='ocr_line' id='line_1_42' title="bbox 431 4975 575 5071; baseline 0 -12"><span class='ocrx_word' id='word_1_382' title='bbox 431 4975 575 5071; x_wconf 58' lang='lat' dir='ltr'><strong>meL</strong></span> 
     </span>
    </p>

    <p class='ocr_par' dir='ltr' id='par_1_11' title="bbox 428 5091 954 5161">
     <span class='ocr_line' id='line_1_43' title="bbox 428 5091 954 5161; baseline 0.004 -16"><span class='ocrx_word' id='word_1_383' title='bbox 428 5091 954 5161; x_wconf 52' lang='lat' dir='ltr'><strong>dhfflmmwmwmfflmm.</strong></span> 
     </span>
    </p>

    <p class='ocr_par' dir='ltr' id='par_1_12' title="bbox 428 5177 592 5245">
     <span class='ocr_line' id='line_1_44' title="bbox 428 5177 592 5245; baseline 0.012 -14"><span class='ocrx_word' id='word_1_384' title='bbox 428 5177 592 5245; x_wconf 57' lang='grc' dir='ltr'><em>ἿΜΜΜ.</em></span> 
     </span>
    </p>

    <p class='ocr_par' dir='ltr' id='par_1_13' title="bbox 427 5264 660 5333">
     <span class='ocr_line' id='line_1_45' title="bbox 427 5264 660 5333; baseline 0 -14"><span class='ocrx_word' id='word_1_385' title='bbox 427 5264 660 5333; x_wconf 59' lang='lat' dir='ltr'><strong>bNmmw&amp;</strong></span> 
     </span>
    </p>

    <p class='ocr_par' dir='ltr' id='par_1_14' title="bbox 428 5351 657 5419">
     <span class='ocr_line' id='line_1_46' title="bbox 428 5351 657 5419; baseline 0 -13"><span class='ocrx_word' id='word_1_386' title='bbox 428 5351 657 5419; x_wconf 59' lang='lat' dir='ltr'><strong>memmd</strong></span> 
     </span>
    </p>
   </div>
   <div class='ocr_carea' id='block_1_3' title="bbox 427 5437 745 5595">
    <p class='ocr_par' dir='ltr' id='par_1_15' title="bbox 427 5437 745 5595">
     <span class='ocr_line' id='line_1_47' title="bbox 427 5437 657 5506; baseline 0 -15"><span class='ocrx_word' id='word_1_387' title='bbox 427 5441 449 5506; x_wconf 82' lang='lat'><strong>⁸)</strong></span> <span class='ocrx_word' id='word_1_388' title='bbox 466 5437 615 5493; x_wconf 64' lang='lat' dir='ltr'><strong>December</strong></span> <span class='ocrx_word' id='word_1_389' title='bbox 631 5442 657 5492; x_wconf 85' lang='lat'><strong>2.</strong></span> 
     </span>
     <span class='ocr_line' id='line_1_48' title="bbox 427 5523 745 5595; baseline 0 -15"><span class='ocrx_word' id='word_1_390' title='bbox 427 5526 449 5594; x_wconf 80' lang='lat'><strong>¹)</strong></span> <span class='ocrx_word' id='word_1_391' title='bbox 472 5523 604 5595; x_wconf 74' lang='lat' dir='ltr'><strong>Vorlape:</strong></span> <span class='ocrx_word' id='word_1_392' title='bbox 622 5525 745 5581; x_wconf 82' lang='lat' dir='ltr'><strong>comitati.</strong></span> 
     </span>
    </p>
   </div>
   <div class='ocr_carea' id='block_1_4' title="bbox 0 0 2046 6294">
    <p class='ocr_par' dir='ltr' id='par_1_16' title="bbox 0 0 2046 6294">
     <span class='ocr_line' id='line_1_49' title="bbox 0 0 2046 6294; baseline 0 0"><span class='ocrx_word' id='word_1_393' title='bbox 0 0 2046 6294; x_wconf 95' lang='lat' dir='ltr'><strong> </strong></span> 
     </span>
    </p>
   </div>
  </div>
 </body>
</html>
