4086 6300
983 600 1138 696 eoe-

362 806 423 853 rex
445 786 485 851 ad
499 788 685 872 petitionem
702 788 859 853 dictorum
876 789 1118 854 urburariorum
1134 808 1192 854 seu
1207 790 1432 873 magistrorum
1448 790 1551 855 dictae
1565 790 1764 855 aurifodinae

363 890 483 956 eisdem
504 891 683 976 hospitibus
706 892 808 957 diotae
830 894 969 958 civitatis
990 901 1024 958 et
1044 896 1187 978 ipsorum
1209 895 1446 959 successoribus
1468 913 1510 959 ex
1524 894 1658 959 oonsilio
1672 913 1764 979 prae·

365 994 502 1067 latorum
525 1001 558 1060 et
581 996 737 1060 baronum
759 997 851 1080 regni
872 997 922 1062 sui
945 999 1162 1081 concessisset,
1186 1003 1222 1062 ut
1242 1003 1397 1083 perpetuo
1420 998 1540 1063 eisdem
1554 998 1763 1080 libertatibus,

364 1099 482 1182 quibus
504 1099 639 1164 aliarum
661 1100 913 1165 aurifodinarum
935 1121 1066 1166 suarum
1090 1103 1231 1186 magistri
1254 1121 1312 1167 seu
1335 1103 1470 1187 operarii
1489 1107 1635 1185 utuntur,
1657 1104 1718 1187 ipsi
1733 1109 1764 1169 et

364 1222 475 1268 eorum
497 1205 617 1288 posteri
631 1212 886 1289 perseverentur,
909 1206 1054 1270 similiter
1068 1225 1210 1289 censum,
1233 1207 1353 1272 scilicet
1368 1213 1513 1272 octavam
1527 1214 1649 1291 partem
1666 1227 1763 1290 quae·
1797 1216 1814 1268 5

363 1313 436 1373 stus
458 1308 560 1373 dictae
582 1308 709 1373 lodinae
730 1310 836 1393 regiae
859 1310 1015 1374 maiestati
1036 1310 1218 1393 persolvere
1240 1316 1436 1394 tenerentur,
1459 1318 1556 1395 prout
1575 1312 1718 1395 magistri
1733 1317 1765 1377 et

363 1413 499 1495 operarii
521 1412 655 1477 alianrm
676 1413 929 1477 aurifodinarum
951 1433 1084 1477 suarum
1099 1414 1176 1478 dant
1191 1421 1223 1479 et
1237 1416 1434 1499 persolvunt
1457 1414 1641 1500 Specialiter
1655 1421 1763 1482 autem

364 1516 441 1580 dicti
462 1518 605 1601 magistri
627 1537 684 1582 seu
706 1518 867 1582 urbnrsrii
890 1518 991 1582 dictae
1006 1517 1204 1583 aurifodinae
1219 1538 1297 1584 suae
1319 1525 1352 1584 et
1365 1520 1509 1585 universi
1523 1520 1646 1585 incolae
1661 1520 1764 1585 dieue

363 1621 502 1686 civitatis
525 1641 603 1686 suae
618 1620 834 1706 Oovrmbergh
856 1640 914 1686 seu
929 1620 1185 1705 Aranyasbanya
1206 1629 1337 1688 vocatae
1360 1642 1399 1688 ea
1412 1629 1567 1707 perpetua
1587 1623 1765 1707 gauderent

363 1724 518 1809 libertate,
544 1731 582 1789 ut
602 1727 672 1790 eius
693 1725 746 1791 vel
768 1726 908 1808 aliquem
930 1745 972 1791 ox
995 1728 1072 1811 ipsis
1094 1727 1228 1810 quilibet
1249 1727 1391 1791 iudicum
1414 1728 1513 1811 regni,
1535 1727 1656 1792 scilicet
1676 1728 1763 1812 pala·
1799 1733 1832 1787 10

363 1829 461 1912 tinus,
482 1829 620 1893 vaivoda
639 1828 894 1912 Transsiluanus,
917 1830 1049 1894 comites
1069 1829 1264 1913 parochiales
1286 1837 1319 1895 et
1341 1830 1392 1894 alii
1409 1831 1516 1914 quiris
1537 1831 1659 1895 iudices
1674 1831 1763 1915 regni

365 1932 461 1996 huius
483 1953 571 1997 nunc
593 1938 626 1998 et
646 1953 704 2018 pro
735 1939 879 2019 tempore
901 1934 1067 1998 constituti
1089 1951 1266 2017 eorumque
1297 1935 1383 1999 vices
1405 1939 1552 2018 gerentes
1574 1934 1608 1997 in
1631 1934 1764 2016 quibus-

363 2034 442 2099 libet
469 2037 576 2101 causis
606 2043 717 2101 contra
740 2038 906 2122 quospiam
937 2037 1026 2101 nullo
1057 2056 1212 2120 umquam
1242 2044 1384 2122 tempore
1413 2039 1555 2102 iudicare
1581 2036 1638 2102 sed
1659 2036 1764 2101 solum

364 2138 469 2223 regiae
492 2140 664 2205 maiestatis
687 2140 738 2205 vel
760 2142 874 2207 iudicis
897 2142 1003 2206 curiae
1024 2143 1130 2227 regiae
1153 2147 1257 2206 astare
1276 2146 1472 2223 tenerentur,
1494 2147 1611 2206 terram
1635 2142 1765 2224 quidem

365 2242 405 2305 ad
436 2244 645 2325 quantitatem
673 2245 770 2309 unius
800 2251 833 2309 et
862 2245 1009 2308 dimidiae
1041 2251 1144 2310 rastae
1174 2246 1317 2328 undique
1350 2246 1384 2309 in
1414 2245 1550 2309 circuitu
1579 2245 1619 2308 ad
1649 2246 1764 2309 dictam
1800 2253 1832 2306 15

365 2346 575 2410 aurifodinam
605 2368 696 2413 snam
727 2348 766 2413 de
799 2356 885 2415 terra
912 2350 952 2414 ad
981 2369 1070 2413 suam
1101 2350 1220 2432 regiam
1250 2349 1451 2414 collationem
1478 2350 1657 2432 pertinente
1690 2369 1764 2412 cum

365 2450 514 2514 omnibus
542 2451 674 2533 iuribus,
707 2452 906 2517 libertatibus
936 2458 968 2517 et
996 2453 1197 2537 pertinentiis
1228 2453 1295 2516 suis
1328 2453 1497 2536 universis,
1530 2454 1762 2518 consuetudine

365 2557 542 2616 ceterarum
571 2555 823 2620 aurifodinarum
853 2577 984 2621 suarum
1006 2558 1189 2639 requirente
1219 2557 1429 2621 commisisset
1449 2557 1610 2641 pertinere
1633 2606 1762 2623 .....

364 2674 449 2719 anno
472 2657 562 2720 verbi
583 2658 740 2723 incarnati
762 2660 928 2725 millesimo
944 2662 1166 2725 trecentesimo
1186 2661 1339 2744 vigesimo
1358 2660 1479 2742 quinto,
1503 2659 1625 2724 docimo
1649 2666 1761 2724 octavo

364 2758 524 2825 Kalendas
547 2763 664 2827 mensis
677 2762 765 2847 Iulii
788 2765 878 2848 regni
900 2770 1007 2829 autem
1030 2765 1081 2829 sui
1096 2784 1179 2829 anno
1196 2764 1340 2828 similiter
1354 2764 1508 2847 vigesimo
1532 2764 1645 2846 quinto
1661 2812 1762 2828 .....
1798 2770 1834 2826 20

441 3219 548 3291 1325
572 3218 652 3289 Jali
669 3222 733 3290 23.
766 3220 883 3311 Kdnip
901 3221 995 3292 Kcrl
1020 3220 1178 3311 occupo
1203 3219 1288 3291 iiber
1305 3218 1546 3292 Eioaodrcitea
1572 3220 1631 3292 dcc
1656 3219 1763 3293 frater

364 3338 388 3410 J
388 3361 517 3411 oannes
535 3340 628 3434 prior
646 3339 870 3435 provincialis
890 3341 1021 3414 ordinis
1034 3341 1182 3414 iratrmn
1193 3340 1423 3412 Eremitarurn
1445 3341 1559 3412 sancti
1573 3340 1764 3437 Augustini

365 3482 437 3531 una
463 3482 541 3532 eum
567 3459 674 3533 fratre
690 3460 823 3534 Joeune
849 3462 960 3557 priore
986 3462 1139 3535 eiusdem
1163 3461 1295 3534 ordinis
1322 3460 1362 3533 de
1380 3458 1553 3557 Strigonio
1575 3463 1668 3534 scine
1694 3460 1761 3532 Ur-

363 3581 476 3653 eoae
500 3585 682 3654 oon1310
710 3581 776 3653 Nr.
799 3586 880 3655 322
897 3585 968 3672 fiir
994 3585 1049 3656 die
1070 3584 1202 3656 Kircbe
1229 3582 1347 3654 beatae
1370 3581 1506 3654 Mariae
1532 3583 1573 3655 de
1590 3581 1763 3654 Deeswar.
1799 3599 1833 3653 25

443 3700 571 3775 Datum
589 3725 650 3797 per
667 3725 793 3776 manus
811 3703 950 3777 discreti
963 3704 1031 3776 viri
1051 3703 1213 3801 magistri
1223 3703 1382 3775 Andreae
1400 3702 1587 3799 praepositi
1596 3701 1762 3775 Albensis

365 3821 538 3913 ecclesiae,
572 3822 674 3895 aulae
708 3831 846 3897 nostrae
873 3824 1148 3898 vicecancellarii
1175 3824 1290 3896 dilecti
1316 3830 1350 3897 et
1374 3823 1488 3897 fidelis
1515 3823 1635 3917 nostri,
1671 3844 1763 3896 anno

366 3941 495 4013 domini
535 3942 723 4016 millesimo
762 3946 998 4018 trecentesimo
1039 3945 1207 4042 vigesimo
1247 3945 1378 4040 quinto,
1416 3944 1545 4016 decimo
1584 3943 1763 4017 Kalendas

366 4063 529 4159 Augusti,
555 4064 654 4161 mgni
681 4071 794 4138 autem
821 4067 932 4139 nostri
959 4090 1050 4139 anno
1078 4066 1242 4139 similiter
1268 4064 1432 4138 vicesimo
1458 4065 1585 4160 quinto.

520 4229 631 4283 Druck:
650 4228 737 4296 Feje
757 4229 847 4284 (lodex
863 4230 951 4299 VIII,
968 4235 994 4299 2,
1013 4235 1064 4285 615
1082 4231 1153 4286 aacb
1169 4229 1305 4285 Heoeneea'
1322 4227 1470 4283 Manasdr.
1483 4227 1589 4296 XVII,
1607 4229 1643 4282 Ε.
1654 4233 1715 4283 271.
1728 4259 1763 4269 -
1798 4230 1833 4283 30

469 4314 524 4368 Mil
541 4314 640 4369 diesem
659 4314 743 4370 Striclc
759 4316 893 4370 identiacd
916 4318 953 4371 ist
973 4318 1039 4385 jone
1062 4318 1200 4384 Urium,
1224 4317 1320 4371 welche
1338 4316 1426 4382 Fejcr
1446 4314 1536 4370 Codex
1559 4314 1647 4382 VIII,
1666 4319 1691 4383 1,
1712 4317 1765 4369 582

468 4402 591 4456 crwdbra
613 4403 673 4456 und
696 4403 778 4456 deren
802 4403 1074 4472 Intercatiensjabr
1098 4404 1198 4474 ricbtip
1222 4404 1321 4458 laum:
1347 4405 1423 4469 1326,
1447 4401 1538 4454 indm
1561 4401 1607 4455 dic
1635 4399 1765 4455 Urbande

467 4487 603 4555 stafardae
625 4488 713 4543 Jatre
736 4488 807 4543 abab
824 4491 873 4544 der
897 4494 966 4544 1310
983 4489 1116 4559 erfolptcn
1134 4488 1313 4558 Auaatcllunp
1336 4487 1385 4542 der
1408 4492 1497 4543 craten
1520 4487 1649 4542 Urbaade
1666 4486 1765 4542 Korl’a

469 4575 522 4629 den
539 4573 730 4645 Aequorum
746 4592 783 4629 au
800 4575 873 4630 Dete
890 4576 1025 4631 cerlieben
1041 4576 1153 4631 worden
1170 4575 1215 4629 ist.

1017 4852 1114 4935 439.
1798 4876 1833 4930 ao

443 5017 550 5088 1325
575 5013 713 5108 Augeat
730 5019 766 5089 2.
794 5016 873 5089 Das
898 5016 1180 5107 Weisscndargcr
1196 5016 1341 5108 Rapiat
1366 5015 1513 5106 beccapt,
1541 5015 1623 5087 dass
1638 5013 1763 5103 Jotob,

364 5129 476 5228 Apo's
502 5136 605 5226 Sota,
632 5138 707 5210 aad
730 5140 823 5211 seiae
849 5137 962 5212 86122
987 5161 1034 5211 an
1061 5136 1225 5229 Stephon,
1253 5137 1320 5211 deo
1345 5136 1490 5209 Bmdcr
1515 5158 1581 5209 ooo
1602 5128 1765 5228 Gregor's

372 5256 510 5331 Wiawe
534 5257 658 5347 Anici,
686 5262 741 5331 25
767 5259 879 5331 Mart
900 5259 1038 5350 gazami
1062 5258 1180 5333 baben

523 5406 601 5477 Θήρ.
618 5407 700 5476 Perq.
722 5404 827 5477 Unger.
845 5406 1105 5463 Notionalmascom
1122 5405 1275 5475 Badopcst.
1303 5402 1400 5474 sepa,
1423 5402 1507 5471 rand,
1524 5401 1632 5459 waiam
1655 5401 1764 5470 Waoba,

468 5508 529 5548 soor
546 5492 604 5561 cat*
615 5493 665 5549 der
682 5491 826 5549 Bdckmitc
843 5494 1033 5566 aufpcdractt.
1798 5486 1835 5543 40
