4084 6302
936 617 1091 712 *svn—

307 805 446 868 filiorum
462 806 564 889 ipsius
579 806 720 889 magistri
736 805 881 886 ladislai,
906 806 960 887 qui
978 806 1039 868 iam
1056 806 1274 884 decessissent
1298 804 1459 886 quandam
1474 804 1710 888 possessionem

308 929 419 972 corum
436 908 606 992 Kugtolwa
628 916 771 973 vocatam
796 910 828 972 in
852 910 1004 973 comitatu
1019 909 1150 973 Albensi
1171 910 1374 989 existentem,
1399 926 1481 990 quae
1496 927 1553 992 pro
1577 908 1712 972 emenda

308 1019 340 1076 et
363 1013 530 1076 homicidio
553 1014 695 1077 eiusdem
711 1013 857 1095 limerioi,
874 1015 929 1096 qui
946 1014 977 1076 in
999 1013 1202 1097 expeditione
1217 1012 1365 1075 Rassciae
1380 1030 1437 1095 per
1452 1012 1492 1075 ad
1507 1010 1710 1096 magnificum

309 1118 414 1180 virum
425 1117 575 1180 Thomam
589 1119 757 1182 vaivodam
768 1118 1028 1182 'lbanssiluanum
1045 1117 1250 1200 pertinentes,
1266 1136 1342 1180 casu
1354 1116 1488 1180 fortuitu
1500 1117 1711 1200 interemptus

255 1229 271 1279 5
308 1221 491 1301 exstitisset,
522 1228 586 1285 tam
616 1241 673 1305 per
702 1222 900 1286 collationem
932 1221 1059 1303 regiam,
1092 1240 1186 1302 quarn
1218 1240 1275 1304 per
1304 1219 1536 1284 ordinationem
1566 1219 1711 1285 eiusdem

306 1324 443 1389 Thomae
467 1326 629 1405 vaivodae,
653 1326 692 1389 ad
708 1326 793 1408 ipsos
809 1324 960 1388 devoluta
975 1325 1096 1395 luisset
1119 1330 1151 1387 et
1166 1343 1234 1387 eam
1256 1343 1359 1406 usque
1375 1325 1468 1388 modo
1484 1324 1711 1409 possedIssent,

308 1429 470 1512 praedicto
493 1430 633 1513 capitulo
656 1429 807 1493 ecclesiae
821 1428 1064 1492 Transsiluauae
1087 1434 1252 1492 eteorum
1276 1429 1514 1493 successoribus
1537 1425 1548 1510 [
1653 1427 1710 1512 lt¹l

308 1531 480 1607 dedissent,
503 1534 713 1597 contulissent
736 1538 768 1597 et
790 1533 882 1597 titulo
903 1533 1083 1596 donationis
1105 1532 1305 1596 tradiderunt
1326 1550 1433 1597 coram
1455 1533 1557 1616 nobis,
1579 1552 1617 1598 eo
1640 1534 1711 1599 iure

308 1639 340 1697 et
362 1634 502 1698 dominio
525 1656 562 1698 ac
585 1636 645 1699 sub
668 1637 786 1700 eisdem
812 1637 912 1713 metis,
936 1635 1079 1700 terminis
1106 1641 1138 1699 et
1160 1635 1267 1719 signis,
1299 1655 1363 1717 quo
1386 1643 1419 1701 et
1440 1637 1500 1701 sub
1523 1637 1642 1719 quibus
1664 1641 1711 1702 te-

240 1748 272 1799 ld
311 1740 456 1803 ruissent
478 1748 510 1802 et
532 1740 754 1824 possedissent
778 1759 938 1803 unacum
969 1739 1117 1803 omnibus
1140 1739 1299 1803 fructibus
1321 1760 1358 1803 ac
1381 1738 1601 1826 quibusllibet]
1624 1740 1710 1807 utili·

308 1843 427 1907 tatibus
450 1845 526 1923 suis,
549 1844 699 1909 videlicet
721 1844 814 1908 terris
836 1843 1018 1925 arabilibus,
1041 1845 1139 1924 silvis,
1166 1845 1273 1927 pratis,
1296 1844 1389 1925 aquis
1412 1850 1444 1908 et
1466 1845 1651 1910 nemoribus
1673 1862 1711 1911 ac

309 1948 403 2010 etiam
421 1948 611 2012 molendinis
623 1955 655 2012 et
666 1949 796 2031 piscinis
807 1956 961 2032 perpetuo
977 1955 1009 2014 et
1020 1947 1157 2033 pacefice
1173 1968 1209 2012 ac
1224 1947 1476 2012 irrevocabiliter
1486 1947 1710 2031 possidendam

307 2052 472 2134 peniteret
487 2051 663 2116 habendam
680 2049 704 2133 t[
809 2042 852 2137 Ρ)
872 2058 975 2118 totum
991 2054 1042 2116 ius
1061 2052 1194 2115 dominii
1212 2051 1411 2136 proprietarii
1426 2051 1570 2116 eiusdem
1585 2070 1710 2135 posses·

309 2154 407 2218 sionis
422 2154 455 2218 iu
471 2156 557 2239 ipsos
573 2156 747 2239 capitulum
764 2157 914 2222 ecclesiae
925 2156 1168 2220 Traussiluanae
1184 2161 1216 2219 et
1230 2174 1306 2219 suos
1322 2174 1531 2239 successores,
1546 2161 1709 2237 tamquam

242 2266 273 2318 15
310 2276 404 2322 veros
427 2258 573 2323 dominos
603 2266 635 2323 et
656 2259 814 2342 legitimos
835 2280 1044 2344 possessores,
1070 2259 1148 2322 nihil
1171 2259 1229 2322 sibi
1253 2260 1330 2342 ipsis
1352 2266 1385 2323 et
1406 2278 1518 2323 eorum
1539 2258 1710 2325 heredibus

307 2358 480 2442 nn[iversis
510 2362 724 2447 reservalntes
753 2363 953 2446 possessione
983 2364 1015 2425 in
1039 2364 1149 2427 eadem
1180 2369 1213 2428 et
1234 2364 1460 2427 renunciantes
1481 2363 1615 2447 insuper
1642 2381 1710 2428 om·

308 2465 403 2529 uibus
425 2466 661 2530 conditionibus
692 2474 724 2530 et
746 2467 998 2550 exceptionibus
1029 2486 1111 2549 quae
1135 2464 1193 2552 [in]
1225 2468 1428 2532 donationem
1451 2467 1514 2530 iam
1536 2487 1556 2531 a
1577 2468 1710 2552 seipsis

307 2568 421 2632 iactam
437 2571 696 2634 contravenirent
707 2578 763 2635 aut
778 2573 999 2635 contravenire
1014 2579 1150 2655 possunt
1163 2591 1293 2653 quoquo
1312 2571 1415 2635 modo.
1438 2572 1650 2637 Assumentes
1665 2567 1711 2654 [et

307 2672 483 2757 obligantes
506 2674 551 2758 se]
575 2694 740 2739 orreorum
756 2675 963 2758 beneplacito,
986 2676 1069 2739 idem
1092 2675 1267 2759 capitulum
1284 2696 1342 2740 seu
1364 2676 1534 2740 canonicos
1557 2675 1710 2743 ecelesiae

237 2788 272 2841 20
306 2777 548 2842 Traussiluauae
564 2778 597 2840 in
612 2778 743 2862 pacifico
759 2779 899 2842 dominio
915 2780 1093 2863 praedictae
1109 2780 1320 2863 possessionis
1334 2778 1504 2862 Kugiolwa
1518 2797 1710 2847 conservare

306 2888 338 2945 et
353 2880 392 2945 ab
409 2882 557 2945 omnibus
572 2882 826 2964 inquietantibus
848 2902 906 2947 seu
922 2884 1037 2964 quovis
1058 2883 1152 2946 modo
1168 2882 1336 2947 molestare
1350 2883 1533 2949 volentibus
1549 2881 1561 2966 [
1665 2883 1708 2969 Γ)

306 2985 479 3049 abeodem
503 2986 655 3050 Michaele
678 2986 743 3049 filio
767 3006 826 3049 suo
856 2986 993 3069 propriis
1024 2984 1186 3049 laboribus
1217 2991 1249 3049 et
1271 2987 1421 3070 expensis
1443 3005 1501 3071 per
1523 2989 1631 3053 omnia
1652 3007 1709 3054 ex·

307 3090 422 3172 pedire.
446 3089 487 3153 Et
511 3098 547 3154 ut
569 3090 640 3153 talis
656 3091 784 3153 donatio
808 3091 867 3172 ipsi
892 3090 1043 3154 ecclesiae
1056 3089 1300 3153 Transsiluunae
1315 3090 1485 3155 salubriter
1500 3091 1584 3155 iacta
1595 3091 1709 3157 incon-

306 3214 400 3257 cussa
415 3203 598 3278 perseveret
610 3213 667 3257 nec
684 3194 749 3257 ullo
766 3213 917 3275 umquam
934 3201 1076 3278 tempore
1091 3213 1148 3277 per
1161 3191 1367 3278 quemlpiam]
1385 3195 1418 3258 in
1429 3200 1595 3278 posterum
1608 3195 1710 3278 possit

238 3306 271 3358 25
308 3298 341 3360 in
364 3298 489 3360 irritum
513 3300 653 3361 revocari
670 3304 703 3362 et
724 3298 897 3379 retractavi,
920 3304 1103 3381 praesentes
1125 3299 1342 3362 concessimus
1364 3298 1471 3363 literas
1485 3297 1708 3384 privilegiatos,

306 3402 476 3483 pendentis
498 3402 592 3485 sigilli
608 3403 708 3466 nostri
726 3402 901 3466 munimine
924 3401 1088 3466 roboratas
1110 3408 1143 3465 et
1157 3401 1323 3485 alphabeto
1339 3402 1513 3466 intercisas.
1540 3401 1660 3467 Datum
1673 3403 1708 3469 in

306 3506 427 3568 ‹votavis
443 3506 617 3569 nativitatis
634 3506 765 3588 virginis
780 3506 944 3589 gloriosae,
964 3524 1048 3569 auno
1065 3505 1183 3568 domini
1207 3483 1248 3568 li.
1272 3483 1356 3570 006.
1379 3484 1490 3570 XXX.
1505 3526 1599 3572 nouo.
1622 3502 1710 3590 D[is·

305 3609 400 3672 rrotis
420 3609 497 3671 viris
511 3609 661 3672 cardinali
680 3609 857 3672 Bortraudo
872 3609 1074 3693 praeposita]
1099 3608 1242 3672 ladislao
1263 3609 1390 3691 lectore,
1406 3610 1551 3694 Philippo
1567 3618 1707 3695 cantore,

308 3712 400 3775 Petro
431 3713 563 3776 custode
593 3713 730 3776 dominis
760 3721 792 3777 et
822 3713 979 3796 magistris
1008 3713 1170 3777 canonicis
1199 3713 1351 3778 ecclesiae
1380 3720 1508 3779 nostrae
1537 3713 1709 3781 salubriter

236 3825 271 3879 30
306 3817 526 3880 existentibus.

963 4111 1054 4194 551.

390 4291 593 4383 Wisseprud
619 4296 723 4363 1340
748 4293 891 4363 Jonuor
917 4300 950 4361 9.
978 4292 1098 4383 Kdnr'p
1126 4292 1218 4363 Korl
1244 4293 1403 4384 besldtipt
1431 4293 1602 4365 Mkotuua
1624 4291 1708 4368 Woa

304 4415 378 4484 ond
394 4415 512 4486 dmeen
530 4413 648 4486 urben
666 4415 704 4485 in
722 4415 798 4485 derra
817 4413 935 4485 Besita
952 4437 1016 4485 oon
1035 4412 1295 4505 Saentpotbord,
1329 4412 1444 4505 Caspe,
1464 4413 1706 4505 Ssdsmaidrda

304 4535 378 4606 aad
404 4533 601 4607 Saentivdn.

235 4682 268 4733 35
461 4682 573 4736 Druck:
592 4681 687 4735 Hosui
706 4682 850 4735 otlerdltdr
866 4686 918 4735 221
937 4682 1008 4736 auct
1024 4683 1085 4736 dcto
1105 4680 1181 4751 Θήρ.
1200 4682 1281 4750 Pery.
1301 4680 1403 4735 Arabio
1420 4682 1469 4736 der
1488 4681 1598 4748 Grasea
1614 4681 1707 4751 Voss,

410 4768 499 4837 Carpe.
520 4768 677 4837 Rinpaiepal
695 4785 754 4821 soor
765 4769 822 4836 auf
835 4769 883 4821 der
897 4768 1040 4822 Rdcbuoitc
1052 4767 1240 4838 caspedrilokt.
1250 4799 1284 4807 —
1294 4766 1359 4821 Stet
1375 4768 1420 4823 dio
1437 4767 1567 4823 Urkunds
1578 4767 1633 4823 Nr.
1644 4770 1707 4825 662.

459 4941 551 5027 [Nlos
560 4944 580 5021 ¹)
604 4943 741 5007 Karolus
764 4943 815 5007 dei
836 4945 938 5027 gratia
960 4964 1018 5008 rex
1033 4944 1218 5028 Hungariae
1242 4942 1458 5026 significamus
1481 4950 1592 5009 tenore
1614 4963 1707 5029 prae·

303 5048 443 5111 sentium
468 5047 585 5129 quibus
603 5046 733 5131 expedit
748 5048 908 5113 universis
931 5049 1101 5113 memoriae
1116 5047 1384 5130 commendantes,
1409 5048 1496 5131 quod
1519 5048 1596 5131 quia
1617 5052 1706 5133 time,

303 5151 430 5232 quando
454 5170 561 5215 comes
576 5150 728 5214 Nicolaus
749 5151 855 5214 dictus
871 5150 938 5214 Vos
961 5151 1061 5216 maior
1081 5152 1236 5216 sinceram
1252 5157 1285 5216 et
1306 5150 1499 5216 laudabilem
1519 5149 1705 5217 fidelitatem

232 5321 267 5375 40
458 5324 479 5391 ¹)
497 5321 589 5376 Lacte
605 5328 624 5376 2
643 5321 802 5377 &alimoto
819 5320 897 5375 broit.

458 5412 480 5477 ¹)
499 5409 589 5462 mtto
606 5413 651 5463 ee
671 5407 838 5462 masmar.

456 5495 479 5563 ⁸)
497 5494 590 5550 Mora
606 5496 657 5562 ἰῶν
675 5495 708 5549 Ν
722 5495 776 5550 laer
792 5495 924 5563 pdavrea
