4084 6302
968 625 1122 720 goe—

1006 831 1094 913 516.

420 995 528 1066 1335
544 994 636 1066 Jum·
653 996 718 1066 25.
747 994 825 1066 Das
850 993 1131 1086 Weissenburper
1147 996 1293 1087 Kopitel
1310 997 1455 1087 decerpi,
1476 998 1556 1068 dass
1576 997 1745 1069 Nikolous

344 1117 407 1188 cler
432 1116 570 1188 Acltere
603 1116 678 1188 aad
712 1117 823 1207 eioipe
850 1117 960 1188 ardre
990 1116 1132 1188 Glieder
1158 1119 1221 1188 der
1251 1118 1401 1188 Fomilie
1435 1116 1537 1188 Woss
1563 1120 1636 1190 sich
1669 1142 1745 1191 oer-

339 1237 496 1328 pflichtet
521 1237 639 1324 hohen,
679 1235 849 1309 Nikolaos
876 1239 942 1308 deo
967 1238 1148 1328 thopereo
1184 1239 1256 1308 aad
1282 1239 1400 1310 desem
1427 1240 1546 1310 Erhen
1573 1240 1610 1310 io
1635 1240 1745 1310 ihrem

344 1357 464 1430 Besits
488 1358 583 1430 nieht
608 1380 652 1429 zu
677 1363 802 1430 stiren.
1781 1378 1797 1428 o

500 1521 612 1575 Dmclt:
631 1521 727 1575 Huzai
745 1520 890 1575 ohleoiltdr
907 1525 963 1576 207
978 1522 1049 1576 nodi
1066 1522 1126 1576 dem
1147 1522 1223 1591 Orip.
1243 1524 1323 1592 Perp.
1343 1524 1445 1577 Archiv
1463 1523 1512 1577 der
1532 1524 1640 1592 Grafen
1664 1524 1746 1577 Waeo

451 1608 540 1679 Oropo.
559 1607 648 1678 Siepel
665 1609 721 1676 auf
734 1609 783 1662 der
801 1608 944 1663 Rhckaeitc
963 1608 1151 1678 aufprdrrtctt.

500 1783 568 1847 Nos
603 1783 778 1867 capitulum
816 1784 966 1847 ecclesiae
998 1784 1242 1849 Transsiluanae
1279 1786 1450 1849 memoriae
1486 1785 1746 1849 commendantes

347 1894 459 1952 tenore
481 1885 697 1970 praesentium
720 1885 935 1971 significemus
959 1887 1077 1969 quibus
1099 1888 1229 1971 expedit
1249 1889 1417 1970 universis
1441 1890 1528 1971 quod
1550 1889 1588 1951 ad
1605 1896 1745 1952 nostram

346 1991 534 2055 aecedentes
556 1991 767 2074 praesentiam
790 1990 913 2054 nobiles
930 1993 991 2054 riri
1014 1990 1163 2054 videlicet
1177 1991 1328 2055 Nicolaus
1344 1993 1449 2055 dietus
1467 1993 1533 2056 Uos
1556 1995 1656 2056 maior
1671 2014 1744 2056 cum
1783 1998 1816 2050 10

346 2094 420 2159 filiis
442 2094 589 2159 Johaune
612 2101 645 2159 et
665 2094 820 2175 Ladislaq
852 2097 929 2159 item
951 2095 1094 2177 Michael‚
1128 2095 1288 2176 Nicolaus‚
1310 2096 1444 2159 Thomas
1475 2104 1507 2159 et
1528 2097 1669 2160 Jacobus
1690 2096 1746 2160 filii

348 2198 460 2263 Jacobi
474 2198 531 2262 filii
548 2198 673 2282 Choma,
689 2199 766 2263 item
781 2198 955 2279 Ladislaus
970 2199 1134 2263 lohannes
1150 2200 1254 2263 dictus
1270 2201 1383 2281 thyl
1407 2199 1611 2271 Laureuoius.
1631 2200 1746 2263 Petrus

347 2301 453 2367 Rufus
476 2303 589 2386 dietus,
611 2303 746 2367 Thomas
760 2303 866 2367 Rufus
888 2308 921 2367 et
935 2302 1042 2366 Deseu
1064 2302 1122 2366 filii
1143 2303 1300 2367 Iohannis
1322 2304 1379 2367 filii
1394 2304 1484 2366 Emic
1508 2304 1546 2367 ah
1571 2325 1635 2368 una
1649 2312 1747 2387 parte,

347 2407 424 2471 item
446 2407 597 2490 magister
618 2407 771 2472 Nicolaus
793 2407 898 2471 dictus
920 2407 988 2470 Uos
1011 2407 1115 2469 minor
1137 2413 1226 2489 parte
1249 2407 1288 2469 ab
1311 2407 1411 2471 altera
1432 2427 1539 2470 coram
1562 2409 1654 2472 nobis
1676 2428 1747 2492 per-

347 2510 499 2575 sonaliter
525 2512 699 2588 constituti,
721 2511 805 2574 idem
820 2511 972 2574 Nicolaus
995 2512 1099 2575 dictus
1119 2512 1187 2574 Uos
1209 2531 1282 2573 cum
1306 2512 1367 2573 iam
1391 2513 1562 2575 nominatis
1583 2512 1657 2575 filiis
1679 2514 1747 2576 suis
1785 2519 1818 2569 15

345 2614 493 2678 Iohanne
524 2634 560 2677 ae
582 2613 737 2695 Ladisle0‚
769 2615 844 2678 item
867 2614 1029 2695 Michaele,
1060 2615 1200 2695 Nicolaq
1230 2615 1349 2677 Thema
1379 2622 1411 2677 et
1432 2615 1552 2679 Jacobo
1583 2615 1656 2678 filiis
1685 2616 1747 2678 iam

348 2719 423 2782 dicti
452 2718 565 2782 Jacobi
595 2718 652 2781 filii
682 2716 808 2797 Choma,
843 2719 919 2781 item
949 2719 1011 2781 iam
1042 2719 1117 2781 dieti
1148 2719 1261 2781 fratres
1285 2719 1400 2781 uterini
1435 2718 1576 2781 eiusdem
1607 2720 1746 2801 magistri

347 2823 470 2887 Nicolai
500 2823 576 2886 dicti
597 2822 667 2887 Uos
689 2823 829 2905 minoris,
860 2828 1037 2886 asserentes
1069 2823 1261 2885 unanimiter
1292 2823 1359 2906 pari
1390 2828 1465 2885 roto
1497 2822 1625 2885 oraculo
1656 2824 1748 2885 rivae

348 2927 436 2991 vocis
459 2932 535 2991 sunt
557 2926 702 3008 confessi,
727 2926 813 3008 quod
838 2926 914 3008 quia
935 2927 969 2987 in
985 2931 1088 2988 oestro
1104 2924 1278 2989 Heltheuin
1301 2926 1429 2989 domino
1453 2933 1562 2989 nostro
1586 2928 1653 3009 regi
1675 2946 1749 2990 oum

347 3030 513 3114 sauguinis
535 3030 688 3094 effiisione
711 3036 744 3094 et
765 3036 867 3093 morte
890 3031 1110 3112 proximorum
1127 3028 1268 3092 fidelium
1292 3031 1500 3094 servientium
1516 3050 1648 3093 suorum
1670 3028 1748 3093 fide·
1784 3035 1820 3089 20

346 3134 468 3199 lissima
498 3133 680 3198 exhibuerit
709 3135 840 3198 servitis
870 3141 903 3198 et
933 3135 1009 3216 quia
1041 3153 1100 3196 nos
1129 3134 1263 3197 interest
1289 3134 1412 3198 nobiles
1440 3134 1529 3216 regui
1560 3134 1720 3197 honestari
1728 3133 1749 3209 ¹)

349 3240 503 3321 volentes
534 3238 622 3320 quod
644 3257 663 3301 a
686 3238 767 3301 detis
790 3240 1005 3322 praesentium
1030 3239 1186 3321 quidquid
1209 3258 1228 3300 a
1258 3238 1385 3301 domino
1409 3258 1484 3322 rege
1507 3237 1559 3302 rel
1581 3258 1600 3301 o
1621 3238 1749 3302 domiuo

348 3343 486 3407 vairoda
507 3343 652 3406 invenire
675 3349 732 3406 aut
753 3343 923 3427 impetrare
944 3343 1092 3426 potuerit
1115 3343 1256 3425 ipsorum
1273 3342 1451 3424 portionem
1474 3342 1577 3425 eidem
1600 3343 1749 3426 magistro

348 3447 479 3512 Nicolso
503 3452 535 3510 et
557 3446 624 3510 suis
645 3445 816 3509 heredibus
839 3446 1058 3527 heredumque
1080 3466 1211 3509 suorum
1236 3445 1474 3509 successorihus
1496 3444 1624 3527 penitus
1647 3450 1679 3509 et
1693 3464 1751 3528 per

349 3550 456 3613 omnia
478 3548 678 3630 reliquerunt
709 3569 814 3612 eoram
848 3548 948 3628 nobis
980 3549 1066 3632 quod
1096 3555 1132 3611 ut
1155 3550 1258 3612 omnis
1281 3549 1364 3611 livor
1386 3548 1560 3611 discordiae
1583 3548 1622 3610 de
1646 3548 1749 3611 medio
1785 3554 1820 3606 25

349 3655 491 3736 ipsorum
516 3652 711 3735 exstirpetur
729 3659 767 3715 ²et
789 3653 993 3736 pulchritudo
1018 3654 1104 3736 pacis
1126 3652 1280 3735 glorietur
1310 3659 1398 3715 etse
1421 3652 1550 3715 tratrem
1573 3652 1750 3715 dilectionis

350 3755 466 3820 affeetu
489 3755 635 3839 amplecti
666 3758 788 3839 possint
818 3764 850 3821 et
872 3759 1008 3820 valeant.
1047 3755 1237 3841 Obligaruut
1267 3775 1301 3819 se
1324 3775 1430 3818 coram
1454 3755 1545 3818 nobis
1568 3755 1624 3818 tali
1646 3755 1750 3835 modo,

351 3861 438 3941 quod
462 3840 657 3941 quicumque
689 3865 745 3924 aut
775 3880 881 3924 coram
905 3863 1020 3941 queris
1043 3860 1148 3923 iudice
1171 3861 1230 3943 ipsi
1257 3867 1314 3923 aut
1334 3861 1475 3942 ipsorum
1501 3859 1633 3923 heredes
1655 3879 1752 3943 super

350 3969 509 4047 praetacta
531 3964 677 4047 portione
708 3964 830 4047 litigare
861 3966 1041 4028 niterentur
1072 3970 1183 4027 contra
1205 3963 1341 4027 eundem
1374 3963 1559 4045 magistrum
1583 3962 1750 4026 Nicolaum

351 4074 408 4131 aut
430 4088 506 4131 suos
529 4067 669 4151 heredes
701 4071 769 4132 sino
792 4069 939 4152 portione
961 4069 1075 4132 iudicis
1098 4087 1232 4151 poenam
1256 4075 1384 4130 centum
1408 4085 1584 4129 marearum
1609 4067 1750 4129 incurrat
1786 4073 1822 4126 30

350 4191 388 4236 eo
412 4172 503 4235 laeto.
526 4171 646 4236 Datum
661 4173 696 4234 in
711 4173 849 4235 crastino
867 4171 951 4235 beati
961 4172 1118 4236 Johonnis
1134 4171 1277 4254 apostoli,
1300 4191 1384 4234 anuo
1402 4170 1520 4233 domiui
1536 4169 1585 4233 Μ0
1601 4168 1641 4232 0⁰
1656 4168 1696 4232 0⁰
1712 4168 1752 4232 0⁰

350 4275 510 4339 tricesimo
535 4276 656 4357 quinto.

1011 4552 1096 4634 517.

429 4734 538 4806 1335
562 4733 642 4806 Jali
670 4738 703 4806 4.
732 4732 810 4806 Dos
842 4732 1123 4824 Weissenborper
1148 4732 1294 4824 Kapitel
1319 4734 1465 4823 bercarii,
1493 4733 1574 4804 dass
1599 4732 1751 4817 Johaaa,

351 4854 411 4927 des
437 4855 538 4929 Boo
562 4856 693 4928 Mirari
720 4854 822 4943 Solio,
851 4856 907 4927 die
933 4855 1010 4926 dem
1036 4855 1233 4945 Belproder
1258 4854 1412 4942 Brochof
1422 4854 1554 4925 Paulus
1579 4854 1754 4943 schuldipe
1788 4868 1823 4922 so

351 4972 491 5049 &mure
525 5000 573 5049 oo
608 4977 727 5050 moen
762 4975 947 5064 Vertreter,
985 4975 1092 5047 Prior·
1118 4974 1272 5066 Ampelos
1307 4999 1371 5047 ooo
1397 4975 1489 5046 Deis
1525 4974 1656 5046 herahlt
1682 4974 1751 5045 hot.

510 5140 587 5211 Θήρ.
600 5140 680 5210 Perp.
704 5140 808 5209 Uopor.
821 5139 1029 5193 Laodesorchiv
1041 5138 1193 5208 Bodapcsl.
1212 5137 1307 5208 Siepcl,
1321 5140 1404 5206 ruod,
1421 5138 1618 5192 Dorehmeoeer
1632 5141 1649 5191 4
1664 5136 1753 5192 Oculi·

455 5232 545 5294 meter,
563 5241 623 5280 war
640 5226 673 5280 in
689 5224 797 5280 tedesco
820 5225 921 5280 Wacha
939 5225 996 5292 aus
1010 5225 1059 5279 der
1077 5225 1220 5279 Eucherio
1238 5225 1426 5295 hasparuch.

507 5346 621 5402 Dmclt:
639 5346 726 5413 rejer
747 5345 838 5401 codix
860 5346 948 5412 VIII,
967 5345 1324 5415 4,132.Korrh1aparia
1344 5347 1368 5411 I,
1387 5349 1446 5399 184.

509 5502 530 5572 ¹)
552 5500 686 5572 Voclape:
703 5502 860 5557 honestavit
