4086 6300
982 623 1137 719 *434-

357 812 617 896 procuratoribus
639 812 718 876 inibi
740 812 954 877 existentibus
976 832 1033 896 per
1053 813 1216 897 proprium
1239 814 1395 877 nuncium
1410 816 1480 879 sine
1495 815 1646 879 dilatione
1662 816 1758 899 signi-

356 915 452 980 ficare
485 917 733 1000 assumpsissent
767 937 803 981 ac
838 937 944 981 coram
976 917 1068 981 nobis
1098 924 1348 1001 assumpserunt,
1382 925 1414 982 et
1436 919 1590 1003 praedicti
1612 919 1758 1001 Myehael

357 1019 498 1084 decanus
528 1025 561 1084 et
582 1020 746 1085 lohannes
775 1020 931 1104 plebanus
961 1040 1093 1084 suarum
1123 1023 1414 1105 procuratoriarum
1444 1025 1563 1087 virtute
1595 1029 1627 1087 et
1649 1023 1758 1106 rigore

358 1123 490 1188 subnixi
519 1124 590 1188 vice
620 1129 653 1188 et
681 1124 811 1188 nomine
841 1125 1060 1188 universitatis
1090 1124 1300 1207 plebanorum
1330 1126 1503 1190 decanatus
1534 1126 1573 1190 de
1596 1126 1699 1191 Sebus
1725 1147 1759 1192 se

356 1228 445 1312 ipsos
467 1233 500 1292 et
520 1227 674 1311 plebanos
696 1228 874 1311 praedictos
896 1229 1065 1292 universos
1088 1234 1120 1291 et
1135 1229 1278 1311 singulos
1294 1230 1333 1292 ad
1348 1232 1481 1312 gratiam
1498 1236 1530 1295 et
1545 1230 1758 1295 obedientiam
1794 1238 1810 1289 5

358 1331 510 1415 praedicti
523 1333 663 1415 episcopi
674 1331 899 1414 Transsiluani,
912 1336 1074 1414 tamquam
1090 1351 1201 1396 eorum
1214 1333 1382 1397 diocesano
1395 1324 1541 1415 debitam,
1553 1333 1758 1417 reflexerunt,

357 1435 567 1500 reddiderunt
599 1455 636 1499 ac
670 1435 901 1517 submiserunt,
935 1441 967 1499 et
1000 1456 1076 1500 suos
1107 1456 1230 1500 errores
1259 1444 1522 1520 recognoscentes
1550 1439 1583 1500 in
1605 1438 1758 1521 pristinae

358 1540 445 1624 pacis
466 1539 660 1624 praesidium
684 1540 850 1604 veritatem
872 1560 909 1604 ac
932 1539 1134 1603 dilectionem
1156 1546 1357 1605 remanentes
1373 1560 1503 1605 censum
1521 1560 1651 1623 quoque
1666 1560 1756 1624 prae-

358 1644 443 1709 dicto
466 1644 604 1728 capitulo
627 1644 778 1708 ecclesiae
793 1644 1036 1707 Transsiluanae
1051 1642 1090 1707 ab
1107 1664 1217 1708 eorum
1234 1644 1376 1707 ecclesiis
1392 1645 1533 1708 debitum
1550 1645 1619 1708 sine
1635 1651 1761 1708 contra-

359 1749 497 1813 dictione
514 1747 656 1831 qualibet
675 1749 750 1812 dare
770 1753 802 1812 et
815 1747 998 1831 persolvere
1015 1767 1051 1810 ac
1066 1748 1236 1830 assignare,
1259 1754 1357 1831 prout
1371 1748 1410 1812 ab
1426 1749 1559 1830 anhquo
1576 1747 1759 1830 debebatur,
1796 1755 1830 1810 10

359 1858 603 1937 assumpserunt
625 1856 657 1916 et
679 1871 773 1936 saepe
796 1852 915 1915 dictum
938 1851 1113 1935 capitulum
1136 1852 1287 1916 ecclesiae
1302 1852 1545 1916 Transsiluanae
1566 1853 1599 1915 in
1623 1852 1759 1916 solidum

358 1958 411 2021 ius
444 1957 640 2041 percipiendi
673 1958 885 2020 restituerunt
918 1956 1013 2039 pleno
1042 1956 1119 2019 iure.
1155 1954 1241 2032 Quas
1271 1958 1529 2041 recognitionem,
1560 1957 1760 2037 revisionem,

360 2060 577 2143 reflexionem,
614 2060 868 2143 submissionem,
906 2061 1139 2124 restitutionem
1174 2060 1327 2143 praedicti
1361 2061 1490 2125 discreti
1522 2062 1584 2124 viri
1618 2061 1761 2145 magistri

360 2165 563 2247 Benedictus,
585 2164 720 2229 Thomas
735 2164 935 2247 praepositus
957 2169 990 2227 et
1004 2164 1130 2228 Bulobu
1153 2164 1394 2228 archidiaconus
1417 2165 1456 2229 de
1472 2165 1621 2229 Zothmar
1642 2165 1762 2228 virtute

361 2269 653 2354 procuratoriarum
686 2268 756 2331 vice
789 2287 827 2331 ac
858 2268 989 2331 nornine
1019 2268 1121 2350 ipsius
1151 2269 1271 2331 domini
1301 2268 1440 2352 episcopi
1471 2267 1621 2332 ecclesiae
1647 2267 1762 2331 lhans·
1797 2278 1830 2331 15

361 2372 504 2437 siluanae
534 2377 567 2437 et
588 2372 719 2456 capituli
742 2371 885 2436 eiusdem
908 2372 1058 2435 ecclesiae
1081 2391 1188 2435 coram
1210 2372 1302 2436 nobis
1325 2371 1481 2437 benevole
1503 2376 1709 2455 acceptarunt
1730 2377 1763 2435 et

361 2477 447 2561 ipsos
476 2475 631 2561 plebanos
661 2477 828 2540 universos
857 2480 889 2539 et
914 2475 1058 2559 singulos
1080 2476 1114 2538 in
1137 2478 1244 2539 sinum
1267 2481 1298 2539 et
1320 2478 1452 2559 gratiam
1476 2475 1626 2539 ecclesiae
1648 2475 1762 2539 Trans-

363 2579 506 2644 siluanae
528 2580 665 2662 gratiose
687 2584 938 2663 assumpserunt.
961 2579 1007 2643 Ut
1029 2585 1136 2643 autem
1155 2584 1220 2642 tarn
1236 2579 1377 2643 solennis
1392 2580 1563 2663 stipulatio,
1586 2580 1761 2662 assumptio

363 2684 511 2768 superius
523 2688 674 2747 annotata
688 2687 861 2767 perpetuae
873 2682 1045 2747 duraturae
1061 2690 1276 2767 permaneant,
1288 2690 1394 2766 partes
1409 2703 1522 2747 eorum
1537 2683 1629 2747 nobis
1641 2683 1762 2765 modos,

362 2787 579 2870 obligationes,
601 2806 721 2871 poenas
742 2787 822 2850 tales
845 2793 1098 2872 assumpserunt,
1120 2793 1299 2871 posuerunt
1315 2794 1347 2851 et
1360 2788 1598 2868 interiecerunt,
1620 2787 1761 2872 primum
1796 2794 1831 2849 20

363 2893 440 2974 quia
469 2909 585 2955 census
607 2890 662 2954 tali
684 2889 779 2953 modo
803 2890 991 2973 exigebatur
1014 2891 1053 2955 ab
1076 2910 1186 2955 eorum
1210 2891 1351 2973 ecclesia,
1383 2891 1470 2973 quod
1492 2896 1681 2975 procurator
1702 2909 1761 2954 seu

362 2996 503 3060 nuncius
525 2994 656 3078 capituli
677 2994 718 3057 ad
740 2994 904 3078 parochias
927 2995 1127 3079 singulorum
1150 2995 1359 3078 plebanorum
1375 2995 1530 3058 accedens
1544 3014 1603 3079 per
1618 2994 1762 3058 ordinem

361 3099 455 3164 villae
478 3099 584 3163 eundo
607 3118 718 3163 omnes
739 3099 880 3182 hospites
902 3104 935 3162 et
955 3098 1131 3181 inquilinos
1141 3098 1161 3177 1)
1184 3117 1241 3182 per
1262 3099 1351 3162 iocos
1367 3099 1491 3163 dicabat
1513 3104 1546 3163 et
1561 3118 1581 3161 a
1595 3099 1764 3182 sexaginta

362 3204 441 3268 focis
471 3203 582 3268 dicatis
608 3207 641 3267 et
661 3203 796 3286 repertis
817 3202 972 3286 plebanus
995 3202 1090 3266 villae
1113 3202 1257 3266 eiusdem
1278 3222 1376 3266 unam
1399 3222 1537 3266 marcam
1559 3201 1617 3266 fini
1639 3202 1763 3286 argenti

362 3307 513 3392 ponderis
542 3305 702 3370 Budensis
735 3306 886 3388 solvebat,
918 3312 950 3370 et
978 3305 1066 3388 qnod
1097 3306 1149 3370 vel
1180 3307 1306 3389 quoties
1336 3307 1503 3390 sexaginta
1531 3307 1593 3370 foci
1623 3307 1657 3370 in
1686 3306 1764 3370 villa
1797 3313 1832 3368 25

363 3411 613 3496 reperiebantur,
634 3409 791 3494 plebanus
813 3428 871 3473 seu
892 3414 998 3473 rector
1021 3410 1172 3475 ecclesiae
1195 3411 1338 3475 eiusdem
1361 3410 1456 3474 villae
1478 3415 1525 3474 tot
1544 3431 1666 3475 marcas
1689 3430 1763 3475 cum

362 3516 523 3600 praedicto
552 3514 694 3599 pondere
724 3513 849 3577 solvere
881 3513 1059 3596 tenebatur,
1090 3514 1151 3578 hoc
1180 3519 1287 3597 partes
1314 3515 1418 3579 taliter
1441 3532 1475 3578 se
1497 3519 1637 3578 mutasse
1660 3520 1693 3579 et
1712 3534 1763 3579 re·

363 3618 516 3682 formasse
539 3623 616 3681 sunt
638 3617 775 3681 confessi
798 3621 830 3680 et
852 3636 959 3680 coram
981 3616 1074 3681 nobis
1097 3617 1202 3681 taliter
1223 3623 1433 3682 mutaverunt
1451 3623 1484 3682 et
1497 3618 1763 3701 reformaverunt,

364 3721 452 3805 qued
484 3721 622 3785 nuncius
655 3739 713 3784 seu
745 3725 934 3804 procurator
964 3721 1119 3804 praedicti
1148 3722 1279 3804 capituli
1309 3723 1350 3785 ad
1380 3722 1551 3797 dicandum
1581 3722 1621 3785 ad
1652 3740 1763 3785 eornm

363 3825 528 3910 parochias
556 3823 693 3907 amplius
723 3843 788 3887 non
818 3824 956 3908 accedat,
986 3824 1046 3890 sed
1070 3825 1166 3889 iidem
1188 3824 1316 3910 plebani
1339 3825 1378 3889 de
1401 3831 1467 3889 toto
1491 3825 1648 3889 decanatu
1669 3842 1761 3908 prae·
1795 3831 1832 3886 30

364 3930 485 3994 dictum
516 3947 647 3992 censum
677 3927 872 4012 recolligant,
902 3934 998 4012 prout
1020 3929 1066 3992 eis
1088 3928 1252 3993 videbitur
1273 3929 1424 4012 expedire
1446 3935 1478 3993 et
1500 3929 1534 3990 in
1556 3947 1681 3992 summa
1702 3926 1763 3992 sub

364 4051 476 4098 eorum
504 4032 645 4117 periculo
677 4033 910 4115 quinquaginta
939 4032 1020 4096 duas
1050 4052 1172 4096 mareas
1199 4031 1256 4096 fini
1287 4033 1410 4116 argenti
1431 4031 1582 4117 ponderis
1603 4031 1763 4095 Budensis

363 4137 466 4202 Albae
488 4136 574 4220 apud
595 4154 753 4200 cameram
775 4135 906 4219 capituli
927 4136 1020 4200 tertio
1044 4136 1095 4200 die
1118 4136 1190 4200 festi
1212 4136 1297 4200 beati
1311 4136 1435 4201 Nicolai
1454 4134 1675 4213 coniessoris’)
1698 4134 1763 4199 sin·

365 4241 449 4326 gulis
472 4241 565 4305 annis
586 4240 647 4324 ipsi
669 4238 807 4323 capitulo
830 4238 1038 4322 assignabunt
1057 4243 1089 4303 et
1103 4240 1288 4323 persolvent
1303 4258 1427 4322 semper
1441 4240 1476 4303 in
1491 4244 1609 4303 statera
1625 4245 1764 4321 quatuor

363 4364 487 4409 marcas
509 4343 672 4409 elevando.
695 4342 729 4408 si
751 4348 859 4407 autem
879 4343 1007 4427 pondus
1025 4343 1177 4408 Budense
1199 4348 1277 4407 tunc
1299 4363 1363 4406 non
1386 4342 1565 4425 haberetur,
1588 4342 1629 4406 ad
1651 4361 1764 4425 quam·
1798 4350 1833 4403 35

364 4448 443 4512 libet
473 4466 611 4511 maroam
633 4447 667 4509 in
689 4447 829 4530 pondere
851 4446 1075 4511 lhanssiluano
1106 4452 1138 4511 et
1167 4446 1344 4531 specialiter
1374 4447 1413 4511 de
1436 4446 1538 4511 Sabus
1559 4446 1677 4510 addent
1699 4452 1764 4510 tres

363 4551 498 4634 lotones,
533 4570 630 4634 quam
663 4570 801 4615 marcam
835 4551 887 4615 vel
921 4571 1044 4615 marcas
1073 4552 1107 4614 in
1137 4551 1385 4635 aequipollentia
1413 4551 1528 4615 additis
1556 4550 1635 4635 ipsis
1662 4548 1764 4612 tribus

364 4655 527 4720 lotonibus
550 4654 726 4739 capitulum
747 4674 806 4738 pro
828 4654 971 4719 Budensi
993 4655 1134 4738 pondere
1156 4654 1318 4719 tenebitur
1339 4655 1482 4739 accipere
1504 4654 1543 4718 ab
1566 4654 1694 4718 eisdem.
1722 4651 1765 4716 nt

370 4760 477 4824 omnia
498 4779 596 4844 supra
617 4758 701 4822 dicta
722 4758 875 4841 praedicti
896 4758 1043 4840 Mychael
1070 4759 1211 4823 decanus
1232 4763 1265 4822 et
1285 4758 1450 4823 lohannes
1472 4757 1628 4842 plebanus
1649 4774 1764 4840 procu·

365 4868 488 4928 ratores
510 4883 608 4947 supra
630 4862 786 4926 dictorum
808 4862 1017 4946 plebanorum
1044 4862 1173 4926 nomine
1195 4862 1414 4946 procuratorio
1437 4882 1474 4926 ac
1497 4862 1567 4926 vice
1589 4859 1764 4925 eorundem
1797 4865 1834 4921 lo

364 4968 575 5054 plebanorum
595 4966 766 5047 attendere,
789 4965 958 5030 observare
981 4971 1014 5030 et
1034 4966 1069 5029 in
1091 4965 1180 5029 nullo
1195 4965 1248 5029 vel
1270 4984 1447 5048 numquam
1462 4965 1684 5029 contravenire
1703 4962 1763 5027 sub

365 5070 483 5135 talibus
501 5070 615 5156 poenis
629 5069 713 5133 intra
727 5068 853 5153 scriptis
867 5074 1117 5153 assumpserunt,
1133 5069 1349 5152 promiserunt
1362 5075 1395 5133 et
1409 5069 1544 5133 sollermi
1560 5067 1764 5151 stipulatione

366 5193 401 5239 se
428 5173 651 5258 obligaverrmt
680 5191 788 5236 coram
816 5172 917 5255 nobis,
947 5172 1035 5255 quod
1057 5171 1140 5237 siin
1163 5172 1311 5237 omnibus
1340 5192 1437 5256 supra
1462 5171 1555 5236 dictis
1577 5177 1609 5235 et
1630 5169 1765 5254 singulm

366 5297 465 5363 supra
493 5277 651 5342 dictorum
673 5276 795 5359 aliquid
817 5276 1012 5340 contrarium
1033 5281 1231 5359 acceptatum
1261 5276 1358 5341 luerit
1382 5295 1440 5360 per
1461 5276 1590 5340 eosdem
1611 5274 1765 5359 plebanos

522 5413 544 5482 ¹)
566 5411 701 5482 Vorlupe:
717 5409 836 5466 inclines.
1797 5408 1833 5464 ln

522 5501 544 5573 ¹)
561 5498 710 5555 Desertor
726 5501 753 5555 8.
