4086 6300
968 519 1123 613 *sae-

348 705 491 769 eiusdem
521 706 623 770 sancti
654 705 828 787 Gotthardi,
862 706 967 791 Chege
998 712 1030 771 et
1059 708 1220 772 Zaazilvas
1249 714 1378 773 vocatas
1408 710 1446 773 ab
1478 711 1590 775 eodem
1622 712 1748 775 auterre

347 814 539 891 nostraeque
562 809 722 873 collationi
738 811 873 875 adiicere
889 812 1027 893 noveris,
1049 831 1142 875 secus
1164 832 1230 875 non
1253 814 1404 877 facturus.
1427 812 1546 877 Datum
1561 834 1619 898 per
1633 835 1748 879 manus

348 913 476 976 discreti
505 914 567 975 viri
596 913 755 997 magnifici
777 914 912 978 ioannis
933 913 1084 978 Albensis
1114 915 1265 978 ecclesiae
1288 917 1468 1000 praepositi,
1500 918 1591 981 aulae
1621 924 1748 982 nostrae

347 1017 598 1094 vicecancellarii
620 1024 652 1081 et
674 1018 886 1081 archidiaconi
909 1018 949 1081 de
971 1018 1128 1101 Kilrelleu,
1152 1040 1235 1082 anno
1259 1019 1380 1082 domini
1402 1020 1570 1083 millesimo
1592 1026 1747 1085 trecente·

347 1120 426 1183 simo
449 1121 603 1203 vigesimo
626 1122 738 1205 primo,
761 1122 851 1204 regni
874 1122 974 1185 nostri
996 1123 1141 1186 similiter
1164 1124 1316 1204 vigesimo
1339 1124 1452 1206 primo.
1783 1133 1800 1184 5

1004 1485 1098 1568 383.

423 1666 531 1735 1321.
560 1665 677 1756 Ktoip
694 1667 790 1736 Korl
813 1672 899 1738 aetat
926 1666 1105 1755 Nikoloas,
1134 1669 1300 1757 einstipea
1317 1667 1501 1739 Kastellon
1527 1691 1591 1738 voa
1623 1668 1745 1755 Csicsri,

344 1785 471 1856 medor
497 1786 535 1858 in
562 1787 628 1859 den
653 1788 773 1860 Besita
798 1812 862 1859 voa
890 1787 1148 1879 Sacatqotfiord,
1195 1788 1300 1879 Carpe
1325 1789 1399 1859 aad
1425 1787 1654 1859 Sedeasailocis
1680 1791 1745 1860 aa.

501 1950 661 2091 gesduir‘t:
672 1952 795 2021 Kamtny
805 1951 928 2020 Diplom.
941 1952 1082 2020 appendic
1093 1951 1115 2005 I
1123 1951 1194 2005 nocta
1206 1951 1266 2005 dem
1281 1950 1357 2020 Orip.
1370 1952 1472 2005 Arabio
1484 1952 1533 2005 der
1544 1951 1652 2020 Grates
1663 1952 1747 2007 Wosa

448 2051 484 2088 aa
524 2052 593 2107 sepe.
1782 2040 1816 2093 10

501 2158 614 2212 orrea·
633 2159 720 2225 rua
740 2158 831 2213 eoae
853 2158 941 2225 viu,
959 2164 985 2226 2,
1003 2163 1063 2215 296.

501 2333 634 2396 Carolus
661 2334 711 2397 dei
741 2334 843 2416 gratia
864 2333 1057 2416 Hungariae,
1080 2332 1250 2415 Dalmaoie,
1274 2334 1432 2414 Croaciae,
1454 2335 1581 2415 Romae,
1605 2334 1744 2416 Seruiae,

346 2436 504 2519 Galliciae,
526 2436 741 2519 Lodomeriae,
764 2437 934 2500 Comaniac
957 2437 1191 2521 Bulgariaeque
1214 2457 1272 2501 rex
1294 2439 1452 2501 universis
1468 2439 1583 2502 Christi
1596 2437 1745 2502 fidelibus

344 2546 409 2603 tam
439 2541 659 2624 praesentibus
687 2560 782 2623 quam
805 2541 923 2604 firturis
945 2547 1143 2623 praesentem
1168 2542 1315 2624 paginam
1338 2542 1530 2626 inspecturis
1552 2543 1687 2605 salutem
1710 2543 1744 2605 in

344 2645 487 2709 omnium
510 2645 675 2709 salvatore.
705 2644 822 2728 Regiae
845 2645 996 2707 convenit
1019 2645 1182 2727 maiestati,
1208 2651 1244 2708 ut
1263 2665 1395 2708 suorum
1417 2645 1618 2710 subditorum
1639 2644 1746 2710 fidelia
1782 2653 1815 2705 15

345 2749 475 2811 servitia
504 2746 733 2811 favorabilibus
764 2748 864 2810 oculis
894 2748 1041 2830 inspiciat
1071 2753 1103 2811 et
1132 2749 1275 2811 attendat
1303 2769 1340 2811 ac
1365 2747 1501 2813 fideliter
1530 2750 1744 2832 obsequentes

344 2851 432 2915 dotet
450 2851 713 2934 possessionibus,
736 2852 869 2915 extollat
883 2852 1058 2915 honoribus
1074 2859 1105 2915 et
1121 2853 1200 2915 ditet
1215 2853 1329 2935 regalis
1345 2853 1580 2918 munificentiae
1596 2855 1745 2936 donariis,

343 2961 380 3017 ut
410 2955 461 3017 alii
493 2974 604 3019 eorum
634 2955 781 3038 exemplo
812 2955 852 3017 ad
881 2954 1042 3019 fidelitatis
1072 2975 1168 3038 opera
1196 2957 1375 3019 exercenda
1403 2957 1528 3021 facilius
1558 2958 1743 3021 invitentur.

343 3058 428 3122 Hinc
451 3064 500 3122 est
520 3059 607 3141 quod
626 3059 666 3122 ad
685 3060 909 3122 universorum
928 3059 1072 3122 notitiam
1096 3064 1205 3122 tenore
1225 3060 1441 3143 praesentium
1460 3059 1611 3124 volumus
1630 3079 1744 3145 perve-

342 3164 420 3247 nire,
445 3163 532 3245 quod
551 3164 627 3245 quia
649 3182 755 3225 comes
769 3162 921 3226 Nicolaus
942 3162 1028 3225 filius
1042 3163 1153 3225 Emich
1177 3163 1339 3244 quondam
1354 3164 1546 3228 castellanus
1568 3165 1608 3228 de
1624 3164 1741 3228 Chicho
1777 3170 1812 3224 20

343 3265 446 3330 fidehs
468 3272 577 3330 noster
599 3267 684 3329 viam
707 3265 910 3348 infidelitatis,
934 3286 999 3349 qua
1017 3266 1209 3347 quibusdam
1223 3268 1390 3331 retroactis
1413 3269 1609 3351 temporibus
1632 3274 1745 3331 contra

342 3390 403 3434 nos
417 3369 598 3451 rebellabat
618 3370 805 3451 relinquens
823 3375 856 3434 et
874 3370 913 3433 ad
929 3371 1057 3433 semitas
1072 3369 1232 3434 fidehtatis
1248 3370 1315 3433 zelo
1332 3371 1448 3435 ductus
1461 3370 1536 3435 fidei
1551 3372 1744 3455 regrediens

344 3474 377 3536 in
405 3474 514 3536 multis
541 3473 768 3554 obsequiorum
798 3473 969 3556 generibus
1000 3493 1073 3536 cum
1103 3493 1227 3536 summo
1250 3473 1411 3537 fidelitatis
1434 3475 1539 3538 studio
1563 3482 1595 3539 et
1617 3477 1743 3539 votivae

345 3577 568 3640 sollicitudinis
599 3577 762 3659 diligentia
790 3584 918 3640 nostrae
949 3577 1103 3640 maiestati
1135 3577 1333 3659 complacuit.
1371 3578 1438 3640 Nos
1466 3578 1522 3658 qui
1544 3577 1743 3659 singulorum

343 3682 455 3744 merita
477 3700 519 3744 ex
542 3680 645 3744 officio
666 3681 819 3763 assumpti
834 3681 998 3762 regiminis
1012 3681 1105 3743 nobis
1121 3680 1319 3743 incumbenti
1334 3681 1459 3764 pietatis
1475 3679 1576 3743 oculis
1591 3679 1743 3744 debemus
1779 3686 1813 3740 25

342 3785 497 3866 contueri,
509 3784 654 3847 volentes
665 3784 803 3847 eundem
819 3784 967 3846 comitem
982 3783 1148 3846 Nicolaum
1164 3783 1400 3847 munificentiae
1416 3790 1544 3848 nostrae
1559 3784 1744 3867 participem

342 3887 483 3968 reddere,
505 3906 547 3951 ex
570 3887 748 3950 dilectionis
771 3893 897 3950 nostme
916 3888 1088 3970 prosequio
1105 3888 1256 3950 donativo
1274 3889 1426 3971 quasdam
1442 3889 1660 3972 possessiones
1675 3889 1743 3952 sive

342 3989 434 4052 villas
456 3988 553 4053 Szent
575 3989 724 4072 Gothard,
748 3989 849 4073 Cuege
872 3996 903 4053 et
927 3989 1020 4054 Szasz
1041 3989 1163 4054 Sallues
1187 3997 1316 4054 vocatas
1339 3991 1417 4073 iure,
1441 4011 1505 4074 qno
1528 3996 1656 4055 nostrae
1679 3992 1743 4054 eol-

343 4093 454 4156 lationi
475 4095 635 4176 pertinere
658 4094 899 4176 dignoscuntur,
922 4114 997 4157 cum
1020 4095 1168 4157 omnibus
1191 4094 1259 4157 suis
1282 4095 1472 4157 utilitatibus
1491 4100 1523 4158 et
1542 4095 1743 4178 pertinentiis

344 4197 502 4260 universis
524 4197 584 4260 snb
607 4198 748 4279 antiquis
771 4204 803 4261 et
831 4198 915 4261 veris
946 4199 1039 4261 metis
1061 4198 1163 4261 eidem
1189 4203 1222 4260 et
1244 4198 1312 4261 suis
1333 4198 1504 4261 heredibus
1526 4197 1744 4280 heredumque
1779 4203 1814 4257 30

342 4320 475 4364 suorum
498 4302 736 4364 successoribus
764 4301 926 4364 reddendo
958 4300 1017 4363 sibi
1048 4305 1081 4363 et
1109 4300 1306 4364 restituendo
1329 4300 1497 4365 universas
1526 4301 1744 4383 possessiones

342 4424 417 4469 suas
448 4405 653 4469 hereditarias
676 4409 708 4468 et
731 4403 874 4486 quolibet
895 4404 980 4467 iusto
1003 4404 1096 4467 titulo
1120 4404 1291 4486 requisitas
1319 4404 1473 4488 dedimus,
1497 4404 1687 4468 donavimus
1713 4410 1745 4467 et

341 4508 536 4572 contulimus
566 4513 719 4593 perpetuo
749 4508 966 4592 possidendas,
999 4508 1153 4571 tenendas
1182 4515 1215 4572 et
1243 4507 1413 4572 habendas.
1446 4508 1616 4572 Praeterea
1637 4508 1744 4571 omnia

343 4618 537 4693 nocumenta
552 4617 584 4675 et
598 4611 690 4694 mala,
706 4630 789 4693 quae
803 4611 872 4695 ipse
887 4629 993 4675 comes
1007 4610 1037 4674 N
1038 4610 1159 4674 icolaus
1174 4629 1211 4674 so
1228 4616 1378 4696 tempore,
1395 4629 1458 4693 quo
1474 4615 1612 4674 castrum
1625 4610 1744 4674 Ohioho

341 4717 540 4799 praedictum
555 4714 773 4796 conservabat,
795 4715 830 4777 in
845 4714 1022 4778 homicidiis
1038 4719 1070 4778 et
1085 4714 1255 4778 malueram
1271 4713 1476 4796 illationibus,
1500 4733 1581 4796 quae
1597 4713 1743 4778 ubicum-
1777 4720 1811 4773 35

341 4838 423 4901 quae
453 4819 569 4901 intulit,
605 4819 644 4882 de
674 4818 776 4901 gratia
803 4817 931 4902 speciali
961 4818 1064 4882 eidem
1098 4817 1251 4882 duximus
1283 4818 1478 4901 indulgenda
1507 4824 1539 4881 et
1560 4818 1744 4901 perenniter

340 4923 521 4987 relaxanda
566 4923 605 4986 In
639 4923 732 4986 cuius
764 4923 812 4986 rei
845 4922 1031 4986 memoriam
1065 4926 1317 5004 perpetuamque
1346 4920 1528 4984 firmitatem
1559 4926 1743 5004 praesentes

339 5026 557 5090 concessimus
584 5026 693 5089 literas
725 5024 939 5109 privilegiales
970 5023 1107 5108 duplicis
1130 5023 1223 5107 sigilli
1247 5025 1348 5088 nostri
1370 5024 1547 5087 munimine
1570 5023 1741 5088 roboratas.

338 5128 457 5193 Datum
479 5148 538 5214 per
552 5149 667 5193 manus
682 5128 810 5192 disereti
827 5128 888 5190 viri
904 5128 1047 5211 magistri
1061 5128 1082 5190 J
1084 5126 1218 5191 ohannis
1232 5128 1383 5191 Albensis
1398 5127 1548 5191 ecclesiae
1563 5127 1743 5212 praepositi,

339 5232 430 5296 aulae
460 5237 588 5297 nostrae
619 5232 869 5295 vicecancellarii
896 5236 928 5295 et
949 5231 1161 5295 archidiaconi
1184 5231 1223 5295 de
1245 5230 1429 5295 Kulreulleu
1452 5230 1558 5295 dilecti
1580 5250 1617 5293 ac
1638 5229 1741 5294 fidelis
1775 5236 1811 5291 40

338 5336 449 5418 nostri,
483 5355 568 5399 anno
595 5335 715 5399 domini
738 5333 952 5419 Mecum,
985 5334 1076 5417 regni
1101 5339 1209 5397 autem
1235 5335 1337 5398 nostri
1359 5354 1443 5398 anno
1467 5335 1613 5398 similiter
1634 5333 1741 5398 XXP.
