4106 6294
968 617 1123 713 Α

348 806 409 871 1661
430 806 612 887 decanatus
634 826 708 870 cnm
730 808 831 871 nostri
854 808 947 890 sigilli
977 809 1153 872 munimine
1182 808 1361 892 praesentia
1383 808 1540 872 duximus
1561 807 1750 872 roboranda

347 908 467 973 Datum
491 930 574 973 anno
598 911 719 973 domini
741 888 957 992 dodamin,
980 911 1051 974 VH.
1073 911 1151 975 Idus
1174 911 1327 995 Aprilis.¹l

175 1020 314 1075 Terminus
505 1012 629 1090 Quibus
650 1015 877 1098 procuratoriis
898 1016 972 1078 hinc
995 1016 1069 1079 inde
1085 1016 1234 1078 exhibitis
1257 1016 1361 1079 dictus
1380 1016 1529 1079 dominus
1552 1016 1679 1079 auditor
1701 1036 1749 1080 as·

173 1100 206 1153 “d
224 1098 317 1168 reeipi-
349 1117 488 1201 signavit
504 1118 676 1182 terminum
692 1118 784 1181 dictis
798 1119 1059 1201 procuratoribus
1070 1139 1176 1181 coram
1188 1139 1225 1182 eo
1242 1119 1463 1202 praesentibus
1478 1120 1518 1183 ad
1533 1120 1751 1203 recipiendum

166 1179 322 1316 {ffmumpffi
349 1223 472 1305 copiam
494 1223 646 1305 ipsorum,
669 1222 826 1286 sivolunt
848 1228 880 1285 et
901 1222 941 1284 ad
957 1222 1127 1286 dicendum
1143 1228 1254 1285 contra
1277 1223 1345 1306 ipsa
1367 1230 1398 1286 61
1413 1223 1490 1286 alias
1513 1224 1551 1286 ad
1575 1224 1749 1287 videndum
1785 1234 1802 1285 5

167 1326 323 1414 canumet
349 1330 530 1409 aperturam
553 1332 585 1389 61
606 1326 854 1410 publicationem
877 1327 1007 1389 testium
1030 1333 1062 1389 et
1076 1327 1240 1390 literarum
1263 1327 1404 1389 iudicum
1428 1328 1697 1410 supradictorum
1720 1332 1752 1390 et

178 1402 313 1536 ssfiffl
349 1430 426 1493 alias
456 1430 496 1493 ad
526 1430 763 1513 procedendum
792 1431 826 1491 in
849 1450 954 1511 causa,
984 1437 1021 1494 ut
1043 1431 1082 1494 de
1105 1432 1174 1494 iure
1200 1431 1305 1507 fuerit,
1335 1431 1375 1493 ad
1398 1431 1482 1493 diem
1504 1430 1613 1495 Lunae
1636 1432 1674 1492 V.
1702 1432 1751 1494 in·

188 1561 304 1615 testium.
350 1535 464 1598 stantis
472 1534 494 1612 ³)
517 1536 635 1598 mensis
657 1534 733 1597 Maii
755 1537 992 1619 peremptoriae.

173 1647 319 1701 Publicatio
506 1638 566 1702 Die
587 1637 697 1702 Lunae
720 1637 758 1700 V.
781 1637 865 1716 Maii,
896 1640 1047 1723 septimae
1072 1639 1254 1702 indictionis
1285 1639 1541 1722 comparentibus
1563 1639 1656 1703 dictis
1678 1659 1751 1723 pro·

179 1725 314 1814 mmm
351 1743 552 1807 curatoribus
582 1743 751 1823 utriusque
780 1744 879 1826 partis
901 1744 935 1806 in
957 1744 1074 1806 iudicio
1097 1763 1203 1805 coram
1227 1742 1310 1805 dicto
1334 1743 1462 1805 domino
1492 1742 1637 1806 auditore
1667 1743 1750 1807 idem
1789 1751 1822 1805 10

169 1806 323 1858 etmtmm'
354 1847 502 1911 dominns
532 1846 660 1910 auditor
688 1847 728 1910 de
757 1848 898 1929 ipsorum
929 1853 1170 1930 procrnatorum
1204 1866 1363 1910 consensu
1397 1848 1628 1930 pronunciavit,
1658 1868 1755 1931 supra

351 1952 452 2015 dictos
475 1957 572 2015 testes
594 1956 627 2014 61
649 1950 756 2015 literas
777 1951 845 2015 fore
861 1957 987 2034 apertos
1009 1955 1042 2014 et
1056 1950 1242 2034 publicatos,
1264 1958 1296 2014 et
1318 1970 1374 2034 pro
1399 1952 1516 2034 apertis
1531 1956 1564 2014 61
1584 1951 1753 2034 publicatis

352 2055 460 2119 haberi
482 2055 618 2119 offerens
640 2056 769 2137 utrique
791 2055 874 2139 parti
897 2055 1020 2138 copiam
1043 2054 1082 2117 (16
1104 2055 1232 2117 eisdem.

174 2166 318 2224 Productio
505 2160 591 2223 Ante
609 2167 715 2223 tamen
730 2159 975 2243 publicationem
992 2159 1135 2242 ipsorum
1155 2159 1259 2221 dictus
1275 2159 1423 2222 dominus
1438 2159 1609 2242 Bertoldus
1624 2160 1753 2223 nomine

179 2247 315 2303 limum
351 2269 383 2328 et
404 2283 461 2348 pro
477 2271 567 2347 parte
589 2263 748 2327 dictorum
770 2264 980 2347 capitulorum
1002 2267 1034 2326 et
1053 2264 1309 2343 universitatum,
1333 2283 1470 2345 quorum
1486 2271 1674 2347 procurator
1696 2270 1753 2346 est,
1789 2274 1822 2326 15

192 2342 301 2459 elffii„
350 2369 505 2452 produxit
526 2374 558 2432 61
580 2367 726 2431 exhibuit
741 2369 774 2430 in
796 2367 914 2431 iudicio
937 2387 1042 2430 coram
1060 2367 1144 2430 dicto
1162 2367 1290 2430 domino
1306 2367 1452 2451 Philippo
1475 2374 1642 2451 praesente
1663 2388 1754 2452 prae-

352 2472 435 2535 dicto
451 2470 568 2535 Sancto
590 2478 796 2556 procuratore
818 2472 917 2555 partis
939 2472 1091 2535 adversae
1112 2471 1220 2534 literas
1242 2472 1326 2534 inira
1348 2472 1481 2554 scriptas
1496 2471 1535 2533 ad
1558 2471 1754 2535 fundandam

352 2582 384 2639 et
405 2576 601 2660 probandam
621 2576 832 2639 intentionem
854 2594 945 2638 suam
968 2574 1082 2637 melius
1105 2593 1202 2658 super
1224 2575 1401 2657 praedictis.
1425 2574 1567 2651 Quarum
1590 2575 1755 2640 literarum

352 2685 445 2743 tenor
467 2680 539 2743 talis
561 2684 618 2743 661

170 2796 326 2864 Ilumepro
508 2783 674 2847 Ladislaus
704 2784 840 2847 vaivoda
861 2783 1107 2847 Transsiluanus
1137 2787 1170 2846 et
1191 2801 1298 2845 comes
1324 2784 1363 2847 (16
1386 2783 1521 2847 Ζοιι1ιι1
1550 2782 1658 2846 amicis
1688 2781 1755 2845 suis
1790 2791 1825 2846 20

194 2873 304 2928 θῙθῐῑθῑθ·
353 2887 523 2951 carissimis
551 2889 752 2953 universitati
775 2888 940 2951 Saxonum
967 2889 1007 2951 de
1030 2887 1152 2951 Zibinio
1183 2887 1354 2951 amicitiam
1385 2887 1522 2950 debitam
1545 2892 1577 2951 et
1605 2893 1755 2971 paratam.

352 2990 469 3055 Vestra
499 2992 636 3056 amicitia
657 2992 739 3056 bene
762 2993 830 3074 scit,
861 2993 947 3075 quod
970 3012 1028 3055 vos
1057 2998 1090 3055 et
1111 2991 1151 3055 ad
1173 3012 1232 3054 vos
1262 2991 1458 3074 pertinentes
1482 3011 1607 3075 semper
1636 2991 1757 3055 fuimus

354 3095 513 3179 persecuti
529 3116 602 3160 cum
618 3097 800 3160 omnimoda
821 3103 931 3161 nostra
946 3097 1122 3160 dilectione.
1150 3096 1312 3159 Petivistis
1327 3102 1434 3159 autem
1451 3116 1510 3159 nos
1525 3095 1626 3159 literis
1641 3097 1757 3160 vestris

354 3200 568 3263 mediantibus
586 3200 762 3283 diligenter,
784 3208 821 3263 ut
843 3201 1023 3264 sacerdotes
1044 3201 1077 3262 in
1102 3200 1204 3263 medio
1228 3200 1326 3262 vestri
1349 3199 1523 3262 existentes
1546 3200 1598 3263 vel
1620 3200 1757 3263 nuncios

353 3304 496 3387 ipsorum
511 3322 568 3387 per
590 3309 700 3367 nostra
721 3308 833 3368 tenuta
854 3304 895 3366 ad
916 3303 1082 3368 dominum
1100 3303 1241 3386 legatum
1263 3303 1353 3366 exire
1374 3303 1473 3366 libere
1490 3304 1755 3387 permitteremus,
1792 3310 1826 3365 25

355 3428 430 3471 curn
461 3427 519 3492 per
551 3413 662 3471 nostra
698 3413 809 3472 tenuta
838 3427 948 3471 omnes
977 3407 1185 3491 procedentes
1215 3406 1315 3470 libere
1345 3407 1558 3470 transiverint
1596 3407 1758 3471 Noveritis

357 3512 444 3593 quod
474 3531 534 3575 nos
563 3518 702 3575 vestram
732 3511 973 3575 universitatem
995 3517 1028 3575 et
1049 3511 1227 3593 praedictos
1250 3511 1431 3574 sacerdotes
1453 3512 1695 3575 exhortavimus
1717 3512 1757 3575 de

355 3635 449 3699 saepe
472 3616 606 3700 saepius,
629 3623 666 3680 ut
688 3615 826 3699 capitulo
849 3615 888 3678 de
910 3614 1119 3698 proventibus
1140 3615 1283 3697 ipsorum
1307 3613 1518 3678 sufficientem
1538 3616 1758 3699 impenderent

355 3719 610 3800 satisfactionem,
639 3720 726 3801 quod
754 3720 908 3783 hactenus
930 3720 1034 3783 facere
1064 3739 1129 3782 non
1159 3726 1321 3783 curarunt.
1360 3719 1463 3802 Super
1493 3739 1557 3801 quo
1589 3720 1758 3783 amicitiam

357 3826 480 3885 vestrae
510 3823 727 3886 universitatis
749 3824 943 3905 requirimus
969 3829 1001 3886 et
1023 3823 1240 3905 admonemus,
1272 3830 1432 3904 quatenns
1455 3823 1633 3907 praedictos
1655 3844 1758 3888 sacer-
1794 3831 1829 3883 30

356 3926 447 3988 dotes
469 3926 509 3988 ad
531 3925 591 3988 hoe
613 3926 765 3991 inducere
789 3927 902 4009 velitis,
918 3934 955 3991 ut
969 3927 1029 4010 ipsi
1045 3928 1184 4011 capitulo
1199 3933 1232 3990 et
1247 3928 1286 3991 de
1301 3927 1511 4010 proventibus
1526 3927 1759 4011 episcopalibus

356 4028 566 4093 sufficientem
581 4030 767 4113 impendant
782 4032 1028 4096 satisfactionem
1044 4037 1076 4094 et
1092 4031 1124 4094 in
1140 4032 1322 4094 huiusmodi
1339 4032 1477 4114 litigium
1496 4051 1562 4094 non
1576 4033 1759 4115 procedant,

357 4134 495 4215 quiana
518 4133 599 4197 forte
622 4134 741 4200 eisdem
763 4138 927 4219 contingat
948 4136 1078 4220 gravius
1100 4136 1205 4219 ipsum
1229 4136 1374 4218 litigium,
1397 4141 1429 4198 et
1452 4155 1511 4197 nos
1534 4136 1662 4199 eosdem
1685 4155 1759 4199 cum

358 4238 442 4301 dicto
465 4238 605 4322 capitulo
624 4239 867 4303 reformabimus
883 4246 1008 4302 nostras
1023 4246 1129 4323 partes
1144 4240 1376 4324 interponendo
1392 4240 1425 4301 in
1442 4239 1500 4301 hac
1516 4246 1613 4322 parte.
1640 4238 1759 4305 Datum

357 4343 391 4404 in
414 4341 514 4424 Deua,
540 4342 573 4404 in
597 4342 706 4424 vigilia
728 4341 837 4406 beatae
859 4342 1031 4407 Katerinaa
1053 4344 1186 4427 virginis
1209 4350 1241 4407 et
1264 4343 1447 4425 martyris.³)
1794 4350 1828 4403 35

185 4453 324 4507 docmate
512 4446 594 4510 Item
624 4447 736 4510 eodem
766 4446 816 4510 die
845 4452 877 4509 et
907 4447 940 4508 in
967 4447 1078 4511 eodem
1100 4448 1217 4511 iudicio
1241 4448 1389 4511 dominus
1412 4447 1548 4511 Sanctus
1570 4453 1759 4532 procurator

186 4534 322 4621 mlum·
357 4550 487 4634 capituli
516 4550 760 4627 lbanssiluanae
788 4552 1007 4634 procuratorio
1040 4554 1170 4616 nomine
1198 4553 1300 4636 ipsius
1335 4552 1497 4615 accusavit
1526 4553 1758 4616 contumaciam

192 4625 314 4758 {affl
357 4654 486 4718 illorum
509 4654 549 4719 de
573 4660 663 4739 parte
685 4655 828 4737 adversa,
852 4656 908 4737 qui
930 4662 1007 4719 sunt
1028 4661 1232 4721 contumaces
1255 4664 1287 4721 ct
1309 4676 1368 4720 nec
1389 4675 1447 4740 per
1469 4676 1503 4720 se
1525 4676 1585 4720 nec
1607 4676 1664 4741 per
1685 4677 1759 4741 pro·

357 4764 537 4823 curatorem
559 4759 710 4822 idoneum
732 4778 913 4843 comparere
936 4766 1098 4841 curarunt,
1120 4767 1233 4844 petens
1256 4781 1329 4824 cum
1351 4761 1511 4841 instantia,
1538 4761 1758 4825 excommuni-

357 4861 492 4927 cationis
514 4863 704 4927 sententiam
734 4870 846 4928 contra
874 4884 929 4928 eos
958 4864 1055 4929 latam
1085 4866 1262 4929 secundum
1293 4865 1380 4947 quod
1408 4865 1488 4928 iuris
1520 4866 1596 4928 ordo
1619 4866 1761 4950 postulat
1794 4869 1829 4923 40

359 4968 532 5050 aggravari.

207 5076 305 5166 [egid
515 5071 691 5154 Postquam
721 5072 826 5136 statim
858 5075 891 5136 in
922 5074 1033 5138 eodem
1060 5072 1177 5137 iudicio
1207 5073 1393 5156 interrogati
1428 5074 1502 5138 dicti
1539 5079 1762 5157 procuratores

183 5158 333 5289 m&
359 5193 417 5258 per
438 5175 559 5239 dictum
582 5175 755 5275 dominnm,
775 5176 962 5260 auditorem,
992 5178 1019 5241 si
1050 5177 1200 5242 volebant
1229 5176 1351 5259 aliquid
1381 5176 1517 5242 obiicere
1548 5183 1660 5241 contra
1690 5198 1763 5261 pro-

517 5328 538 5397 ι)
555 5328 640 5398 epar
660 5334 682 5384 v.

514 5415 537 5484 ²)
559 5414 693 5487 Vorlopa:
710 5415 820 5471 16161116.
1796 5416 1831 5470 45

514 5502 536 5573 ⁸)
554 5504 625 5556 noa
641 5501 793 5559 namon
809 5506 853 5558 64.
871 5532 905 5544 -
923 5503 1036 5558 neu:
1055 5502 1142 5571 raa
1162 5503 1253 5560 aaa
1275 5504 1364 5573 vrrr,
1381 5507 1407 5573 s,
1425 5508 1468 5560 51.
