4088 6292
932 613 1087 708 -119-

462 802 531 867 Nos
559 803 658 866 irater
680 801 860 886 Stephanus
889 803 977 887 prior
998 807 1031 867 et
1051 803 1149 867 trater
1171 802 1287 867 Petrus
1309 802 1409 866 lector
1431 804 1551 866 ordinis
1573 803 1708 866 fratrum

308 906 545 971 Heremitarum
578 907 679 971 sancti
701 906 875 989 Augustini
906 906 946 971 de
968 911 1131 970 conventu
1153 906 1287 970 Albensi
1308 906 1533 970 Transsiluano
1556 911 1708 987 totusque

238 1093 244 1102 Ι
308 1015 488 1074 conventus
515 1010 579 1074 loci
606 1006 760 1075 eiusdem
780 1011 995 1093 praesentium
1025 1029 1082 1094 per
1104 1016 1248 1073 tenorem
1270 1009 1485 1093 significamus
1511 1009 1629 1092 quibus
1651 1028 1709 1073 ex·

309 1112 398 1196 pedit
419 1115 588 1196 universis
612 1115 698 1195 quod
714 1113 889 1198 capitulum
911 1114 1062 1178 ecclesiae
1077 1112 1320 1177 Transsssuanae
1343 1133 1400 1196 per
1414 1114 1586 1178 discretum
1602 1114 1708 1177 virum

258 1226 275 1277 1
311 1217 498 1300 magistrum
519 1217 732 1282 Benedictrmr
761 1217 1019 1281 archidiaconum
1049 1217 1088 1280 de
1111 1216 1178 1280 Ozd
1208 1217 1397 1281 canonicum
1423 1216 1574 1281 ecclesiae
1595 1216 1709 1280 Trans·

309 1320 452 1385 siiuanae
486 1321 630 1385 exbiberi
663 1321 740 1384 feeit
771 1324 917 1404 patentes
952 1320 1062 1384 literas
1094 1320 1285 1384 venerabilis
1318 1322 1417 1403 patris
1449 1320 1537 1385 Petri
1570 1320 1710 1404 episcopi

308 1423 525 1488 ibanssiluani
554 1428 667 1508 petens
695 1443 755 1488 nos
784 1443 842 1508 per
867 1424 1006 1488 eundem
1028 1444 1102 1488 cum
1129 1426 1290 1506 instantia,
1320 1430 1358 1488 ut
1386 1443 1460 1488 cum
1489 1425 1574 1507 ipsse
1600 1423 1709 1487 literas

310 1532 441 1611 propter
454 1528 603 1611 impacati
624 1529 777 1611 temporis
793 1528 979 1609 qualitatem
994 1529 1185 1611 viarumque
1200 1528 1383 1591 discrimina
1397 1546 1509 1591 eorum
1522 1530 1710 1611 procurator

310 1636 343 1694 et
364 1629 518 1712 syndicus
533 1650 642 1695 secum
663 1636 791 1716 portare
813 1631 866 1695 vel
886 1630 1009 1695 deterre
1032 1651 1097 1694 non
1112 1637 1331 1715 praesumeret
1352 1631 1392 1694 ad
1414 1630 1485 1694 loca
1506 1631 1561 1694 ubi
1583 1630 1710 1695 easdem

243 1742 277 1796 10
313 1754 394 1818 opus
415 1740 501 1799 esset
528 1735 680 1817 exbiberi,
710 1736 894 1799 transscribi
924 1735 1101 1799 taceremus
1123 1741 1156 1800 et
1177 1736 1279 1819 sigillo
1310 1741 1489 1799 conventus
1511 1734 1710 1797 communiri

311 1836 454 1914 Quarum
477 1839 606 1921 quidem
629 1840 793 1903 literarum
814 1845 907 1904 tenor
928 1839 1001 1902 talis
1030 1840 1086 1903 est
1124 1839 1229 1924 (Fotpt
1250 1840 1299 1902 die
1328 1837 1476 1904 Urkuade
1498 1838 1549 1901 dar
1571 1836 1711 1918 Baahofa

310 1940 421 2006 Petne
441 1963 499 2007 oon
520 1943 608 2006 1303
630 1941 687 2006 Nr.
712 1943 805 2024 298.)
839 1942 906 2007 Nos
927 1942 1025 2025 igitur
1046 1943 1139 2007 iustis
1161 1944 1369 2026 petitionibus
1391 1961 1503 2006 eorum
1526 1962 1590 2006 non
1614 1942 1710 2005 dene·

311 2053 422 2130 gantes
445 2066 610 2112 assensum
634 2047 719 2130 ipsas
749 2046 858 2112 literas
879 2066 946 2110 non
975 2046 1173 2127 cancellatas,
1195 2063 1261 2108 non
1283 2065 1373 2109 rasas
1394 2047 1509 2111 necin
1533 2045 1641 2128 aliqua
1660 2044 1711 2109 sui

310 2156 400 2235 parte
423 2153 550 2216 vitiatas
579 2152 619 2215 de
649 2151 748 2215 verbo
782 2151 822 2214 ad
852 2150 985 2215 verbum
1017 2149 1237 2234 praesentibus
1266 2149 1365 2213 inseri
1394 2150 1527 2214 fecimus
1554 2155 1587 2214 et
1608 2146 1710 2232 sigillo

244 2262 277 2316 15
312 2261 493 2321 conventus
522 2256 624 2320 nostri
653 2255 804 2319 roborari.
841 2252 961 2318 Datum
990 2253 1132 2317 secunda
1151 2254 1232 2317 feria
1252 2253 1399 2337 proxima
1426 2257 1500 2335 post
1521 2251 1711 2315 dominicam

310 2357 469 2423 adventus
491 2358 620 2441 domini,
643 2377 727 2421 anno
750 2358 871 2422 domini
892 2335 934 2421 ii.
957 2334 1056 2422 ddi.
1080 2362 1201 2422 octavo.

969 2701 1062 2788 314.

394 2866 484 2958 Osca
510 2870 616 2939 1309
631 2868 776 2940 Joauor
806 2872 832 2940 8
858 2868 909 2940 bis
925 2868 1005 2941 Jali
1026 2872 1059 2941 3.
1088 2869 1232 2942 Proaese
1248 2870 1413 2942 1111111111
1439 2869 1515 2940 dem
1541 2865 1710 2939 Weissen-

312 2990 438 3081 barper
463 2989 609 3080 Kopitai
632 2990 707 3059 wad
732 2990 867 3082 eiaiyaa
892 2991 1105 3063 saracena
1131 2990 1346 3079 Dekanatea,
1371 2990 1515 3082 ecferrt
1540 3011 1602 3061 eor
1627 2986 1710 3057 Pii·

241 3125 277 3181 20
312 3111 426 3203 lippae
452 3110 494 3182 de
521 3107 705 3197 Sardiaeu,
738 3110 1030 3184 Generaluaditor
1056 3113 1115 3185 dee
1141 3112 1454 3203 Kordiooldrpotea
1485 3109 1642 3182 Gentilie.

467 3276 583 3344 Papier-
602 3275 661 3329 aad
679 3273 1018 3344 Perpamaniboadecbrift
1036 3275 1090 3330 Nr.
1108 3280 1178 3332 4013
1197 3278 1229 3329 ia
1246 3277 1295 3330 der
1317 3273 1532 3330 Vatikoaieebea
1549 3271 1713 3338 Biblioibet,

416 3362 500 3416 Folio
519 3366 553 3417 16
571 3362 614 3416 bia
631 3364 674 3415 44.
709 3362 766 3416 Dic
789 3361 979 3429 Haadscbrift
1001 3362 1039 3416 ist
1060 3362 1233 3430 9110111111
1254 3379 1318 3417 aum
1339 3363 1415 3416 Tteil
1437 3378 1492 3416 voa
1513 3360 1655 3430 Vopaolus
1680 3357 1714 3411 de

416 3447 633 3502 Messeniorum
655 3448 803 3502 1111111111
819 3449 879 3503 dam
900 3449 990 3502 Notar
1007 3450 1055 3504 des
1072 3449 1232 3503 Kardiaola
1252 3449 1379 3517 (11111111,
1397 3447 1529 3518 ,1191111

469 3569 582 3625 Druck:
603 3570 729 3638 Battycia
747 3570 833 3640 Leyes
851 3571 940 3625 eccles.
959 3571 1023 3637 HI,
1044 3575 1084 3625 71.
1110 3570 1189 3624 Mea.
1212 3570 1352 3625 Vaticana
1370 3570 1465 3640 Huap.
1484 3568 1575 3623 Series
1592 3568 1618 3634 1,
1640 3567 1714 3621 Tora.

417 3657 462 3723 11,
481 3661 540 3711 187.
567 3656 624 3711 Dic
641 3655 753 3711 Dructe
770 3657 906 3711 1111111111
928 3658 988 3711 bier
1006 3657 1224 3727 eiapescbaitcter
1247 3657 1397 3713 Urtaadaa
1417 3655 1523 3709 werden
1546 3671 1582 3708 aa
1599 3655 1653 3708 dea
1671 3653 1713 3707 be·

417 3743 566 3810 treffeadcn
584 3741 702 3797 8111111111
719 3743 751 3796 ia
768 3744 822 3799 dea
839 3745 1052 3813 Anmericaapea
1069 3744 1230 3813 oapeqebaa.

469 3917 508 3981 In
524 3918 653 3982 nomine
669 3918 790 3982 domini
805 3938 906 3983 amen.
929 3920 1025 3983 Anno
1041 3919 1183 3984 eiusdem
1198 3918 1366 3984 millesimo
1381 3916 1603 3982 trecentesimo
1619 3935 1715 3999 nono,
1775 3919 1862 3973 Causa

313 4020 518 4106 pontificatus
540 4022 661 4086 domini
676 4021 849 4087 Clementis
870 4042 970 4105 papas
993 4021 1032 4086 V.
1055 4024 1106 4087 die
1128 4022 1273 4104 Veneris,
1296 4041 1382 4086 nono
1404 4021 1523 4085 mensis
1537 4020 1622 4103 Maii,
1645 4039 1715 4103 sep·
1741 4005 1815 4120 ἐζ
1826 4002 1897 4119 iffa}

315 4127 410 4190 timae
432 4126 624 4208 indictionis,
647 4126 813 4209 Vagnolus
836 4126 876 4189 de
890 4125 1040 4191 Meuania
1062 4126 1206 4190 notarius
1228 4127 1334 4190 curiae
1356 4126 1440 4188 inira
1461 4124 1596 4208 scriptae
1618 4124 1716 4206 assig-
1747 4143 1892 4213 capiendum

244 4234 280 4289 30
314 4230 404 4293 navit
418 4229 495 4293 mibi
509 4230 635 4313 Angelo
650 4230 774 4294 notario
797 4230 882 4293 inira
902 4231 1020 4314 scripto
1043 4230 1222 4314 subscripta
1243 4236 1313 4293 acta
1325 4231 1360 4292 in
1374 4229 1438 4293 mei
1452 4228 1596 4292 absentia
1608 4246 1716 4291 eoram
1756 4221 1883 4311 cocleam

313 4353 351 4398 eo
374 4333 736 4398 111111111111111111111
758 4334 950 4398 venerabilis
979 4334 1041 4396 riri
1063 4333 1184 4397 domini
1206 4333 1344 4417 Philippi
1371 4332 1412 4396 de
1434 4331 1586 4396 Sardinea
1608 4330 1715 4394 decre-
1734 4298 1897 4432 fflffl'

313 4442 420 4500 torum
435 4437 572 4501 doctoris
587 4439 732 4502 canonici
747 4439 949 4521 Arborensis,
972 4440 1079 4503 curiae
1101 4438 1269 4503 reverendi
1291 4437 1390 4522 patris
1412 4441 1445 4499 et
1460 4435 1581 4499 domini
1596 4433 1717 4498 domini
1741 4455 1828 4510 nullos
1839 4455 1896 4526 ple-

315 4540 450 4605 (ientilis
479 4541 530 4605 dei
561 4542 662 4625 gratia
692 4542 776 4606 tituli
799 4543 901 4607 sancti
923 4543 1052 4607 Martini
1082 4543 1115 4605 in
1138 4541 1303 4606 Montibus
1331 4539 1510 4624 presbyteri
1539 4536 1716 4619 cardinalis,
1759 4534 1841 4588 omos
1858 4537 1887 4588 et

315 4644 506 4728 apostolicae
521 4645 606 4709 sedis
628 4645 734 4728 legati,
755 4647 912 4729 generalis
932 4647 1086 4711 auditoris
1104 4665 1282 4726 causarum,
1306 4663 1444 4726 quorum
1465 4651 1610 4707 actorum
1625 4646 1717 4706 tenor
1753 4613 1885 4760 diffl-

246 4753 281 4808 35
315 4748 388 4811 111118
410 4754 467 4812 θθῗν
1758 4769 1808 4823 bns
1825 4768 1886 4823 iilis.

471 4851 676 4916 Sanctissimo
705 4852 740 4915 in
763 4852 888 4917 Christo
919 4853 1001 4937 patri
1024 4859 1056 4917 et
1087 4853 1216 4917 domino
1245 4853 1336 4916 iratm
1359 4851 1485 4932 Gentili,
1515 4849 1717 4912 miseratione
1771 4864 1876 4919 laterae

315 4954 425 5018 divina
440 4955 524 5019 tituli
539 4957 640 5020 sancti
656 4956 785 5020 Martini
807 4957 841 5019 in
855 4956 1020 5020 Montibus
1042 4957 1229 5041 presbytero
1245 4955 1406 5037 cardinali,
1428 4954 1619 5039 apostolicae
1633 4951 1717 5016 sedis
1764 4942 1882 4996 iudicum

314 5058 428 5142 legato,
459 5059 557 5124 frater
579 5059 756 5124 cristianus
787 5060 874 5145 prior
896 5059 1155 5124 Praedicatorum
1186 5062 1225 5125 de
1246 5059 1393 5141 Bysterci
1420 5064 1454 5123 et
1482 5057 1580 5121 irater
1602 5056 1718 5120 Petrus
1748 5028 1893 5144 afflflo,

314 5163 415 5227 lector
443 5163 579 5227 fratrum
601 5163 763 5228 Minorum
793 5165 833 5227 de
862 5164 996 5228 Varasio
1026 5183 1063 5227 ac
1092 5163 1257 5227 Renoldus
1286 5162 1441 5247 plebanus
1469 5162 1508 5225 de
1535 5158 1718 5224 Stolzimbel
1749 5166 1827 5221 nibus
1846 5183 1895 5236 pm

247 5271 283 5325 40
316 5267 529 5331 reverentiam
545 5267 682 5331 debitam
698 5271 731 5330 et
746 5267 893 5330 devotam
915 5287 990 5332 cum
1006 5268 1185 5331 orationum
1200 5266 1358 5350 suffragiis
1373 5267 1568 5330 devotarum.
1595 5262 1718 5328 Iiteras
1767 5244 1876 5300 ⁰¹⁰5&-

316 5376 443 5436 vestrae
465 5371 641 5436 sanctitatis
663 5369 757 5434 nobis
779 5370 952 5435 destinatas
977 5370 1155 5454 recepimus
1177 5370 1283 5435 debito
1306 5390 1380 5434 cum
1402 5370 1523 5435 honore
1545 5368 1665 5433 tenoris
1687 5371 1720 5434 11

316 5474 531 5540 continentiae
551 5474 636 5538 inira
657 5474 801 5559 scriptae.
