<?xml version="1.0" encoding="UTF-8"?>
<!DOCTYPE html PUBLIC "-//W3C//DTD XHTML 1.0 Transitional//EN"
    "http://www.w3.org/TR/xhtml1/DTD/xhtml1-transitional.dtd">
<html xmlns="http://www.w3.org/1999/xhtml" xml:lang="en" lang="en">
 <head>
  <title>
</title>
<meta http-equiv="Content-Type" content="text/html;charset=utf-8" />
  <meta name='ocr-system' content='tesseract 3.04.00' />
  <meta name='ocr-capabilities' content='ocr_page ocr_carea ocr_par ocr_line ocrx_word'/>
</head>
<body>
  <div class='ocr_page' id='page_1' title='image "./urkundenbuchzur00mlgoog_0519.png"; bbox 0 0 4084 6302; ppageno 0'>
   <div class='ocr_carea' id='block_1_1' title="bbox 985 604 1139 699">
    <p class='ocr_par' dir='ltr' id='par_1_1' title="bbox 985 604 1139 699">
     <span class='ocr_line' id='line_1_1' title="bbox 985 604 1139 699; baseline 0 -34"><span class='ocrx_word' id='word_1_1' title='bbox 985 604 1139 699; x_wconf 36' lang='lat' dir='ltr'>Aca*</span> 
     </span>
    </p>
   </div>
   <div class='ocr_carea' id='block_1_2' title="bbox 268 788 1819 1385">
    <p class='ocr_par' dir='ltr' id='par_1_2' title="bbox 268 788 1819 1385">
     <span class='ocr_line' id='line_1_2' title="bbox 368 788 1768 874; baseline 0.007 -25"><span class='ocrx_word' id='word_1_2' title='bbox 368 788 557 870; x_wconf 88' lang='lat' dir='ltr'>viribusque</span> <span class='ocrx_word' id='word_1_3' title='bbox 573 809 683 853; x_wconf 88' lang='lat' dir='ltr'>carum</span> <span class='ocrx_word' id='word_1_4' title='bbox 698 790 853 853; x_wconf 85' lang='lat' dir='ltr'>carituras</span> <span class='ocrx_word' id='word_1_5' title='bbox 868 810 999 874; x_wconf 88' lang='lat' dir='ltr'>prorsus</span> <span class='ocrx_word' id='word_1_6' title='bbox 1016 792 1068 856; x_wconf 88' lang='lat' dir='ltr'>vel</span> <span class='ocrx_word' id='word_1_7' title='bbox 1083 792 1284 857; x_wconf 88' lang='lat' dir='ltr'>reclamando</span> <span class='ocrx_word' id='word_1_8' title='bbox 1301 799 1333 857; x_wconf 89' lang='lat' dir='ltr'>et</span> <span class='ocrx_word' id='word_1_9' title='bbox 1347 793 1580 859; x_wconf 86' lang='lat' dir='ltr'>exhibitoribus</span> <span class='ocrx_word' id='word_1_10' title='bbox 1594 795 1768 861; x_wconf 87' lang='lat' dir='ltr'>earundem</span> 
     </span>
     <span class='ocr_line' id='line_1_3' title="bbox 268 878 1768 979; baseline 0.006 -26"><span class='ocrx_word' id='word_1_11' title='bbox 268 878 284 895; x_wconf 64' lang='grc'><em>”</em></span> <span class='ocrx_word' id='word_1_12' title='bbox 370 892 542 973; x_wconf 85' lang='lat' dir='ltr'>nocituras,</span> <span class='ocrx_word' id='word_1_13' title='bbox 565 912 672 956; x_wconf 88' lang='lat' dir='ltr'>coram</span> <span class='ocrx_word' id='word_1_14' title='bbox 695 894 788 957; x_wconf 89' lang='lat' dir='ltr'>nobis</span> <span class='ocrx_word' id='word_1_15' title='bbox 811 894 1037 958; x_wconf 89' lang='lat' dir='ltr'>committendo</span> <span class='ocrx_word' id='word_1_16' title='bbox 1060 901 1093 959; x_wconf 83' lang='lat' dir='ltr'>ot</span> <span class='ocrx_word' id='word_1_17' title='bbox 1114 896 1254 979; x_wconf 82' lang='lat' dir='ltr'>insuper,</span> <span class='ocrx_word' id='word_1_18' title='bbox 1278 897 1364 978; x_wconf 92' lang='lat' dir='ltr'>quod</span> <span class='ocrx_word' id='word_1_19' title='bbox 1384 896 1579 961; x_wconf 70' lang='lat' dir='ltr'>exhibitores</span> <span class='ocrx_word' id='word_1_20' title='bbox 1593 898 1768 963; x_wconf 85' lang='lat' dir='ltr'>earundem</span> 
     </span>
     <span class='ocr_line' id='line_1_4' title="bbox 372 995 1768 1080; baseline 0.006 -24"><span class='ocrx_word' id='word_1_21' title='bbox 372 995 405 1056; x_wconf 90' lang='lat' dir='ltr'>in</span> <span class='ocrx_word' id='word_1_22' title='bbox 429 995 512 1057; x_wconf 85' lang='lat' dir='ltr'>lacto</span> <span class='ocrx_word' id='word_1_23' title='bbox 535 996 713 1059; x_wconf 87' lang='lat' dir='ltr'>calumniae</span> <span class='ocrx_word' id='word_1_24' title='bbox 737 998 822 1059; x_wconf 89' lang='lat' dir='ltr'>omni</span> <span class='ocrx_word' id='word_1_25' title='bbox 842 1002 984 1080; x_wconf 87' lang='lat' dir='ltr'>tempore</span> <span class='ocrx_word' id='word_1_26' title='bbox 999 999 1205 1062; x_wconf 80' lang='lat' dir='ltr'>exhibitionis</span> <span class='ocrx_word' id='word_1_27' title='bbox 1221 999 1374 1063; x_wconf 87' lang='lat' dir='ltr'>deberent</span> <span class='ocrx_word' id='word_1_28' title='bbox 1387 1018 1551 1064; x_wconf 85' lang='lat' dir='ltr'>remanere</span> <span class='ocrx_word' id='word_1_29' title='bbox 1567 1006 1599 1064; x_wconf 89' lang='lat' dir='ltr'>et</span> <span class='ocrx_word' id='word_1_30' title='bbox 1614 1002 1768 1065; x_wconf 82' lang='lat' dir='ltr'>committi</span> 
     </span>
     <span class='ocr_line' id='line_1_5' title="bbox 368 1099 1767 1186; baseline 0.006 -26"><span class='ocrx_word' id='word_1_31' title='bbox 368 1116 406 1160; x_wconf 87' lang='lat' dir='ltr'>co</span> <span class='ocrx_word' id='word_1_32' title='bbox 430 1099 522 1180; x_wconf 72' lang='lat' dir='ltr'>lacto,</span> <span class='ocrx_word' id='word_1_33' title='bbox 549 1101 691 1183; x_wconf 86' lang='lat' dir='ltr'>exceptis</span> <span class='ocrx_word' id='word_1_34' title='bbox 715 1104 818 1162; x_wconf 88' lang='lat' dir='ltr'>tamen</span> <span class='ocrx_word' id='word_1_35' title='bbox 841 1099 889 1181; x_wconf 85' lang='lat' dir='ltr'>iis,</span> <span class='ocrx_word' id='word_1_36' title='bbox 913 1101 1000 1182; x_wconf 89' lang='lat' dir='ltr'>quod</span> <span class='ocrx_word' id='word_1_37' title='bbox 1022 1102 1130 1165; x_wconf 80' lang='lat' dir='ltr'>literas</span> <span class='ocrx_word' id='word_1_38' title='bbox 1151 1103 1253 1185; x_wconf 90' lang='lat' dir='ltr'>ipsius</span> <span class='ocrx_word' id='word_1_39' title='bbox 1273 1102 1405 1166; x_wconf 85' lang='lat' dir='ltr'>Iwanlra</span> <span class='ocrx_word' id='word_1_40' title='bbox 1426 1103 1457 1165; x_wconf 93' lang='lat' dir='ltr'>iu</span> <span class='ocrx_word' id='word_1_41' title='bbox 1481 1103 1623 1186; x_wconf 86' lang='lat' dir='ltr'>ipsarum</span> <span class='ocrx_word' id='word_1_42' title='bbox 1644 1104 1767 1168; x_wconf 89' lang='lat' dir='ltr'>viribus</span> 
     </span>
     <span class='ocr_line' id='line_1_6' title="bbox 366 1199 1819 1288; baseline 0.003 -26"><span class='ocrx_word' id='word_1_43' title='bbox 366 1199 519 1264; x_wconf 86' lang='lat' dir='ltr'>deberent</span> <span class='ocrx_word' id='word_1_44' title='bbox 549 1220 721 1265; x_wconf 84' lang='lat' dir='ltr'>remanere.</span> <span class='ocrx_word' id='word_1_45' title='bbox 755 1202 794 1266; x_wconf 92' lang='lat' dir='ltr'>In</span> <span class='ocrx_word' id='word_1_46' title='bbox 827 1223 964 1284; x_wconf 92' lang='lat' dir='ltr'>quorum</span> <span class='ocrx_word' id='word_1_47' title='bbox 995 1204 1242 1288; x_wconf 87' lang='lat' dir='ltr'>praemissorum</span> <span class='ocrx_word' id='word_1_48' title='bbox 1265 1206 1481 1269; x_wconf 86' lang='lat' dir='ltr'>testimonium</span> <span class='ocrx_word' id='word_1_49' title='bbox 1512 1207 1620 1271; x_wconf 80' lang='lat' dir='ltr'>literas</span> <span class='ocrx_word' id='word_1_50' title='bbox 1642 1214 1766 1272; x_wconf 85' lang='lat' dir='ltr'>nostras</span> <span class='ocrx_word' id='word_1_51' title='bbox 1801 1216 1819 1267; x_wconf 83' lang='lat'>5</span> 
     </span>
     <span class='ocr_line' id='line_1_7' title="bbox 368 1302 1766 1385; baseline 0.006 -20"><span class='ocrx_word' id='word_1_52' title='bbox 368 1302 579 1385; x_wconf 87' lang='lat' dir='ltr'>privilegiales</span> <span class='ocrx_word' id='word_1_53' title='bbox 601 1304 702 1368; x_wconf 90' lang='lat' dir='ltr'>eidem</span> <span class='ocrx_word' id='word_1_54' title='bbox 726 1305 856 1368; x_wconf 85' lang='lat' dir='ltr'>Iwanlra</span> <span class='ocrx_word' id='word_1_55' title='bbox 879 1307 1030 1371; x_wconf 84' lang='lat' dir='ltr'>duximus</span> <span class='ocrx_word' id='word_1_56' title='bbox 1052 1307 1278 1373; x_wconf 85' lang='lat' dir='ltr'>concedendas.</span> <span class='ocrx_word' id='word_1_57' title='bbox 1301 1305 1419 1371; x_wconf 86' lang='lat' dir='ltr'>Datum</span> <span class='ocrx_word' id='word_1_58' title='bbox 1442 1309 1475 1371; x_wconf 95' lang='lat' dir='ltr'>in</span> <span class='ocrx_word' id='word_1_59' title='bbox 1498 1309 1578 1373; x_wconf 87' lang='lat' dir='ltr'>iesto</span> <span class='ocrx_word' id='word_1_60' title='bbox 1602 1310 1766 1374; x_wconf 85' lang='lat' dir='ltr'>beatorum</span> 
     </span>
    </p>
   </div>
   <div class='ocr_carea' id='block_1_3' title="bbox 366 1403 1777 1590">
    <p class='ocr_par' dir='ltr' id='par_1_3' title="bbox 366 1403 1777 1590">
     <span class='ocr_line' id='line_1_8' title="bbox 366 1403 1777 1495; baseline 0.006 -28"><span class='ocrx_word' id='word_1_61' title='bbox 366 1403 504 1468; x_wconf 83' lang='lat' dir='ltr'>Simonis</span> <span class='ocrx_word' id='word_1_62' title='bbox 536 1412 568 1469; x_wconf 87' lang='lat' dir='ltr'>ct</span> <span class='ocrx_word' id='word_1_63' title='bbox 588 1407 693 1470; x_wconf 86' lang='lat' dir='ltr'>Judac</span> <span class='ocrx_word' id='word_1_64' title='bbox 724 1408 949 1491; x_wconf 83' lang='lat' dir='ltr'>apostolorum,</span> <span class='ocrx_word' id='word_1_65' title='bbox 979 1429 1063 1472; x_wconf 88' lang='lat' dir='ltr'>auno</span> <span class='ocrx_word' id='word_1_66' title='bbox 1095 1409 1215 1472; x_wconf 91' lang='lat' dir='ltr'>domini</span> <span class='ocrx_word' id='word_1_67' title='bbox 1239 1410 1404 1474; x_wconf 90' lang='lat' dir='ltr'>millesimo</span> <span class='ocrx_word' id='word_1_68' title='bbox 1428 1412 1648 1475; x_wconf 87' lang='lat' dir='ltr'>trecentesimo</span> <span class='ocrx_word' id='word_1_69' title='bbox 1671 1412 1777 1495; x_wconf 63' lang='lat' dir='ltr'>trigo·⁴</span> 
     </span>
     <span class='ocr_line' id='line_1_9' title="bbox 366 1510 592 1590; baseline 0.009 -19"><span class='ocrx_word' id='word_1_70' title='bbox 366 1510 446 1571; x_wconf 92' lang='lat' dir='ltr'>simo</span> <span class='ocrx_word' id='word_1_71' title='bbox 470 1515 592 1590; x_wconf 88' lang='lat' dir='ltr'>quarto.</span> 
     </span>
    </p>
   </div>
   <div class='ocr_carea' id='block_1_4' title="bbox 1022 1857 1107 1938">
    <p class='ocr_par' dir='ltr' id='par_1_4' title="bbox 1022 1857 1107 1938">
     <span class='ocr_line' id='line_1_10' title="bbox 1022 1857 1107 1938; baseline 0.012 -1"><span class='ocrx_word' id='word_1_72' title='bbox 1022 1857 1107 1938; x_wconf 81' lang='lat'><strong>511.</strong></span> 
     </span>
    </p>
   </div>
   <div class='ocr_carea' id='block_1_5' title="bbox 367 2034 1837 2250">
    <p class='ocr_par' dir='ltr' id='par_1_5' title="bbox 367 2034 1837 2250">
     <span class='ocr_line' id='line_1_11' title="bbox 445 2034 1837 2112; baseline 0.006 -8"><span class='ocrx_word' id='word_1_73' title='bbox 445 2038 550 2107; x_wconf 82' lang='lat'><em>1334</em></span> <span class='ocrx_word' id='word_1_74' title='bbox 577 2034 767 2106; x_wconf 81' lang='lat' dir='ltr'>November</span> <span class='ocrx_word' id='word_1_75' title='bbox 796 2038 847 2105; x_wconf 87' lang='lat'>10</span> <span class='ocrx_word' id='word_1_76' title='bbox 879 2035 929 2107; x_wconf 62' lang='lat' dir='ltr'>baa</span> <span class='ocrx_word' id='word_1_77' title='bbox 956 2039 1021 2112; x_wconf 79' lang='lat'>20.</span> <span class='ocrx_word' id='word_1_78' title='bbox 1066 2037 1222 2110; x_wconf 74' lang='lat' dir='ltr'>Pviester</span> <span class='ocrx_word' id='word_1_79' title='bbox 1255 2038 1434 2110; x_wconf 82' lang='lat' dir='ltr'>Jobvrvves</span> <span class='ocrx_word' id='word_1_80' title='bbox 1467 2039 1676 2111; x_wconf 77' lang='lat' dir='ltr'>verveiebvet</span> <span class='ocrx_word' id='word_1_81' title='bbox 1710 2041 1766 2112; x_wconf 77' lang='lat' dir='ltr'>die</span> <span class='ocrx_word' id='word_1_82' title='bbox 1803 2057 1837 2112; x_wconf 89' lang='lat'>10</span> 
     </span>
     <span class='ocr_line' id='line_1_12' title="bbox 367 2154 1763 2250; baseline 0.003 -22"><span class='ocrx_word' id='word_1_83' title='bbox 367 2156 476 2228; x_wconf 84' lang='lat' dir='ltr'>dvrcb</span> <span class='ocrx_word' id='word_1_84' title='bbox 501 2157 563 2228; x_wconf 81' lang='lat' dir='ltr'>iba</span> <span class='ocrx_word' id='word_1_85' title='bbox 588 2178 651 2227; x_wconf 81' lang='lat' dir='ltr'>vom</span> <span class='ocrx_word' id='word_1_86' title='bbox 670 2154 846 2244; x_wconf 85' lang='lat' dir='ltr'>varrerv</span> <span class='ocrx_word' id='word_1_87' title='bbox 864 2156 923 2227; x_wconf 82' lang='lat' dir='ltr'>des</span> <span class='ocrx_word' id='word_1_88' title='bbox 941 2155 1093 2229; x_wconf 83' lang='lat' dir='ltr'>Brooser</span> <span class='ocrx_word' id='word_1_89' title='bbox 1110 2157 1307 2231; x_wconf 80' lang='lat' dir='ltr'>Dekcvvtes</span> <span class='ocrx_word' id='word_1_90' title='bbox 1333 2158 1577 2249; x_wconf 70' lang='lat' dir='ltr'>vaebobevev</span> <span class='ocrx_word' id='word_1_91' title='bbox 1591 2158 1763 2250; x_wconf 73' lang='lat' dir='ltr'>Abqvbem.</span> 
     </span>
    </p>
   </div>
   <div class='ocr_carea' id='block_1_6' title="bbox 469 2318 1766 2561">
    <p class='ocr_par' dir='ltr' id='par_1_6' title="bbox 469 2318 1766 2561">
     <span class='ocr_line' id='line_1_13' title="bbox 524 2318 1765 2390; baseline 0.002 -17"><span class='ocrx_word' id='word_1_92' title='bbox 524 2318 600 2388; x_wconf 73' lang='lat' dir='ltr'>Oriy.</span> <span class='ocrx_word' id='word_1_93' title='bbox 619 2318 860 2387; x_wconf 71' lang='lat' dir='ltr'>Perqovvcntblutt.</span> <span class='ocrx_word' id='word_1_94' title='bbox 879 2318 1059 2373; x_wconf 75' lang='lat' dir='ltr'>Hemonam.</span> <span class='ocrx_word' id='word_1_95' title='bbox 1071 2319 1183 2374; x_wconf 80' lang='lat' dir='ltr'>Arcbv&#39;o.</span> <span class='ocrx_word' id='word_1_96' title='bbox 1202 2320 1345 2375; x_wconf 82' lang='lat' dir='ltr'>Jobccnes</span> <span class='ocrx_word' id='word_1_97' title='bbox 1362 2321 1411 2374; x_wconf 76' lang='lat' dir='ltr'>bct</span> <span class='ocrx_word' id='word_1_98' title='bbox 1427 2322 1488 2375; x_wconf 80' lang='lat' dir='ltr'>bier</span> <span class='ocrx_word' id='word_1_99' title='bbox 1505 2321 1702 2390; x_wconf 70' lang='lat' dir='ltr'>vrvprvtmqlicb</span> <span class='ocrx_word' id='word_1_100' title='bbox 1719 2322 1765 2375; x_wconf 82' lang='lat' dir='ltr'>eim</span> 
     </span>
     <span class='ocr_line' id='line_1_14' title="bbox 475 2404 1766 2476; baseline 0.003 -17"><span class='ocrx_word' id='word_1_101' title='bbox 475 2405 662 2459; x_wconf 80' lang='lat' dir='ltr'>Verveicbm&#39;ar</span> <span class='ocrx_word' id='word_1_102' title='bbox 685 2404 734 2458; x_wconf 80' lang='lat' dir='ltr'>der</span> <span class='ocrx_word' id='word_1_103' title='bbox 759 2404 1052 2475; x_wconf 69' lang='lat' dir='ltr'>voblvvyapfb&#39;cbtv&#39;yea</span> <span class='ocrx_word' id='word_1_104' title='bbox 1070 2405 1189 2472; x_wconf 67' lang='lat' dir='ltr'>Psarrer</span> <span class='ocrx_word' id='word_1_105' title='bbox 1212 2408 1480 2476; x_wconf 69' lang='lat' dir='ltr'>zusammemcestelit,</span> <span class='ocrx_word' id='word_1_106' title='bbox 1504 2409 1583 2461; x_wconf 84' lang='lat' dir='ltr'>dorm</span> <span class='ocrx_word' id='word_1_107' title='bbox 1606 2413 1699 2476; x_wconf 78' lang='lat' dir='ltr'>apdter</span> <span class='ocrx_word' id='word_1_108' title='bbox 1721 2409 1766 2463; x_wconf 78' lang='lat' dir='ltr'>die</span> 
     </span>
     <span class='ocr_line' id='line_1_15' title="bbox 469 2490 976 2561; baseline 0 -16"><span class='ocrx_word' id='word_1_109' title='bbox 469 2492 627 2561; x_wconf 64' lang='lat' dir='ltr'>cardumae</span> <span class='ocrx_word' id='word_1_110' title='bbox 645 2491 775 2560; x_wconf 69' lang='lat' dir='ltr'>Zabluvy</span> <span class='ocrx_word' id='word_1_111' title='bbox 793 2490 976 2561; x_wconf 70' lang='lat' dir='ltr'>eimyetvaqem.</span> 
     </span>
    </p>
   </div>
   <div class='ocr_carea' id='block_1_7' title="bbox 525 2611 1835 2682">
    <p class='ocr_par' dir='ltr' id='par_1_7' title="bbox 525 2611 1835 2682">
     <span class='ocr_line' id='line_1_16' title="bbox 525 2611 1835 2682; baseline 0.003 -16"><span class='ocrx_word' id='word_1_112' title='bbox 525 2611 637 2666; x_wconf 77' lang='lat' dir='ltr'>Druck:</span> <span class='ocrx_word' id='word_1_113' title='bbox 661 2611 869 2666; x_wconf 78' lang='lat' dir='ltr'>Vereinscrdm&#39;o</span> <span class='ocrx_word' id='word_1_114' title='bbox 887 2612 965 2666; x_wconf 84' lang='lat' dir='ltr'>Neve</span> <span class='ocrx_word' id='word_1_115' title='bbox 983 2613 1070 2682; x_wconf 66' lang='lat' dir='ltr'>Foloe</span> <span class='ocrx_word' id='word_1_116' title='bbox 1087 2612 1182 2680; x_wconf 86' lang='lat' dir='ltr'><strong><em>XIII,</em></strong></span> <span class='ocrx_word' id='word_1_117' title='bbox 1201 2615 1256 2667; x_wconf 87' lang='grc'>367</span> <span class='ocrx_word' id='word_1_118' title='bbox 1270 2614 1329 2667; x_wconf 78' lang='lat' dir='ltr'>aad</span> <span class='ocrx_word' id='word_1_119' title='bbox 1347 2613 1378 2667; x_wconf 89' lang='lat' dir='ltr'><em>X</em></span> <span class='ocrx_word' id='word_1_120' title='bbox 1383 2614 1415 2681; x_wconf 80' lang='lat' dir='ltr'>V,</span> <span class='ocrx_word' id='word_1_121' title='bbox 1434 2617 1494 2668; x_wconf 83' lang='lat'>177.</span> <span class='ocrx_word' id='word_1_122' title='bbox 1802 2618 1835 2671; x_wconf 82' lang='grc'>15</span> 
     </span>
    </p>
   </div>
   <div class='ocr_carea' id='block_1_8' title="bbox 366 2782 1835 4846">
    <p class='ocr_par' dir='ltr' id='par_1_8' title="bbox 366 2782 1835 3509">
     <span class='ocr_line' id='line_1_17' title="bbox 523 2782 1764 2891; baseline 0.003 -24"><span class='ocrx_word' id='word_1_123' title='bbox 523 2801 633 2886; x_wconf 74' lang='lat' dir='ltr'>[Nolta</span> <span class='ocrx_word' id='word_1_124' title='bbox 655 2803 742 2884; x_wconf 91' lang='lat' dir='ltr'>quod</span> <span class='ocrx_word' id='word_1_125' title='bbox 764 2823 848 2866; x_wconf 89' lang='lat' dir='ltr'>anno</span> <span class='ocrx_word' id='word_1_126' title='bbox 872 2804 992 2867; x_wconf 89' lang='lat' dir='ltr'>domiui</span> <span class='ocrx_word' id='word_1_127' title='bbox 1014 2782 1055 2867; x_wconf 77' lang='grc'><strong>111.</strong></span> <span class='ocrx_word' id='word_1_128' title='bbox 1072 2782 1275 2869; x_wconf 65' lang='grc'><strong>0011111111</strong></span> <span class='ocrx_word' id='word_1_129' title='bbox 1307 2810 1421 2887; x_wconf 87' lang='lat' dir='ltr'>quarto</span> <span class='ocrx_word' id='word_1_130' title='bbox 1447 2806 1527 2870; x_wconf 88' lang='lat' dir='ltr'>feria</span> <span class='ocrx_word' id='word_1_131' title='bbox 1557 2808 1670 2888; x_wconf 87' lang='lat' dir='ltr'>quinta</span> <span class='ocrx_word' id='word_1_132' title='bbox 1691 2827 1764 2891; x_wconf 88' lang='lat' dir='ltr'>pro·</span> 
     </span>
     <span class='ocr_line' id='line_1_18' title="bbox 366 2906 1766 2990; baseline 0 -18"><span class='ocrx_word' id='word_1_133' title='bbox 366 2909 454 2972; x_wconf 84' lang='lat' dir='ltr'>xima</span> <span class='ocrx_word' id='word_1_134' title='bbox 475 2913 548 2971; x_wconf 79' lang='lat' dir='ltr'>ante</span> <span class='ocrx_word' id='word_1_135' title='bbox 571 2907 689 2971; x_wconf 84' lang='lat' dir='ltr'>festum</span> <span class='ocrx_word' id='word_1_136' title='bbox 712 2907 794 2970; x_wconf 84' lang='lat' dir='ltr'>beati</span> <span class='ocrx_word' id='word_1_137' title='bbox 810 2906 939 2971; x_wconf 87' lang='lat' dir='ltr'>Martini</span> <span class='ocrx_word' id='word_1_138' title='bbox 961 2908 1183 2984; x_wconf 75' lang='lat' dir='ltr'>contessoris1)</span> <span class='ocrx_word' id='word_1_139' title='bbox 1207 2927 1265 2990; x_wconf 85' lang='lat' dir='ltr'>ego</span> <span class='ocrx_word' id='word_1_140' title='bbox 1280 2908 1444 2972; x_wconf 83' lang='lat' dir='ltr'>Iohannes</span> <span class='ocrx_word' id='word_1_141' title='bbox 1466 2911 1613 2973; x_wconf 83' lang='lat' dir='ltr'>sacerdos</span> <span class='ocrx_word' id='word_1_142' title='bbox 1635 2916 1766 2974; x_wconf 86' lang='lat' dir='ltr'>exactor</span> 
     </span>
     <span class='ocr_line' id='line_1_19' title="bbox 367 3009 1765 3092; baseline 0.003 -18"><span class='ocrx_word' id='word_1_143' title='bbox 367 3030 522 3076; x_wconf 89' lang='lat' dir='ltr'>censuum</span> <span class='ocrx_word' id='word_1_144' title='bbox 546 3010 748 3072; x_wconf 91' lang='lat' dir='ltr'>dominorum</span> <span class='ocrx_word' id='word_1_145' title='bbox 771 3010 810 3073; x_wconf 88' lang='lat' dir='ltr'>dc</span> <span class='ocrx_word' id='word_1_146' title='bbox 833 3009 989 3074; x_wconf 86' lang='lat' dir='ltr'>decanatu</span> <span class='ocrx_word' id='word_1_147' title='bbox 1012 3011 1052 3074; x_wconf 87' lang='lat' dir='ltr'>de</span> <span class='ocrx_word' id='word_1_148' title='bbox 1074 3009 1230 3092; x_wconf 85' lang='lat' dir='ltr'>Warasyo</span> <span class='ocrx_word' id='word_1_149' title='bbox 1254 3011 1357 3076; x_wconf 78' lang='lat' dir='ltr'>dicavi</span> <span class='ocrx_word' id='word_1_150' title='bbox 1379 3012 1484 3075; x_wconf 80' lang='lat' dir='ltr'>fumos</span> <span class='ocrx_word' id='word_1_151' title='bbox 1507 3032 1564 3077; x_wconf 90' lang='lat' dir='ltr'>seu</span> <span class='ocrx_word' id='word_1_152' title='bbox 1587 3014 1675 3077; x_wconf 88' lang='lat' dir='ltr'>focos</span> <span class='ocrx_word' id='word_1_153' title='bbox 1696 3015 1765 3078; x_wconf 85' lang='lat' dir='ltr'>sive</span> 
     </span>
     <span class='ocr_line' id='line_1_20' title="bbox 366 3098 1766 3199; baseline 0.001 -20"><span class='ocrx_word' id='word_1_154' title='bbox 366 3114 541 3197; x_wconf 84' lang='lat' dir='ltr'>inquilinos</span> <span class='ocrx_word' id='word_1_155' title='bbox 571 3118 604 3177; x_wconf 87' lang='lat' dir='ltr'>et</span> <span class='ocrx_word' id='word_1_156' title='bbox 632 3113 773 3195; x_wconf 85' lang='lat' dir='ltr'>hospites</span> <span class='ocrx_word' id='word_1_157' title='bbox 804 3112 843 3176; x_wconf 90' lang='lat' dir='ltr'>de</span> <span class='ocrx_word' id='word_1_158' title='bbox 864 3114 1022 3195; x_wconf 88' lang='lat' dir='ltr'>Warasyo</span> <span class='ocrx_word' id='word_1_159' title='bbox 1053 3120 1086 3178; x_wconf 94' lang='lat' dir='ltr'>et</span> <span class='ocrx_word' id='word_1_160' title='bbox 1113 3114 1223 3177; x_wconf 89' lang='lat' dir='ltr'>inveni</span> <span class='ocrx_word' id='word_1_161' title='bbox 1251 3114 1284 3176; x_wconf 91' lang='lat' dir='ltr'>in</span> <span class='ocrx_word' id='word_1_162' title='bbox 1315 3120 1381 3178; x_wconf 90' lang='lat' dir='ltr'>toto</span> <span class='ocrx_word' id='word_1_163' title='bbox 1404 3098 1477 3184; x_wconf 71' lang='lat' dir='ltr'>cc‘b&#39;</span> <span class='ocrx_word' id='word_1_164' title='bbox 1500 3122 1533 3180; x_wconf 89' lang='lat' dir='ltr'>et</span> <span class='ocrx_word' id='word_1_165' title='bbox 1555 3116 1766 3199; x_wconf 85' lang='lat' dir='ltr'>quadraginta</span> 
     </span>
     <span class='ocr_line' id='line_1_21' title="bbox 369 3215 1835 3303; baseline -0.001 -21"><span class='ocrx_word' id='word_1_166' title='bbox 369 3224 508 3301; x_wconf 89' lang='lat' dir='ltr'>quatuor</span> <span class='ocrx_word' id='word_1_167' title='bbox 529 3217 644 3297; x_wconf 78' lang='lat' dir='ltr'>fumos,</span> <span class='ocrx_word' id='word_1_168' title='bbox 667 3221 802 3299; x_wconf 84' lang='lat' dir='ltr'>excepta</span> <span class='ocrx_word' id='word_1_169' title='bbox 816 3215 910 3278; x_wconf 90' lang='lat' dir='ltr'>domo</span> <span class='ocrx_word' id='word_1_170' title='bbox 934 3215 1095 3279; x_wconf 87' lang='lat' dir='ltr'>balnearia</span> <span class='ocrx_word' id='word_1_171' title='bbox 1109 3222 1142 3280; x_wconf 91' lang='lat' dir='ltr'>et</span> <span class='ocrx_word' id='word_1_172' title='bbox 1156 3223 1295 3299; x_wconf 90' lang='lat' dir='ltr'>quatuor</span> <span class='ocrx_word' id='word_1_173' title='bbox 1309 3217 1448 3301; x_wconf 78' lang='lat' dir='ltr'>beginas,</span> <span class='ocrx_word' id='word_1_174' title='bbox 1472 3224 1504 3283; x_wconf 89' lang='lat' dir='ltr'>et</span> <span class='ocrx_word' id='word_1_175' title='bbox 1525 3219 1677 3283; x_wconf 88' lang='lat' dir='ltr'>Nicolaus</span> <span class='ocrx_word' id='word_1_176' title='bbox 1698 3219 1765 3303; x_wconf 87' lang='lat' dir='ltr'>plo·</span> <span class='ocrx_word' id='word_1_177' title='bbox 1800 3227 1835 3280; x_wconf 74' lang='lat'>20</span> 
     </span>
     <span class='ocr_line' id='line_1_22' title="bbox 368 3318 1765 3404; baseline 0 -18"><span class='ocrx_word' id='word_1_178' title='bbox 368 3322 471 3386; x_wconf 89' lang='lat' dir='ltr'>banus</span> <span class='ocrx_word' id='word_1_179' title='bbox 493 3320 636 3384; x_wconf 89' lang='lat' dir='ltr'>ciusdem</span> <span class='ocrx_word' id='word_1_180' title='bbox 659 3318 719 3382; x_wconf 91' lang='lat' dir='ltr'>loci</span> <span class='ocrx_word' id='word_1_181' title='bbox 736 3319 832 3382; x_wconf 92' lang='lat' dir='ltr'>solvit</span> <span class='ocrx_word' id='word_1_182' title='bbox 853 3338 910 3402; x_wconf 90' lang='lat' dir='ltr'>pro</span> <span class='ocrx_word' id='word_1_183' title='bbox 927 3338 1026 3383; x_wconf 90' lang='lat' dir='ltr'>censu</span> <span class='ocrx_word' id='word_1_184' title='bbox 1042 3320 1139 3384; x_wconf 89' lang='lat' dir='ltr'>fumis</span> <span class='ocrx_word' id='word_1_185' title='bbox 1153 3321 1199 3384; x_wconf 91' lang='lat' dir='ltr'>sic</span> <span class='ocrx_word' id='word_1_186' title='bbox 1213 3323 1404 3404; x_wconf 88' lang='lat' dir='ltr'>computatis</span> <span class='ocrx_word' id='word_1_187' title='bbox 1421 3322 1518 3385; x_wconf 87' lang='lat' dir='ltr'>solvit</span> <span class='ocrx_word' id='word_1_188' title='bbox 1532 3320 1621 3399; x_wconf 70' lang='lat' dir='ltr'>sex&#39;)</span> <span class='ocrx_word' id='word_1_189' title='bbox 1644 3341 1765 3386; x_wconf 87' lang='lat' dir='ltr'>marcas</span> 
     </span>
     <span class='ocr_line' id='line_1_23' title="bbox 367 3419 1250 3509; baseline -0.003 -20"><span class='ocrx_word' id='word_1_190' title='bbox 367 3426 491 3509; x_wconf 84' lang='lat' dir='ltr'>argenti</span> <span class='ocrx_word' id='word_1_191' title='bbox 513 3423 641 3486; x_wconf 87' lang='lat' dir='ltr'>maioris</span> <span class='ocrx_word' id='word_1_192' title='bbox 663 3422 813 3506; x_wconf 88' lang='lat' dir='ltr'>ponderis</span> <span class='ocrx_word' id='word_1_193' title='bbox 837 3419 969 3506; x_wconf 90' lang='lat' dir='ltr'>[m]inus</span> <span class='ocrx_word' id='word_1_194' title='bbox 992 3423 1095 3486; x_wconf 89' lang='lat' dir='ltr'>medio</span> <span class='ocrx_word' id='word_1_195' title='bbox 1118 3424 1250 3487; x_wconf 88' lang='lat' dir='ltr'>fertone.</span> 
     </span>
    </p>

    <p class='ocr_par' dir='ltr' id='par_1_9' title="bbox 368 3525 1834 3818">
     <span class='ocr_line' id='line_1_24' title="bbox 523 3525 1765 3604; baseline 0 -14"><span class='ocrx_word' id='word_1_196' title='bbox 523 3526 604 3590; x_wconf 83' lang='lat' dir='ltr'>Item</span> <span class='ocrx_word' id='word_1_197' title='bbox 628 3526 707 3590; x_wconf 82' lang='lat' dir='ltr'>teria</span> <span class='ocrx_word' id='word_1_198' title='bbox 722 3532 814 3589; x_wconf 82' lang='lat' dir='ltr'>sexta</span> <span class='ocrx_word' id='word_1_199' title='bbox 829 3526 949 3590; x_wconf 90' lang='lat' dir='ltr'>scilicet</span> <span class='ocrx_word' id='word_1_200' title='bbox 963 3526 996 3588; x_wconf 90' lang='lat' dir='ltr'>in</span> <span class='ocrx_word' id='word_1_201' title='bbox 1012 3526 1092 3591; x_wconf 86' lang='lat' dir='ltr'>festo</span> <span class='ocrx_word' id='word_1_202' title='bbox 1109 3528 1193 3591; x_wconf 85' lang='lat' dir='ltr'>beati</span> <span class='ocrx_word' id='word_1_203' title='bbox 1207 3525 1366 3604; x_wconf 84' lang='lat' dir='ltr'>Martini⁸)</span> <span class='ocrx_word' id='word_1_204' title='bbox 1390 3526 1492 3590; x_wconf 86' lang='lat' dir='ltr'>dicavi</span> <span class='ocrx_word' id='word_1_205' title='bbox 1508 3527 1615 3590; x_wconf 89' lang='lat' dir='ltr'>villam</span> <span class='ocrx_word' id='word_1_206' title='bbox 1631 3527 1765 3591; x_wconf 81' lang='lat' dir='ltr'>Kontow</span> 
     </span>
     <span class='ocr_line' id='line_1_25' title="bbox 368 3629 1766 3712; baseline 0.001 -19"><span class='ocrx_word' id='word_1_207' title='bbox 368 3637 401 3693; x_wconf 89' lang='lat' dir='ltr'>ot</span> <span class='ocrx_word' id='word_1_208' title='bbox 429 3631 537 3693; x_wconf 86' lang='lat' dir='ltr'>inveni</span> <span class='ocrx_word' id='word_1_209' title='bbox 570 3630 737 3712; x_wconf 83' lang='lat' dir='ltr'>sexaginta</span> <span class='ocrx_word' id='word_1_210' title='bbox 759 3636 899 3710; x_wconf 86' lang='lat' dir='ltr'>quatuor</span> <span class='ocrx_word' id='word_1_211' title='bbox 920 3629 1035 3711; x_wconf 76' lang='lat' dir='ltr'>fumos,</span> <span class='ocrx_word' id='word_1_212' title='bbox 1066 3629 1161 3692; x_wconf 89' lang='lat' dir='ltr'>simul</span> <span class='ocrx_word' id='word_1_213' title='bbox 1183 3649 1257 3692; x_wconf 89' lang='lat' dir='ltr'>cum</span> <span class='ocrx_word' id='word_1_214' title='bbox 1279 3630 1461 3694; x_wconf 89' lang='lat' dir='ltr'>molendino</span> <span class='ocrx_word' id='word_1_215' title='bbox 1488 3635 1521 3694; x_wconf 88' lang='lat' dir='ltr'>et</span> <span class='ocrx_word' id='word_1_216' title='bbox 1543 3630 1690 3694; x_wconf 88' lang='lat' dir='ltr'>domibus</span> <span class='ocrx_word' id='word_1_217' title='bbox 1712 3651 1766 3694; x_wconf 90' lang='lat' dir='ltr'>co·</span> 
     </span>
     <span class='ocr_line' id='line_1_26' title="bbox 368 3731 1834 3818; baseline -0.001 -21"><span class='ocrx_word' id='word_1_218' title='bbox 368 3735 462 3817; x_wconf 76' lang='lat' dir='ltr'>mitis,</span> <span class='ocrx_word' id='word_1_219' title='bbox 487 3731 643 3818; x_wconf 86' lang='lat' dir='ltr'>[s]colaris</span> <span class='ocrx_word' id='word_1_220' title='bbox 665 3740 698 3795; x_wconf 85' lang='lat' dir='ltr'>et</span> <span class='ocrx_word' id='word_1_221' title='bbox 719 3733 863 3816; x_wconf 84' lang='lat' dir='ltr'>pastoris,</span> <span class='ocrx_word' id='word_1_222' title='bbox 886 3737 919 3795; x_wconf 89' lang='lat' dir='ltr'>ct</span> <span class='ocrx_word' id='word_1_223' title='bbox 940 3731 1104 3796; x_wconf 82' lang='lat' dir='ltr'>Iohannes</span> <span class='ocrx_word' id='word_1_224' title='bbox 1125 3731 1282 3816; x_wconf 90' lang='lat' dir='ltr'>plebanus</span> <span class='ocrx_word' id='word_1_225' title='bbox 1303 3734 1445 3797; x_wconf 85' lang='lat' dir='ltr'>eiusdem</span> <span class='ocrx_word' id='word_1_226' title='bbox 1467 3733 1528 3798; x_wconf 93' lang='lat' dir='ltr'>loci</span> <span class='ocrx_word' id='word_1_227' title='bbox 1552 3734 1655 3797; x_wconf 90' lang='lat' dir='ltr'>solvit.</span> <span class='ocrx_word' id='word_1_228' title='bbox 1799 3740 1834 3795; x_wconf 75' lang='lat'>25</span> 
     </span>
    </p>

    <p class='ocr_par' dir='ltr' id='par_1_10' title="bbox 367 3835 1765 4126">
     <span class='ocr_line' id='line_1_27' title="bbox 525 3835 1764 3913; baseline 0.002 -14"><span class='ocrx_word' id='word_1_229' title='bbox 525 3836 604 3899; x_wconf 90' lang='lat' dir='ltr'>ltem</span> <span class='ocrx_word' id='word_1_230' title='bbox 622 3835 758 3900; x_wconf 84' lang='lat' dir='ltr'>Sabbato</span> <span class='ocrx_word' id='word_1_231' title='bbox 782 3836 902 3899; x_wconf 89' lang='lat' dir='ltr'>scilicet</span> <span class='ocrx_word' id='word_1_232' title='bbox 924 3836 1064 3899; x_wconf 86' lang='lat' dir='ltr'>secundo</span> <span class='ocrx_word' id='word_1_233' title='bbox 1087 3837 1138 3900; x_wconf 87' lang='lat' dir='ltr'>die</span> <span class='ocrx_word' id='word_1_234' title='bbox 1160 3836 1233 3900; x_wconf 84' lang='lat' dir='ltr'>festi</span> <span class='ocrx_word' id='word_1_235' title='bbox 1255 3835 1338 3900; x_wconf 86' lang='lat' dir='ltr'>beati</span> <span class='ocrx_word' id='word_1_236' title='bbox 1354 3836 1512 3913; x_wconf 83' lang='lat' dir='ltr'>Martini⁴)</span> <span class='ocrx_word' id='word_1_237' title='bbox 1535 3837 1638 3901; x_wconf 86' lang='lat' dir='ltr'>dicavi</span> <span class='ocrx_word' id='word_1_238' title='bbox 1658 3837 1764 3901; x_wconf 89' lang='lat' dir='ltr'>villam</span> 
     </span>
     <span class='ocr_line' id='line_1_28' title="bbox 367 3918 1765 4021; baseline -0.001 -16"><span class='ocrx_word' id='word_1_239' title='bbox 367 3942 490 4005; x_wconf 86' lang='lat' dir='ltr'>Beroen</span> <span class='ocrx_word' id='word_1_240' title='bbox 514 3946 546 4003; x_wconf 91' lang='lat' dir='ltr'>et</span> <span class='ocrx_word' id='word_1_241' title='bbox 567 3940 677 4004; x_wconf 86' lang='lat' dir='ltr'>inveni</span> <span class='ocrx_word' id='word_1_242' title='bbox 698 3941 732 4002; x_wconf 90' lang='lat' dir='ltr'>in</span> <span class='ocrx_word' id='word_1_243' title='bbox 755 3918 839 4003; x_wconf 65' lang='lat' dir='ltr'>aab</span> <span class='ocrx_word' id='word_1_244' title='bbox 868 3945 901 4003; x_wconf 91' lang='lat' dir='ltr'>et</span> <span class='ocrx_word' id='word_1_245' title='bbox 923 3944 1045 4021; x_wconf 87' lang='lat' dir='ltr'>septem</span> <span class='ocrx_word' id='word_1_246' title='bbox 1067 3939 1173 4003; x_wconf 75' lang='lat' dir='ltr'>fumos</span> <span class='ocrx_word' id='word_1_247' title='bbox 1204 3940 1237 4001; x_wconf 94' lang='lat' dir='ltr'>in</span> <span class='ocrx_word' id='word_1_248' title='bbox 1260 3944 1327 4003; x_wconf 88' lang='lat' dir='ltr'>toto</span> <span class='ocrx_word' id='word_1_249' title='bbox 1353 3960 1426 4002; x_wconf 91' lang='lat' dir='ltr'>cum</span> <span class='ocrx_word' id='word_1_250' title='bbox 1449 3940 1632 4004; x_wconf 89' lang='lat' dir='ltr'>molendino</span> <span class='ocrx_word' id='word_1_251' title='bbox 1655 3945 1687 4004; x_wconf 91' lang='lat' dir='ltr'>et</span> <span class='ocrx_word' id='word_1_252' title='bbox 1709 3941 1765 4003; x_wconf 91' lang='lat' dir='ltr'>do·</span> 
     </span>
     <span class='ocr_line' id='line_1_29' title="bbox 369 4040 1764 4126; baseline 0 -20"><span class='ocrx_word' id='word_1_253' title='bbox 369 4044 474 4106; x_wconf 91' lang='lat' dir='ltr'>mibus</span> <span class='ocrx_word' id='word_1_254' title='bbox 490 4043 623 4122; x_wconf 72' lang='lat' dir='ltr'>comitis</span> <span class='ocrx_word' id='word_1_255' title='bbox 646 4042 786 4123; x_wconf 86' lang='lat' dir='ltr'>scolaris,</span> <span class='ocrx_word' id='word_1_256' title='bbox 808 4042 953 4126; x_wconf 78' lang='lat' dir='ltr'>pastoris,</span> <span class='ocrx_word' id='word_1_257' title='bbox 976 4047 1009 4105; x_wconf 86' lang='lat' dir='ltr'>et</span> <span class='ocrx_word' id='word_1_258' title='bbox 1023 4040 1219 4105; x_wconf 82' lang='lat' dir='ltr'>laurencius</span> <span class='ocrx_word' id='word_1_259' title='bbox 1240 4041 1396 4125; x_wconf 86' lang='lat' dir='ltr'>plebanus</span> <span class='ocrx_word' id='word_1_260' title='bbox 1418 4043 1560 4106; x_wconf 87' lang='lat' dir='ltr'>eiusdem</span> <span class='ocrx_word' id='word_1_261' title='bbox 1583 4043 1645 4106; x_wconf 90' lang='lat' dir='ltr'>loci</span> <span class='ocrx_word' id='word_1_262' title='bbox 1660 4043 1764 4106; x_wconf 90' lang='lat' dir='ltr'>solvit.</span> 
     </span>
    </p>

    <p class='ocr_par' dir='ltr' id='par_1_11' title="bbox 368 4143 1835 4538">
     <span class='ocr_line' id='line_1_30' title="bbox 521 4143 1766 4222; baseline 0.001 -13"><span class='ocrx_word' id='word_1_263' title='bbox 521 4145 602 4209; x_wconf 82' lang='lat' dir='ltr'>Item</span> <span class='ocrx_word' id='word_1_264' title='bbox 632 4146 666 4208; x_wconf 90' lang='lat' dir='ltr'>in</span> <span class='ocrx_word' id='word_1_265' title='bbox 697 4146 779 4209; x_wconf 89' lang='lat' dir='ltr'>festo</span> <span class='ocrx_word' id='word_1_266' title='bbox 809 4145 892 4209; x_wconf 87' lang='lat' dir='ltr'>beati</span> <span class='ocrx_word' id='word_1_267' title='bbox 923 4145 1038 4209; x_wconf 83' lang='lat' dir='ltr'>Briccii</span> <span class='ocrx_word' id='word_1_268' title='bbox 1068 4143 1289 4222; x_wconf 68' lang='lat' dir='ltr'>confessorisll</span> <span class='ocrx_word' id='word_1_269' title='bbox 1320 4145 1421 4209; x_wconf 86' lang='lat' dir='ltr'>dicavi</span> <span class='ocrx_word' id='word_1_270' title='bbox 1449 4146 1557 4209; x_wconf 87' lang='lat' dir='ltr'>villam</span> <span class='ocrx_word' id='word_1_271' title='bbox 1580 4145 1702 4209; x_wconf 80' lang='lat' dir='ltr'>Zarkad</span> <span class='ocrx_word' id='word_1_272' title='bbox 1733 4152 1766 4210; x_wconf 89' lang='lat' dir='ltr'>et</span> 
     </span>
     <span class='ocr_line' id='line_1_31' title="bbox 368 4248 1835 4332; baseline -0.001 -20"><span class='ocrx_word' id='word_1_273' title='bbox 368 4250 476 4312; x_wconf 85' lang='lat' dir='ltr'>inveni</span> <span class='ocrx_word' id='word_1_274' title='bbox 507 4249 539 4311; x_wconf 90' lang='lat' dir='ltr'>in</span> <span class='ocrx_word' id='word_1_275' title='bbox 572 4268 610 4312; x_wconf 83' lang='lat' dir='ltr'>ca</span> <span class='ocrx_word' id='word_1_276' title='bbox 640 4250 807 4332; x_wconf 82' lang='lat' dir='ltr'>sexaginta</span> <span class='ocrx_word' id='word_1_277' title='bbox 836 4248 942 4312; x_wconf 82' lang='lat' dir='ltr'>fumos</span> <span class='ocrx_word' id='word_1_278' title='bbox 971 4249 1004 4310; x_wconf 94' lang='lat' dir='ltr'>in</span> <span class='ocrx_word' id='word_1_279' title='bbox 1035 4254 1101 4312; x_wconf 91' lang='lat' dir='ltr'>toto</span> <span class='ocrx_word' id='word_1_280' title='bbox 1125 4255 1158 4312; x_wconf 90' lang='lat' dir='ltr'>et</span> <span class='ocrx_word' id='word_1_281' title='bbox 1179 4267 1282 4311; x_wconf 89' lang='lat' dir='ltr'>unum</span> <span class='ocrx_word' id='word_1_282' title='bbox 1304 4248 1532 4329; x_wconf 87' lang='lat' dir='ltr'>molendinum,</span> <span class='ocrx_word' id='word_1_283' title='bbox 1562 4255 1595 4312; x_wconf 87' lang='lat' dir='ltr'>et</span> <span class='ocrx_word' id='word_1_284' title='bbox 1615 4249 1764 4331; x_wconf 80' lang='lat' dir='ltr'>Wyncho</span> <span class='ocrx_word' id='word_1_285' title='bbox 1800 4257 1835 4311; x_wconf 75' lang='lat'>³0</span> 
     </span>
     <span class='ocr_line' id='line_1_32' title="bbox 368 4350 1765 4437; baseline 0 -21"><span class='ocrx_word' id='word_1_286' title='bbox 368 4352 524 4437; x_wconf 88' lang='lat' dir='ltr'>plebanus</span> <span class='ocrx_word' id='word_1_287' title='bbox 546 4352 586 4416; x_wconf 87' lang='lat' dir='ltr'>de</span> <span class='ocrx_word' id='word_1_288' title='bbox 608 4352 717 4415; x_wconf 85' lang='lat' dir='ltr'>cadom</span> <span class='ocrx_word' id='word_1_289' title='bbox 734 4353 830 4417; x_wconf 88' lang='lat' dir='ltr'>solvit</span> <span class='ocrx_word' id='word_1_290' title='bbox 845 4350 973 4431; x_wconf 69' lang='lat' dir='ltr'>unam2)</span> <span class='ocrx_word' id='word_1_291' title='bbox 995 4372 1134 4415; x_wconf 86' lang='lat' dir='ltr'>marcam</span> <span class='ocrx_word' id='word_1_292' title='bbox 1149 4351 1277 4415; x_wconf 88' lang='lat' dir='ltr'>maioris</span> <span class='ocrx_word' id='word_1_293' title='bbox 1298 4351 1457 4434; x_wconf 84' lang='lat' dir='ltr'>ponderis,</span> <span class='ocrx_word' id='word_1_294' title='bbox 1479 4352 1566 4415; x_wconf 86' lang='lat' dir='ltr'>etad</span> <span class='ocrx_word' id='word_1_295' title='bbox 1581 4353 1765 4435; x_wconf 90' lang='lat' dir='ltr'>petitionem</span> 
     </span>
     <span class='ocr_line' id='line_1_33' title="bbox 368 4454 1709 4538; baseline -0.001 -18"><span class='ocrx_word' id='word_1_296' title='bbox 368 4457 528 4520; x_wconf 87' lang='lat' dir='ltr'>sociorum</span> <span class='ocrx_word' id='word_1_297' title='bbox 551 4474 693 4537; x_wconf 82' lang='lat' dir='ltr'>suorum,</span> <span class='ocrx_word' id='word_1_298' title='bbox 716 4457 880 4536; x_wconf 87' lang='lat' dir='ltr'>quianon</span> <span class='ocrx_word' id='word_1_299' title='bbox 902 4455 1045 4538; x_wconf 73' lang='lat' dir='ltr'>habebat</span> <span class='ocrx_word' id='word_1_300' title='bbox 1069 4461 1105 4520; x_wconf 90' lang='lat' dir='ltr'>ut</span> <span class='ocrx_word' id='word_1_301' title='bbox 1127 4455 1217 4537; x_wconf 72' lang='lat' dir='ltr'>dixit</span> <span class='ocrx_word' id='word_1_302' title='bbox 1240 4454 1382 4519; x_wconf 87' lang='lat' dir='ltr'>relaxavi</span> <span class='ocrx_word' id='word_1_303' title='bbox 1407 4473 1508 4518; x_wconf 91' lang='lat' dir='ltr'>unum</span> <span class='ocrx_word' id='word_1_304' title='bbox 1529 4455 1709 4519; x_wconf 84' lang='lat' dir='ltr'>iruntiuum.</span> 
     </span>
    </p>

    <p class='ocr_par' dir='ltr' id='par_1_12' title="bbox 369 4554 1834 4846">
     <span class='ocr_line' id='line_1_34' title="bbox 523 4554 1765 4635; baseline 0 -13"><span class='ocrx_word' id='word_1_305' title='bbox 523 4559 603 4622; x_wconf 82' lang='lat' dir='ltr'>itam</span> <span class='ocrx_word' id='word_1_306' title='bbox 626 4559 706 4622; x_wconf 79' lang='lat' dir='ltr'>teria</span> <span class='ocrx_word' id='word_1_307' title='bbox 728 4558 868 4623; x_wconf 82' lang='lat' dir='ltr'>secunde</span> <span class='ocrx_word' id='word_1_308' title='bbox 883 4559 1003 4623; x_wconf 81' lang='lat' dir='ltr'>sedicet</span> <span class='ocrx_word' id='word_1_309' title='bbox 1025 4558 1166 4622; x_wconf 85' lang='lat' dir='ltr'>secundo</span> <span class='ocrx_word' id='word_1_310' title='bbox 1189 4557 1240 4620; x_wconf 87' lang='lat' dir='ltr'>die</span> <span class='ocrx_word' id='word_1_311' title='bbox 1263 4557 1347 4621; x_wconf 89' lang='lat' dir='ltr'>beati</span> <span class='ocrx_word' id='word_1_312' title='bbox 1361 4556 1507 4635; x_wconf 70' lang='lat' dir='ltr'>Bricciiu</span> <span class='ocrx_word' id='word_1_313' title='bbox 1531 4554 1635 4622; x_wconf 88' lang='lat' dir='ltr'>dicavi</span> <span class='ocrx_word' id='word_1_314' title='bbox 1656 4559 1765 4622; x_wconf 88' lang='lat' dir='ltr'>villam</span> 
     </span>
     <span class='ocr_line' id='line_1_35' title="bbox 369 4658 1765 4745; baseline -0.001 -18"><span class='ocrx_word' id='word_1_315' title='bbox 369 4663 488 4727; x_wconf 84' lang='lat' dir='ltr'>Tordas</span> <span class='ocrx_word' id='word_1_316' title='bbox 510 4667 543 4726; x_wconf 86' lang='lat' dir='ltr'>et</span> <span class='ocrx_word' id='word_1_317' title='bbox 564 4662 673 4726; x_wconf 85' lang='lat' dir='ltr'>inveni</span> <span class='ocrx_word' id='word_1_318' title='bbox 699 4661 733 4723; x_wconf 91' lang='lat' dir='ltr'>in</span> <span class='ocrx_word' id='word_1_319' title='bbox 756 4680 794 4725; x_wconf 88' lang='lat' dir='ltr'>ea</span> <span class='ocrx_word' id='word_1_320' title='bbox 817 4661 1049 4743; x_wconf 85' lang='lat' dir='ltr'>quinquaginta</span> <span class='ocrx_word' id='word_1_321' title='bbox 1070 4679 1129 4723; x_wconf 84' lang='lat' dir='ltr'>sex</span> <span class='ocrx_word' id='word_1_322' title='bbox 1150 4660 1264 4741; x_wconf 80' lang='lat' dir='ltr'>fumos,</span> <span class='ocrx_word' id='word_1_323' title='bbox 1295 4666 1327 4723; x_wconf 92' lang='lat' dir='ltr'>et</span> <span class='ocrx_word' id='word_1_324' title='bbox 1348 4658 1526 4725; x_wconf 83' lang='lat' dir='ltr'>Corrardus</span> <span class='ocrx_word' id='word_1_325' title='bbox 1548 4662 1703 4745; x_wconf 87' lang='lat' dir='ltr'>plebanus</span> <span class='ocrx_word' id='word_1_326' title='bbox 1725 4662 1765 4726; x_wconf 87' lang='lat' dir='ltr'>de</span> 
     </span>
     <span class='ocr_line' id='line_1_36' title="bbox 369 4762 1834 4846; baseline -0.005 -15"><span class='ocrx_word' id='word_1_327' title='bbox 369 4766 480 4831; x_wconf 84' lang='lat' dir='ltr'>ecdem</span> <span class='ocrx_word' id='word_1_328' title='bbox 503 4764 599 4827; x_wconf 89' lang='lat' dir='ltr'>solvit</span> <span class='ocrx_word' id='word_1_329' title='bbox 620 4763 748 4841; x_wconf 68' lang='lat' dir='ltr'>unam2)</span> <span class='ocrx_word' id='word_1_330' title='bbox 771 4783 908 4827; x_wconf 85' lang='lat' dir='ltr'>marcam</span> <span class='ocrx_word' id='word_1_331' title='bbox 931 4764 1060 4826; x_wconf 81' lang='lat' dir='ltr'>maioris</span> <span class='ocrx_word' id='word_1_332' title='bbox 1082 4762 1232 4846; x_wconf 84' lang='lat' dir='ltr'>ponderis</span> <span class='ocrx_word' id='word_1_333' title='bbox 1255 4763 1361 4825; x_wconf 88' lang='lat' dir='ltr'>minus</span> <span class='ocrx_word' id='word_1_334' title='bbox 1383 4762 1499 4827; x_wconf 86' lang='lat' dir='ltr'>lotone.</span> <span class='ocrx_word' id='word_1_335' title='bbox 1799 4772 1834 4824; x_wconf 82' lang='lat'>35</span> 
     </span>
    </p>
   </div>
   <div class='ocr_carea' id='block_1_9' title="bbox 523 4951 1074 5451">
    <p class='ocr_par' dir='ltr' id='par_1_13' title="bbox 523 4951 1074 5451">
     <span class='ocr_line' id='line_1_37' title="bbox 525 4951 774 5017; baseline -0.004 -11"><span class='ocrx_word' id='word_1_336' title='bbox 525 4954 546 5017; x_wconf 87' lang='lat'>¹)</span> <span class='ocrx_word' id='word_1_337' title='bbox 564 4951 715 5006; x_wconf 79' lang='lat' dir='ltr'>November</span> <span class='ocrx_word' id='word_1_338' title='bbox 732 4955 774 5006; x_wconf 87' lang='lat'>10.</span> 
     </span>
     <span class='ocr_line' id='line_1_38' title="bbox 525 5036 1074 5107; baseline -0.005 -14"><span class='ocrx_word' id='word_1_339' title='bbox 525 5039 547 5107; x_wconf 81' lang='lat'>¹)</span> <span class='ocrx_word' id='word_1_340' title='bbox 570 5036 632 5093; x_wconf 83' lang='lat' dir='ltr'>Vom</span> <span class='ocrx_word' id='word_1_341' title='bbox 648 5037 708 5091; x_wconf 81' lang='lat' dir='ltr'>bier</span> <span class='ocrx_word' id='word_1_342' title='bbox 726 5053 765 5091; x_wconf 83' lang='lat' dir='ltr'>vv</span> <span class='ocrx_word' id='word_1_343' title='bbox 782 5041 875 5106; x_wconf 72' lang='lat' dir='ltr'>operer</span> <span class='ocrx_word' id='word_1_344' title='bbox 891 5037 1074 5107; x_wconf 70' lang='lat' dir='ltr'>eivvmrovev.</span> 
     </span>
     <span class='ocr_line' id='line_1_39' title="bbox 524 5125 775 5190; baseline -0.012 -10"><span class='ocrx_word' id='word_1_345' title='bbox 524 5126 546 5190; x_wconf 83' lang='lat'>⁸)</span> <span class='ocrx_word' id='word_1_346' title='bbox 564 5125 715 5180; x_wconf 77' lang='lat' dir='ltr'>November</span> <span class='ocrx_word' id='word_1_347' title='bbox 732 5127 775 5177; x_wconf 86' lang='lat'>11.</span> 
     </span>
     <span class='ocr_line' id='line_1_40' title="bbox 523 5210 775 5280; baseline -0.012 -14"><span class='ocrx_word' id='word_1_348' title='bbox 523 5212 546 5280; x_wconf 85' lang='lat'>⁴)</span> <span class='ocrx_word' id='word_1_349' title='bbox 563 5210 715 5267; x_wconf 79' lang='lat' dir='ltr'>November</span> <span class='ocrx_word' id='word_1_350' title='bbox 733 5213 775 5264; x_wconf 82' lang='lat'>12.</span> 
     </span>
     <span class='ocr_line' id='line_1_41' title="bbox 525 5295 775 5364; baseline -0.004 -14"><span class='ocrx_word' id='word_1_351' title='bbox 525 5297 546 5364; x_wconf 79' lang='lat'>⁸)</span> <span class='ocrx_word' id='word_1_352' title='bbox 564 5295 715 5351; x_wconf 80' lang='lat' dir='ltr'>November</span> <span class='ocrx_word' id='word_1_353' title='bbox 733 5300 775 5351; x_wconf 83' lang='lat'>13.</span> 
     </span>
     <span class='ocr_line' id='line_1_42' title="bbox 524 5381 775 5451; baseline 0 -15"><span class='ocrx_word' id='word_1_354' title='bbox 524 5384 546 5451; x_wconf 81' lang='lat'>⁸)</span> <span class='ocrx_word' id='word_1_355' title='bbox 564 5381 715 5437; x_wconf 85' lang='lat' dir='ltr'>November</span> <span class='ocrx_word' id='word_1_356' title='bbox 733 5387 775 5437; x_wconf 79' lang='lat'>14.</span> 
     </span>
    </p>
   </div>
   <div class='ocr_carea' id='block_1_10' title="bbox 0 0 2047 6292">
    <p class='ocr_par' dir='ltr' id='par_1_14' title="bbox 0 0 2047 6292">
     <span class='ocr_line' id='line_1_43' title="bbox 0 0 2047 6292; baseline 0 0"><span class='ocrx_word' id='word_1_357' title='bbox 0 0 2047 6292; x_wconf 95' lang='lat' dir='ltr'> </span> 
     </span>
    </p>
   </div>
  </div>
 </body>
</html>
