4088 6292
947 557 1102 655 *ipp-

320 744 499 830 hospitibus
522 746 700 811 Austriacis
729 747 805 811 ferri
834 747 932 811 labris
962 766 980 812 e
1009 747 1080 811 loeo
1103 746 1352 827 Eisenwurn011)
1375 769 1449 813 eum
1479 749 1661 816 affidatione
1691 752 1726 815 in

320 851 378 914 has
391 856 492 915 terras
503 849 737 915 Ultrasilvanas
749 851 870 914 vocatis
883 856 915 915 et
929 852 992 914 bue
1003 851 1138 915 iliceatis
1153 871 1330 935 eorumque
1342 852 1581 918 suecessoribus
1592 855 1725 920 eandem

321 953 499 1017 libertatem
511 959 542 1018 et
554 955 664 1020 eadem
676 955 756 1037 iura
765 956 805 1019 ad
815 975 897 1038 quae
905 955 944 1019 ab
956 955 1046 1019 initio
1060 957 1164 1019 vocati
1175 956 1315 1040 luerunt,
1327 963 1520 1022 renovantes
1528 963 1561 1023 et
1573 965 1726 1041 augentes

321 1076 381 1121 nos
396 1076 526 1140 quoque
541 1059 754 1141 concedimus,
776 1064 815 1123 ut
829 1059 924 1123 iidem
935 1060 1076 1143 hospites
1091 1061 1298 1143 magistrique
1314 1067 1346 1125 et
1361 1061 1437 1125 ferri
1451 1061 1533 1125 fabri
1548 1081 1725 1145 eorumque

322 1160 663 1240 collaboratoresierri
674 1162 1530 1230 fusoresetcultoresacomneslaborateresineorum
1543 1166 1725 1230 societatem
1761 1175 1777 1227 5

323 1264 494 1329 hincinde
516 1266 764 1330 condescensuri
786 1266 898 1331 iisdem
916 1265 1042 1331 iuribus
1056 1267 1322 1350 libertatibusque
1344 1274 1377 1333 et
1390 1268 1524 1333 indultis
1533 1268 1555 1348 ¹)
1580 1269 1619 1333 ad
1643 1289 1726 1352 quae

322 1369 427 1432 vuenti
442 1368 582 1450 inerunt,
604 1368 644 1433 de
666 1370 740 1433 binc
763 1389 894 1453 quoque
915 1371 973 1452 uti,
995 1371 1058 1434 frui
1078 1377 1111 1435 et
1132 1372 1271 1453 gaudere
1285 1372 1324 1436 ad
1347 1373 1449 1437 instar
1470 1374 1668 1455 reliquorum
1692 1374 1725 1437 in

323 1472 408 1535 dicta
427 1473 561 1537 dustria
589 1473 745 1557 superiori
767 1474 1015 1538 constitutorum
1043 1475 1304 1559 metellurgorum
1328 1482 1361 1540 et
1385 1476 1462 1541 terri
1482 1477 1646 1541 fabrorum
1667 1478 1725 1559 nti,

323 1576 388 1640 frui
418 1582 450 1641 et
479 1578 618 1661 gaudere
646 1578 771 1662 possint
797 1578 831 1641 in
861 1585 1060 1662 perpetuum,
1090 1599 1222 1645 censum
1253 1600 1383 1663 quoque
1406 1581 1447 1644 ad
1475 1582 1576 1645 instar
1597 1581 1726 1644 illorum

324 1679 449 1755 solvere
479 1700 545 1744 nou
574 1687 724 1746 recusent
754 1700 855 1764 eaque
884 1687 1039 1767 perpetua
1068 1683 1228 1765 gaudeant
1257 1684 1485 1748 iurisdictionis
1505 1684 1662 1767 libertate,
1688 1691 1726 1749 ut
1762 1690 1795 1744 10

323 1783 489 1868 proprium
526 1803 651 1869 semper
679 1784 817 1849 habeant
845 1784 1064 1867 magistratum
1094 1792 1126 1849 et
1155 1786 1292 1851 iudicem
1323 1788 1530 1870 senioresque
1559 1807 1578 1853 e
1607 1789 1727 1872 gremio

324 1887 453 1952 illerum
482 1907 539 1972 per
568 1888 669 1954 libera
696 1896 773 1953 vota
802 1888 964 1971 eligendos
994 1893 1027 1952 et
1059 1890 1314 1973 constituendos,
1348 1891 1487 1970 eoram')
1518 1890 1665 1974 quibust
1697 1896 1729 1957 et

326 1990 440 2055 nullibi
463 1991 537 2055 abbi
559 1998 686 2077 praeter
707 1999 836 2057 nostrae
857 1993 1031 2057 mmesmtis
1046 1998 1102 2056 aut
1122 1993 1238 2058 iudicis
1261 1995 1496 2059 tavernieorum
1520 2000 1728 2080 conspectum

325 2095 389 2159 iuri
411 2100 495 2160 stare
517 2102 688 2160 teneantur
709 2117 769 2161 nec
790 2096 923 2160 iudicari
941 2096 1072 2180 possint
1108 2095 1245 2180 Insuper
1268 2097 1402 2181 singulis
1424 2098 1630 2164 hebdomadis
1652 2120 1728 2164 eon·

326 2199 468 2264 cedimus
490 2199 554 2263 illis
574 2200 609 2264 in
631 2200 682 2265 die
705 2199 834 2264 Sabbati
855 2200 992 2264 liberum
1014 2200 1122 2264 iorum
1143 2202 1363 2283 annonarium,
1395 2221 1491 2265 usum
1514 2220 1644 2284 quoque
1674 2202 1728 2266 sil-
1765 2209 1798 2263 15

327 2322 449 2384 varum,
479 2323 637 2386 aquarum
667 2310 700 2369 et
728 2322 920 2388 pascuorum
950 2323 1007 2387 pro
1039 2304 1131 2385 equis
1160 2304 1334 2368 clitellariis
1364 2304 1404 2368 ad
1426 2305 1609 2369 muntem
1631 2306 1729 2369 unius

327 2412 431 2471 restae
461 2426 577 2472 versus
606 2408 803 2472 occidentem
834 2407 947 2471 iisdem
976 2407 1179 2471 conferimus.
1216 2407 1255 2470 In
1281 2409 1375 2472 cuius
1397 2409 1444 2472 rei
1465 2408 1659 2491 memoriam,
1693 2414 1731 2472 ut

329 2515 431 2575 status
454 2510 609 2575 libertatis
631 2512 789 2575 dictorum
811 2511 971 2593 hospitum
992 2516 1176 2573 nostrorum
1190 2529 1249 2594 per
1270 2510 1359 2588 nos⁴)
1381 2512 1554 2575 innovatus
1569 2517 1602 2575 et
1616 2516 1730 2575 auctus

328 2612 441 2679 firmus
463 2633 652 2698 permanere
676 2622 773 2698 queat
795 2615 828 2679 in
851 2619 1042 2699 perpetuum
1063 2632 1280 2697 processuque
1302 2616 1454 2699 temporis
1477 2614 1565 2678 nulla
1585 2617 1619 2678 in
1641 2620 1732 2700 parte

331 2719 495 2784 retractari
518 2719 631 2801 valeat
653 2723 837 2802 praesentes
859 2719 1074 2782 concessimus
1096 2717 1205 2782 literas
1228 2718 1364 2803 duplicis
1386 2719 1481 2802 sigilli
1502 2720 1604 2783 nostri
1625 2720 1731 2783 muni-
1766 2724 1801 2780 20

328 2821 415 2886 mine
436 2821 611 2887 roboratas.
648 2821 768 2886 Datum
790 2840 847 2906 per
868 2841 984 2886 manus
1007 2822 1133 2886 disereti
1156 2822 1216 2885 viri
1239 2823 1382 2905 magistri
1403 2822 1558 2887 lbeodcri
1580 2821 1731 2887 Albensis

329 2924 480 2990 eeclesiae
509 2927 689 3010 praepositi,
720 2926 810 2990 aulae
840 2930 969 2989 nostrae
998 2925 1249 2989 vicecancellarii
1278 2926 1407 2990 discreti
1438 2932 1471 2990 et
1491 2924 1594 2989 fidelis
1620 2927 1731 3007 nostri,

329 3048 414 3093 anno
438 3029 558 3093 domini
579 3030 746 3095 millesimo
777 3029 995 3094 ducentesimo
1019 3030 1223 3113 nonagesimo
1246 3030 1358 3114 primo,
1385 3030 1476 3113 regni
1498 3035 1605 3094 autem
1627 3030 1729 3093 nostri

330 3153 415 3198 anne
432 3152 549 3218 primo.

989 3357 1077 3440 251.
1766 3380 1801 3436 as

408 3522 477 3595 Be·
502 3523 565 3594 der
582 3521 685 3611 Bury
710 3518 842 3593 Wolter
866 3524 965 3592 1291
990 3519 1128 3612 Asperat
1155 3523 1189 3591 4.
1230 3520 1348 3613 Koraia
1375 3518 1536 3592 Andreae
1562 3518 1644 3596 ΙΙΙ.
1674 3517 1728 3590 be-

330 3644 451 3734 script
477 3643 533 3714 die
558 3640 722 3714 Urlcundc
740 3642 799 3714 dea
822 3641 938 3714 Gentes
955 3641 1127 3714 Beaeditt
1142 3664 1208 3713 oon
1228 3645 1327 3713 1291
1355 3641 1421 3712 Nr.
1441 3644 1526 3712 246
1548 3638 1732 3729 betrcffcad

333 3765 388 3837 die
415 3770 511 3836 terra
535 3762 794 3835 Jmnueeee.

491 3926 567 3996 Θήρ.
585 3927 665 3995 Pcry.
685 3924 894 3994 Kopitelerctio
911 3925 1078 3995 Karbbary.
1109 3925 1198 3996 Sieqel
1220 3942 1280 3980 wer
1303 3925 1335 3978 in
1356 3924 1464 3979 waiam
1487 3923 1587 3979 Wecta
1612 3924 1669 3991 aas
1685 3924 1735 3978 der

437 4012 581 4069 Ritekseitc
598 4012 788 4082 suspecti-liciat.
1768 4012 1804 4066 30

489 4134 599 4189 nur:
617 4134 734 4188 rauna
757 4133 832 4187 rrae.
857 4133 916 4188 crat.
946 4132 997 4201 vr,
1023 4136 1098 4187 rom.
1130 4133 1216 4200 nepe
1237 4132 1327 4188 eoae
1350 4133 1400 4199 vr,
1426 4137 1451 4200 1,
1478 4136 1537 4187 rea.
1570 4130 1683 4186 reesa
1706 4147 1733 4185 a.

439 4221 600 4276 saroam
618 4216 690 4275 seo.
713 4220 795 4275 eros.
814 4219 841 4286 1,
860 4223 918 4273 173.

493 4341 605 4412 Repeat:
628 4340 932 4396 aeramentorum
951 4340 1037 4409 Folqc
1055 4339 1086 4393 X
1091 4340 1123 4406 V,
1142 4345 1202 4394 171.
1224 4340 1387 4395 Tertiaeimi
1404 4339 1450 4393 ter
1468 4343 1544 4406 1889,
1562 4343 1622 4394 574.

490 4499 559 4564 Nes
588 4500 734 4564 Andreas
764 4497 815 4561 dei
844 4499 945 4581 gratia
973 4517 1033 4563 rex
1062 4498 1247 4581 Hnngariae
1277 4499 1449 4563 memoriae
1478 4497 1736 4562 commendantes

335 4603 551 4688 significamus
581 4604 699 4686 quibus
728 4603 858 4687 expedit
887 4602 1056 4683 universis,
1087 4603 1172 4685 qued
1197 4603 1348 4686 magister
1369 4602 1484 4666 Hench
1512 4600 1667 4684 plebanus
1697 4600 1736 4664 de
1770 4607 1805 4662 35

335 4709 463 4773 Wraaio
497 4713 530 4772 et
562 4706 711 4790 magister
737 4706 854 4770 Petrus
888 4707 1028 4771 decanus
1057 4706 1207 4771 Albensis
1240 4706 1392 4771 eeclesiae
1421 4706 1664 4770 'lbanssiluanae
1697 4704 1737 4768 ad

336 4816 478 4876 nostram
501 4811 687 4876 accedentes
708 4810 920 4893 praesentiam
942 4809 1158 4873 exhibuerunt
1178 4810 1270 4874 nobis
1295 4809 1404 4874 literas
1426 4809 1550 4873 comitis
1572 4808 1737 4873 Benedicti

338 4916 564 4980 vicevaivedae
585 4914 801 4979 Transsiluani
827 4932 924 4997 super
945 4914 1028 4977 iacto
1052 4919 1154 4978 terrae
1176 4913 1402 4978 Iuanlratelelre
1424 4919 1555 4977 vocatae
1578 4912 1738 4976 coniectas

337 5024 482 5103 petentes
512 5038 532 5082 a
560 5018 653 5082 nobis
682 5019 752 5081 viee
782 5023 815 5081 et
837 5017 966 5081 nomine
991 5017 1122 5100 capituli
1142 5016 1293 5081 Albensis
1323 5016 1473 5081 ecelesiae
1495 5015 1738 5079 Transsiluanae

495 5171 515 5237 ¹)
534 5170 571 5226 So
588 5171 666 5225 Edcr
683 5169 855 5225 Adversaris
873 5170 932 5223 arad
949 5169 1091 5224 Analecta.
1115 5168 1246 5238 Vorlape:
1264 5167 1483 5224 bisen-vurchel.
1770 5166 1806 5222 40

494 5258 516 5325 ¹)
538 5257 670 5327 Verlape:
687 5255 838 5312 indultibus.
863 5256 941 5330 Eder
958 5255 1145 5311 Adversaris:
1162 5253 1333 5309 libertatibus.

494 5345 517 5411 ⁸)
534 5343 612 5398 Edcr
629 5343 743 5398 Adocrc.
760 5344 821 5397 aad
837 5342 939 5397 Anat:
956 5357 1107 5412 eorumque.

495 5432 517 5498 ⁴)
534 5429 675 5485 Edendaa
692 5429 820 5497 omaus.-
837 5444 949 5500 quoqne.
