4086 6300
928 601 1083 696 3-3-

308 785 453 869 obligans
476 806 511 851 se
532 786 615 850 idem
631 786 777 869 Mychael
800 788 839 850 ab
863 787 1011 853 omnibus
1032 808 1184 871 processu
1206 791 1384 871 temporum
1405 787 1543 851 eundem
1558 787 1706 851 comitem

308 890 463 954 Alardum
486 895 519 955 et
541 890 673 955 heredes
695 911 771 955 suos
786 892 909 955 ratione
925 890 1026 955 diotae
1042 897 1174 973 quartae
1189 892 1288 974 partis
1304 896 1406 955 terrae
1423 911 1480 954 seu
1496 891 1706 974 possessionis

308 992 521 1077 Rengnrlryrh
551 1000 754 1078 nuncupatae
781 994 884 1058 eidem
906 995 1012 1058 oomiti
1036 995 1154 1058 Alardo
1177 995 1361 1078 peripsum
1384 994 1532 1058 venditae
1553 994 1705 1077 impetere

308 1097 359 1159 vel
382 1097 560 1178 inquietare
583 1117 640 1162 seu
662 1098 815 1181 impedire
835 1097 1017 1162 volentibus
1032 1119 1089 1182 per
1105 1099 1211 1160 omnia
1227 1098 1377 1181 expedire
1392 1096 1528 1181 propriis
1543 1095 1706 1160 laboribus

256 1208 273 1261 5
309 1207 341 1264 et
363 1201 514 1283 expensis
536 1205 569 1264 et
582 1201 616 1263 in
632 1201 763 1284 pacifica
777 1202 977 1285 possessione
993 1202 1095 1265 dictae
1112 1208 1243 1283 quartae
1258 1201 1356 1285 partis
1372 1205 1475 1264 terrae
1490 1199 1704 1282 Rengurlryrh

308 1303 445 1367 eundem
475 1303 622 1367 comitem
651 1303 808 1367 Alardnm
839 1306 968 1368 tratrem
998 1325 1093 1369 suum
1124 1305 1281 1369 indefesse
1312 1322 1511 1368 conservare.
1544 1303 1584 1366 ln
1614 1304 1706 1367 cuius

307 1407 354 1470 rei
371 1407 587 1471 testimonium
602 1415 854 1491 perpetuamque
869 1408 1049 1472 firmitatem
1066 1408 1106 1472 ad
1122 1409 1307 1472 instantiam
1322 1414 1355 1472 et
1369 1408 1555 1491 petitionem
1566 1406 1705 1490 partium

180 1570 183 1575 ⁴
307 1511 539 1593 praedictarum
565 1511 673 1575 literas
696 1518 820 1575 nostras
842 1517 1026 1595 praesentes
1048 1512 1264 1575 concessimus
1286 1511 1381 1594 sigilli
1404 1511 1503 1575 nostri
1527 1510 1704 1573 munimine

307 1613 478 1678 roboratas.
504 1610 623 1678 Datum
647 1615 680 1677 in
702 1616 783 1678 festo
806 1615 1001 1679 assensionis
1024 1615 1153 1697 domini,
1176 1635 1260 1678 anno
1284 1614 1425 1678 eiusdem
1450 1614 1617 1677 millesimo
1642 1619 1705 1678 tre·

239 1724 272 1777 10
306 1718 477 1781 oenmsimo
493 1719 643 1782 vicesimo
659 1720 761 1783 tertie.
784 1719 914 1783 Nioolao
931 1720 1119 1803 praeposito,
1140 1718 1255 1782 Saneto
1272 1722 1410 1800 cantore,
1425 1717 1544 1781 Thema
1563 1716 1705 1799 custode,

306 1821 447 1885 Adriano
469 1822 689 1887 araludiaoono
713 1823 752 1888 de
774 1822 890 1905 Kyzdy
913 1823 1033 1887 decano
1055 1823 1206 1887 ecelesiae
1228 1826 1356 1885 nostrae
1379 1820 1599 1885 existentibus.

957 2115 1055 2199 403.

388 2277 594 2370 despoliaret
624 2281 730 2352 1323
755 2280 838 2351 Mai
863 2282 922 2351 13.
967 2281 1086 2371 Kdnip
1113 2280 1207 2350 Korl
1241 2278 1440 2368 deouflropt
1474 2277 1541 2350 dea
1574 2278 1703 2350 aieban-

304 2398 505 2491 baraiaebea
539 2396 733 2472 Woiwoden
762 2399 919 2488 Thomas,
959 2400 1015 2472 die
1042 2400 1236 2471 Deatsohea
1270 2422 1335 2470 voa
1366 2398 1457 2471 Dee's
1490 2399 1540 2470 im
1570 2397 1705 2471 Gmues

237 2538 270 2591 15
304 2521 401 2591 ihrer
425 2542 490 2592 voa
508 2520 584 2592 dem
601 2520 719 2611 Kdaip
736 2520 810 2591 aad
827 2521 946 2592 dassen
967 2518 1191 2611 Vorqdnqem
1208 2520 1299 2592 Belo
1312 2519 1382 2592 IV.
1401 2519 1476 2592 333
1493 2518 1646 2612 Stephon
1663 2519 1702 2592 V.

305 2640 502 2714 &bodemen
528 2640 725 2713 Freibeiten
750 2663 795 2712 aa
819 2641 990 2713 nabataea.

463 2802 540 2873 Oriq.
564 2803 646 2873 Pero.
665 2802 842 2858 Stadtarcba'o
858 2803 940 2858 Dete.
959 2802 1055 2872 Slepel,
1080 2802 1187 2857 madasca
1204 2802 1313 2870 Waoa,
1337 2818 1397 2856 war
1421 2802 1479 2871 aas
1491 2803 1540 2858 der
1559 2802 1702 2858 13333σί3

408 2890 597 2960 aufqedntokt.

460 3065 528 3129 Nos
556 3065 694 3129 Karalus
724 3065 774 3128 dei
805 3065 906 3148 gratia
936 3084 995 3129 rex
1024 3064 1211 3148 Hungariae
1239 3064 1410 3129 memoriae
1444 3062 1703 3127 commendantes

237 3174 272 3228 20
307 3174 418 3232 tenore
441 3171 656 3252 praesentium
678 3167 894 3251 significamus
910 3168 1028 3250 quibus
1050 3169 1180 3252 expedit
1202 3168 1371 3248 universis,
1394 3167 1482 3248 quod
1498 3165 1574 3248 quia
1593 3164 1703 3229 fideles

304 3270 405 3334 nostri
428 3270 567 3354 hospites
590 3270 629 3336 de
651 3271 784 3335 Deswar
814 3291 958 3353 magnam
989 3271 1172 3335 libertatum
1200 3271 1451 3355 praerogativam
1480 3271 1513 3332 in
1537 3268 1702 3353 privilegio

303 3379 423 3455 nostro,
454 3373 541 3454 quod
570 3374 737 3457 privilegia
763 3375 964 3438 dominorum
986 3375 1083 3440 Belae
1105 3382 1138 3440 et
1160 3375 1310 3458 Stephani
1341 3372 1502 3456 quondam
1529 3372 1703 3436 illustrium

303 3496 415 3560 regum
437 3476 621 3560 Hungariae
653 3478 933 3560 praedeeessorum
964 3484 1148 3542 nostrorum
1178 3479 1412 3542 carissimorum
1435 3475 1575 3540 felicium
1597 3494 1703 3539 reoor·

303 3578 467 3642 dationum
491 3598 525 3644 se
547 3580 663 3645 habere
685 3579 888 3644 declararunt
909 3586 1037 3646 nostrae
1060 3581 1223 3645 maiestati.
1251 3579 1299 3644 Ob
1322 3580 1390 3661 hoo,
1412 3586 1509 3664 prout
1531 3599 1573 3644 ex
1595 3578 1701 3643 debito

236 3690 269 3743 25
305 3682 409 3745 olfioio
431 3683 571 3766 suseepti
585 3685 748 3765 regiminis
764 3691 911 3749 tenemur
925 3691 957 3748 et
972 3684 1133 3765 debemus,
1156 3684 1350 3766 spondentes
1364 3684 1483 3749 eisdem
1499 3682 1703 3767 promisimus

302 3786 337 3848 in
360 3786 478 3849 eisdem
500 3786 699 3851 libertatibus
729 3788 815 3870 ipsos
842 3787 1067 3851 inviolabiliter
1096 3806 1295 3851 conservare.
1332 3787 1427 3851 Unde
1452 3786 1545 3850 vobis
1565 3786 1702 3850 Thomae

303 3888 456 3952 vaivodae
477 3889 702 3954 'l'ranssiluano
726 3897 758 3954 et
779 3892 885 3954 comiti
908 3892 948 3955 de
970 3891 1083 3954 Zonulr
1105 3892 1285 3973 vestrisque
1311 3888 1548 3954 suecessoribus
1568 3887 1703 3952 firmiter

301 3992 513 4075 praecipimus
535 4012 593 4076 per
621 4000 814 4077 praesentes,
845 4001 1004 4077 quatenus
1026 3995 1113 4078 ipsos
1134 3995 1274 4077 hospites
1304 3999 1429 4056 nostros
1452 3991 1491 4056 de
1513 3990 1646 4056 Deswar
1667 3992 1702 4055 in

301 4094 470 4177 praedietis
500 4114 612 4159 eornm
641 4096 839 4161 libertatibus
868 4099 903 4160 in
934 4099 1116 4161 memoratis
1146 4096 1320 4181 privilegiis
1349 4095 1510 4179 expressis
1539 4114 1598 4159 vos
1627 4114 1701 4160 cum

232 4206 268 4260 30
303 4203 423 4262 vestras
453 4199 540 4264 vices
569 4199 754 4283 gerentibus
784 4201 924 4265 debeatis
953 4202 1136 4284 permittere
1158 4199 1288 4285 panitiae
1309 4216 1496 4283 permanere
1522 4216 1582 4262 neo
1613 4198 1701 4262 aliud

302 4302 414 4383 faeere,
437 4302 520 4366 siout
543 4309 684 4366 nostram
706 4304 839 4386 gratiam
861 4325 965 4368 earam
987 4306 1151 4389 reputatis,
1173 4303 1391 4388 praesumatis,
1413 4322 1455 4366 ne
1471 4301 1588 4365 nostris
1610 4305 1701 4365 teno-

301 4405 392 4469 ribus
415 4406 585 4487 qnisquam
608 4426 642 4471 se
665 4407 782 4470 sentiat
797 4409 915 4491 privari
938 4428 997 4472 suo
1018 4410 1096 4471 iure.
1119 4407 1237 4472 Datum
1260 4409 1294 4470 in
1316 4406 1422 4471 insula
1435 4406 1527 4470 Bude
1569 4406 1575 4418 ’
1610 4410 1702 4469 sexta

301 4509 380 4573 feria
390 4509 538 4592 proxima
548 4515 622 4574 ante
635 4510 753 4574 festum
765 4511 1001 4594 Pentheoostes,
1016 4530 1100 4575 anno
1112 4511 1232 4575 domini
1247 4509 1414 4574 millesimo
1426 4487 1503 4573 eod
1597 4509 1700 4574 tertio.

948 4800 1047 4884 404.

230 4979 264 5033 35
377 4962 509 5033 Heltoo
543 4964 649 5034 1323
683 4962 767 5034 Mai
792 4969 852 5034 16.
897 4963 1014 5036 Comes
1042 4964 1211 5036 Mtolaas
1246 4987 1311 5036 oon
1349 4963 1527 5036 Talmescb
1561 4964 1701 5036 schoah

298 5085 425 5156 senem
452 5082 726 5175 Schwieqersohn
754 5083 924 5157 Nikoloas
949 5107 1013 5156 oon
1044 5082 1200 5156 Grossou
1225 5085 1281 5156 die
1299 5083 1426 5173 Hdlfle
1451 5086 1547 5158 333
1563 5084 1697 5173 Mathle,

299 5206 398 5277 daea
424 5204 508 5293 Hof
525 5205 599 5276 aad
633 5202 866 5296 Weiayortea.

457 5366 533 5437 039.
552 5367 632 5437 Perp.
656 5367 760 5437 Unger.
786 5368 993 5422 Laadaaorcha'o
1011 5368 1163 5437 Budopeat.
1192 5368 1267 5423 Zwei
1285 5367 1382 5438 seret,
1399 5367 1508 5423 maes
1531 5368 1640 5436 Wodae,
1659 5385 1699 5423 aa

402 5452 679 5524 Pergamentatreit‘ea
697 5454 859 5524 33933393.
877 5455 916 5508 In
932 5455 993 5509 333
1004 5454 1083 5509 einen
1096 5454 1241 5524 Sieqelseld
1253 5454 1351 5510 Krene
1368 5454 1401 5508 in
1414 5454 1590 5525 dreieekioem
1603 5454 1699 5511 3333
