4064 6288
1035 553 1078 616 80

1023 757 1089 840 88.

436 939 514 1008 125
520 941 544 1008 6
569 936 755 1009 Deseraber
780 941 840 1008 16.
880 937 999 1029 Kbnr'p
1024 937 1114 1010 Belo
1141 935 1211 1009 IV.
1240 937 1397 1030 bestdtipt
1428 939 1504 1012 dem
1534 938 1757 1012 metallum

362 1056 463 1129 ἄναη
490 1058 545 1129 die
571 1058 759 1131 anneot„
783 1082 849 1132 voa
875 1059 941 1130 dea
967 1058 1195 1150 asymmeter
1211 1058 1372 1150 Kdniyea
1396 1060 1609 1133 verlieienea
1629 1060 1757 1133 Recita

356 1178 431 1249 mad
455 1177 661 1250 Freibeitea.

512 1340 624 1396 Druck:
641 1341 746 1397 Kaous
763 1342 987 1410 MonarnantaI,
1010 1344 1063 1398 436
1080 1341 1152 1398 nacla
1168 1342 1217 1398 der
1235 1342 1558 1415 amnemamnem
1581 1342 1629 1398 das
1646 1341 1755 1413 Kdoiqa
1790 1346 1807 1399 5

460 1426 699 1497 Karlvonreaa,
720 1427 1221 1501 ortq.1³rimatialarc1averan.-
1245 1430 1332 1498 Faje
1352 1430 1442 1488 coda
1459 1429 1515 1498 IV,
1532 1433 1559 1498 2,
1578 1433 1639 1484 384.
1667 1430 1756 1485 Tdrdlr

448 1512 654 1584 'Mapyaroraa
667 1515 798 1583 primm
815 1514 861 1583 H,
877 1517 921 1570 31.
948 1514 1133 1571 Denaaaiaaa
1149 1515 1316 1573 Documento
1332 1520 1393 1573 276.

513 1634 698 1690 aamercort:
716 1632 806 1690 ezaon
824 1633 899 1691 sata
919 1636 1063 1691 okieotltrtr
1080 1636 1107 1704 Ι,
1126 1641 1168 1693 13.

513 1754 625 1826 Regem
646 1755 760 1812 Teuuclr
777 1773 804 1811 a.
824 1756 985 1813 Firnbaber
1004 1756 1076 1812 siet.
1099 1756 1182 1813 Urleb.
1200 1758 1226 1827 Ι,
1245 1757 1316 1814 Seite
1333 1757 1418 1814 XLI.

512 1929 591 1995 Bela
620 1930 671 1995 dei
701 1931 802 2015 gratia
831 1929 1024 2016 Hungariae,
1053 1930 1242 2015 Dalmaciae,
1272 1932 1430 2015 Oroaciae,
1460 1931 1587 2013 Romae,
1615 1931 1754 2015 Sermae,
1791 1937 1825 1993 10

358 2033 516 2115 Galliciae,
548 2034 754 2100 [edomariae
777 2034 1012 2118 Comaniaeque
1034 2055 1093 2098 rex
1116 2035 1263 2100 omnibus
1286 2036 1402 2101 Christi
1424 2035 1580 2119 fidelibus,
1611 2037 1651 2100 ad
1674 2055 1756 2118 quos

356 2156 508 2221 praesens
531 2139 684 2221 scriptum
706 2140 896 2222 pervenerit,
919 2138 1055 2201 salutem
1076 2139 1110 2201 in
1133 2141 1275 2205 omnium
1298 2140 1464 2204 salvatore.
1495 2140 1564 2204 Etsi
1585 2140 1755 2224 petitiones

357 2241 457 2304 iustas
479 2240 679 2325 singulorum
702 2260 744 2305 ex
767 2240 871 2306 officio
895 2242 1092 2308 celsitudinis
1120 2243 1225 2327 regiae
1248 2249 1395 2308 tenemur
1416 2243 1591 2323 admittere,
1616 2242 1755 2306 maxime

357 2349 464 2408 tamen
487 2364 598 2409 eorum
613 2344 766 2409 debemus
779 2346 929 2429 precibus
943 2346 1097 2428 inclinari,
1119 2366 1178 2431 per
1193 2367 1274 2429 quos
1292 2347 1462 2431 praecipue
1477 2365 1613 2411 coronae
1628 2353 1755 2410 nostrae

356 2448 494 2531 insignia
515 2448 725 2512 extolluntur.
754 2447 893 2513 Proinde
908 2448 948 2511 ad
963 2452 1189 2515 universorum
1212 2457 1276 2514 tam
1298 2450 1514 2534 praesentium
1530 2470 1627 2533 quam
1649 2454 1753 2534 poste·
1790 2457 1822 2509 lo

357 2572 466 2615 rorum
488 2552 633 2616 notitiam
655 2553 769 2615 harum
791 2553 872 2617 serie
894 2553 1044 2616 volumus
1065 2553 1242 2637 pervenire,
1266 2554 1352 2636 quod
1375 2553 1528 2618 accedens
1551 2552 1591 2617 ad
1613 2558 1754 2616 nostram

356 2656 569 2740 praesentiam
591 2655 781 2719 venerabilis
803 2656 838 2718 in
854 2655 979 2720 Christo
1001 2661 1093 2740 pater
1114 2656 1308 2720 Benedictus
1331 2656 1441 2721 eadem
1463 2657 1564 2741 gratia
1586 2655 1754 2739 archiepis-

357 2778 457 2843 copus
480 2764 607 2823 sanctae
629 2759 739 2822 matris
762 2760 913 2823 ecclesiae
928 2758 1153 2842 Strigoniensis
1167 2762 1334 2843 proposuit
1355 2760 1448 2824 nobis
1464 2758 1644 2841 queruloso,
1668 2757 1754 2841 quod

358 2881 432 2924 cum
455 2861 565 2925 eadem
587 2860 720 2926 ecclesia
735 2861 961 2946 Strigoniensis
984 2883 1003 2926 a
1023 2863 1126 2946 prima
1147 2863 1198 2927 sui
1212 2862 1400 2927 fundatione
1421 2862 1531 2927 multis
1545 2861 1754 2943 libertatibus,

357 2962 519 3028 beneficiis
541 2964 676 3029 divolsis
697 2965 908 3050 pluribusque
929 2966 1104 3050 privilegiis
1126 2966 1339 3051 exemptionis
1360 2986 1458 3051 super
1479 2983 1591 3030 omnes
1605 2965 1754 3029 eeclesias
1788 2969 1824 3026 20

358 3067 553 3132 cathedrales
582 3069 680 3133 totius
709 3070 801 3153 regni
821 3068 1016 3153 Hungariae,
1046 3070 1136 3135 velut
1165 3070 1309 3134 omnium
1330 3070 1537 3134 eeclesiarum
1557 3070 1684 3153 primas,
1714 3069 1756 3132 sit

359 3170 481 3252 decora,
512 3191 531 3233 a
552 3171 627 3236 sede
650 3173 746 3236 etiam
767 3173 940 3256 apostolica
968 3178 1001 3238 et
1023 3194 1042 3236 a
1063 3174 1181 3238 sanctis
1206 3174 1337 3257 regibus
1358 3174 1477 3238 nostn's
1497 3171 1755 3257 progenitoribus

357 3274 504 3357 gloriosis
527 3275 619 3339 donis
640 3275 826 3340 mirabiliter
840 3276 959 3359 fulcita,
982 3277 1160 3361 specialiter
1181 3296 1278 3361 super
1300 3297 1347 3359 eo,
1371 3277 1458 3360 quod
1480 3276 1590 3341 nullus
1611 3275 1754 3339 iudicum

359 3379 467 3441 curiae
482 3383 619 3461 nostrae,
633 3378 856 3462 palatinorum,
878 3378 1035 3442 baronum
1058 3386 1090 3443 et
1105 3381 1257 3444 comitum
1266 3378 1287 3460 1)
1312 3379 1528 3463 quorumlibet
1547 3380 1756 3442 comitatuum

359 3481 454 3562 cives,
482 3482 607 3545 nobiles
638 3483 883 3565 exercituantes,
913 3483 1170 3566 conditionarios,
1200 3484 1349 3567 hospites,
1371 3484 1517 3567 rusticos,
1539 3483 1684 3564 villanos,
1706 3481 1755 3544 in-
1789 3486 1824 3541 25

359 3582 507 3667 quilinos,
537 3584 639 3648 eidem
669 3584 820 3649 ecclesiae
842 3583 1052 3668 strigoniensi
1081 3586 1250 3668 subiectos,
1280 3587 1381 3671 possit
1402 3585 1455 3650 vel
1477 3585 1581 3650 valeat
1605 3585 1755 3667 iudicare,

358 3703 418 3749 nee
447 3685 620 3751 descensus
649 3688 752 3752 iacere
775 3688 932 3752 violentos
963 3709 1059 3773 super
1080 3691 1176 3773 ipsos,
1208 3690 1259 3754 vel
1288 3690 1453 3754 collectam
1475 3691 1603 3773 exigere
1626 3689 1755 3752 nomine

358 3790 445 3872 regio
468 3789 655 3872 aliqualem,
686 3791 831 3855 similiter
855 3794 889 3855 in
913 3792 1042 3856 decimis
1063 3793 1275 3877 percipiendis
1299 3793 1452 3877 regalium
1473 3800 1689 3878 proventuum
1712 3811 1754 3855 ex

359 3898 448 3977 parte
464 3892 644 3957 Siculorum
666 3900 699 3959 et
713 3894 891 3978 Olacorum,
913 3896 948 3958 in
969 3896 1155 3980 pecudibus,
1176 3895 1345 3980 pecoribus
1368 3903 1400 3960 et
1414 3895 1603 3959 animalibus
1623 3895 1755 3979 quibus-

357 3996 444 4079 libet,
475 3996 617 4080 exceptis
640 3999 784 4082 terragiis
806 3997 981 4081 Saxonum,
1011 4000 1067 4063 sed
1090 4020 1133 4064 ex
1154 4004 1244 4084 parte
1267 3997 1437 4064 Olacorum
1463 4000 1558 4063 etiam
1580 3999 1700 4081 ubique
1722 4003 1755 4061 et
1790 4003 1825 4058 30

358 4118 378 4162 a
400 4118 603 4182 quocumque
618 4102 883 4185 provenientium,
904 4102 939 4164 in
961 4122 1059 4185 regno
1074 4102 1258 4185 Hungariae
1280 4101 1420 4186 persolvi
1438 4108 1673 4185 consuetorum,
1695 4120 1756 4166 nec

358 4222 425 4265 non
447 4221 545 4286 super
566 4203 695 4269 decimis
710 4205 876 4288 exigendis
898 4204 938 4269 de
952 4205 1086 4287 arbaris,
1108 4205 1175 4288 regi
1197 4203 1368 4289 persolutis
1386 4211 1419 4268 et
1433 4206 1554 4269 exactis
1573 4206 1606 4268 in
1623 4205 1755 4288 quibus-

357 4306 436 4370 libet
464 4307 705 4389 argentifodinis
734 4315 767 4372 et
795 4309 990 4373 aurifodinis
1034 4309 1116 4372 Item
1145 4308 1185 4372 de
1214 4308 1304 4372 lucro
1327 4327 1470 4372 camerae
1492 4308 1578 4391 quod
1601 4308 1699 4372 dicam
1720 4308 1754 4370 in

358 4428 456 4493 regno
480 4409 665 4493 Hungariae
688 4416 737 4474 est
757 4412 977 4495 constitutum,
1003 4412 1091 4475 salvo
1114 4431 1161 4493 eo,
1186 4410 1272 4493 quod
1295 4410 1334 4475 de
1357 4410 1499 4493 qualibet
1519 4431 1626 4475 marca
1646 4412 1681 4474 iu
1703 4431 1754 4475 ca-

357 4532 453 4593 mera,
476 4512 531 4576 ubi
555 4513 676 4576 denarii
698 4513 870 4596 cuduntur,
893 4534 993 4578 unum
1016 4513 1143 4598 pondus
1165 4515 1287 4598 argenti
1309 4513 1367 4577 fini
1389 4513 1449 4577 sibi
1470 4516 1610 4599 persolvi
1625 4515 1754 4580 deberet
1789 4520 1823 4574 35

358 4615 487 4679 nomine
517 4634 594 4679 suae
624 4616 775 4681 ecclesiae
804 4624 836 4682 et
867 4618 953 4701 quod
983 4618 1175 4682 ferramenta
1203 4617 1353 4682 cadentia
1382 4624 1415 4681 et
1444 4618 1568 4702 sculpta
1589 4638 1654 4682 non
1678 4618 1754 4683 alias

359 4719 479 4781 servari
502 4717 661 4802 deberent,
684 4719 746 4784 nisi
766 4720 826 4784 sub
841 4721 978 4784 hominis
1000 4721 1101 4805 ipsius
1116 4719 1268 4802 custodia,
1291 4720 1413 4784 adhoc
1434 4740 1492 4805 per
1507 4740 1580 4785 eum
1603 4720 1754 4805 deputati

358 4821 454 4885 Nune
476 4827 583 4886 autem
605 4822 735 4904 quidam
752 4823 873 4887 iudices
895 4826 985 4906 regni
1006 4825 1108 4888 nostri
1131 4829 1163 4887 et
1184 4823 1369 4888 collectores
1394 4844 1550 4889 censuum
1571 4829 1754 4888 nostrorum

359 4944 396 4989 ac
426 4930 592 4990 exactores
628 4926 826 5009 urbanarum,
858 4946 984 4991 necnon
1022 4927 1153 4991 comites
1189 4946 1387 4992 camerarum
1415 4934 1597 4993 nostrarum
1626 4928 1686 4991 sibi
1723 4931 1756 4991 et

360 5027 510 5091 ecclesiae
533 5047 610 5092 suae
632 5029 776 5094 fraudem
798 5031 902 5094 facere
924 5036 1126 5111 conarentur,
1150 5031 1342 5113 occupando,
1370 5031 1622 5097 iurisdictionem
1643 5050 1753 5116 proro-
1788 5038 1824 5093 40

358 5131 472 5214 gande,
500 5131 690 5197 solutionem
722 5133 915 5215 quandoque
939 5134 1153 5198 diminuendo.
1184 5133 1289 5218 Super
1311 5134 1429 5217 quibus
1451 5133 1599 5198 omnibus
1621 5154 1641 5197 a
1661 5133 1754 5198 nobis

359 5234 512 5297 iustitiam
542 5235 601 5298 sibi
631 5234 700 5300 fieri
728 5235 903 5320 postulavit
931 5242 965 5301 et
991 5242 1134 5302 sanctam
1156 5236 1404 5321 strigoniensem
1433 5237 1598 5302 ecclesiam
1626 5239 1662 5301 in
1687 5236 1753 5301 suis

515 5404 536 5475 ¹)
559 5403 691 5474 Vorlaye:
708 5404 859 5462 comituum.
