4064 6288
873 616 1027 711 -01-

251 805 392 870 tionibus
406 810 595 884 annuentes,
610 810 649 868 nt
662 805 747 869 veris
762 804 975 869 existentibus
989 822 1087 886 supra
1102 802 1203 883 dictis,
1223 801 1341 865 eisdem
1358 800 1647 864 archidiaconatum

251 916 284 975 et
312 909 477 974 ecclesiam
507 928 565 974 seu
594 909 773 992 plebaniam
801 909 887 973 licite
918 928 954 971 ac
983 907 1082 971 libere
1105 906 1212 970 valeas
1234 905 1380 983 retinere,
1414 902 1648 966 nonobstante

251 1013 478 1078 constitutione
507 1013 633 1077 concilii
656 1011 821 1096 generalis,
851 1017 882 1074 10
905 1030 978 1073 0011
1001 1010 1189 1074 auctoritate
1219 1008 1392 1091 apostolica
1418 1008 1647 1090 dispensamus,

251 1118 295 1180 ita
316 1123 422 1180 tamen
445 1117 531 1198 quod
554 1116 827 1179 archidiaconatus
850 1121 882 1179 et
896 1115 1029 1179 ecclesia
1043 1134 1100 1178 seu
1116 1114 1263 1197 plebanis
1276 1111 1437 1196 praedicta
1452 1110 1566 1174 debitis
1583 1130 1648 1173 000

201 1227 218 1279 5
253 1220 440 1284 fraudentur
463 1219 625 1302 obsequiis
647 1225 679 1283 et
701 1221 876 1282 animarum
901 1239 979 1281 cura
1007 1219 1040 1281 in
1063 1219 1110 1281 eis
1133 1217 1317 1281 nullatenus
1341 1214 1526 1297 negligatur.
1560 1214 1648 1278 Nulli

252 1343 326 1407 ergo
353 1373 481 1387 .....
509 1322 627 1387 Datum
659 1323 744 1408 apud
766 1323 878 1387 urbem
909 1323 1067 1401 Veterem,
1097 1321 1190 1384 tertio
1220 1321 1299 1384 Idus
1325 1318 1440 1399 Martii,
1471 1337 1555 1380 anno
1577 1317 1648 1380 111⁰.

908 1595 1001 1679 104.

332 1761 565 1834 Groa1264
592 1762 673 1833 Mat
704 1768 736 1833 6.
775 1762 925 1853 Philipp,
953 1759 1168 1847 Erebiscbof
1186 1782 1251 1830 con
1273 1758 1384 1845 Gran,
1412 1757 1546 1829 0110011
1572 1757 1649 1828 dem

250 1883 374 1955 Deltae
400 1883 475 1955 aad
499 1884 565 1955 den
591 1883 767 1972 Pfurrcrn
792 1883 852 1955 des
877 1881 1193 1953 Hermumrabtdtcr
1220 1879 1390 1971 Kupiteb
1422 1880 1478 1950 dia
1504 1877 1648 1964 biscbbf·

186 2020 219 2075 lc
252 2003 362 2075 110100
402 2001 627 2077 Sakraanente
665 2028 730 2076 von
761 2003 951 2094 jecmaam
990 2001 1220 2073 kotbolmcbcn
1259 2001 1413 2089 Biacbof
1444 2000 1650 2090 empfuupca

249 2147 294 2196 aa
320 2124 458 2213 dirfan.

408 2271 611 2340 Einpescboltet
628 2288 681 2325 oon
698 2271 881 2326 Lodomeriua
899 2270 1069 2338 Erabiacbof
1081 2285 1135 2324 von
1149 2269 1230 2324 Gran
1248 2272 1324 2334 2282,
1346 2266 1422 2337 Oria
1440 2264 1650 2335 Kapitelorcba‘u

356 2358 584 2413 Hmuonastudt.

407 2479 520 2533 Druck:
537 2479 632 2533 Boniti
652 2478 788 2533 Milionia
806 2480 832 2545 Ι,
850 2483 892 2534 93.
918 2478 1034 2532 Katane
1052 2478 1127 2531 Hict.
1145 2478 1205 2531 crit.
1226 2477 1277 2543 VI,
1295 2480 1355 2529 422.
1380 2472 1471 2541 chir
1487 2473 1577 2529 Codex
1595 2473 1615 2525 I
1617 2472 1650 2540 V,

186 2566 218 2618 15
355 2569 381 2632 3,
398 2570 459 2620 240.
488 2565 601 2620 Tacen
618 2583 646 2619 a.
665 2565 826 2620 Firnbaber
844 2564 916 2619 Sicu.
940 2565 1022 2620 Urltb.
1041 2564 1067 2632 I,
1087 2568 1128 2619 79.

410 2686 523 2756 Reponi:
540 2684 644 2741 Kaous
662 2686 843 2742 Monumeata
860 2688 887 2755 Ι,
904 2690 964 2742 500.

408 2844 586 2929 Phylippus
607 2845 810 2910 miseratione
837 2846 946 2909 divina
968 2850 1095 2908 sanctae
1123 2843 1348 2926 Strigoniensis
1371 2843 1522 2907 ecclesiae
1550 2840 1652 2904 archi-

253 2949 430 3032 episcopus,
459 2949 550 3013 aulae
580 2950 665 3033 regis
694 2950 901 3014 cancellarius
923 2950 1083 3014 universis
1111 2954 1295 3032 praesentes
1324 2946 1432 3010 literas
1460 2945 1652 3029 inspecturis

253 3052 388 3116 00101010
410 3052 444 3114 10
466 3052 603 3116 domino.
637 3052 689 3116 Ad
711 3054 936 3117 universorum
959 3053 1104 3117 notitiam
1126 3059 1236 3116 tenore
1262 3051 1478 3135 praesentium
1500 3049 1651 3113 volumus

186 3160 219 3214 20
253 3156 429 3239 pervenire,
460 3154 548 3236 quod
569 3174 629 3219 nos
651 3156 831 3240 sumptibus
854 3164 886 3221 et
907 3156 1070 3221 laboribus
1092 3156 1282 3221 dilectorum
1303 3156 1337 3218 in
1359 3154 1483 3219 Christo
1512 3152 1651 3217 filiorum

253 3259 364 3323 decani
386 3264 419 3322 01
433 3258 642 3342 plebanorum
664 3259 704 3323 de
723 3258 923 3341 Scybiniensi
945 3259 1357 3325 1100001111110011000001
1379 3278 1439 3322 000
1461 3263 1494 3322 01
1510 3261 1651 3320 sanctam

253 3362 417 3426 ecclesiam
433 3360 683 3445 strigoniensem
698 3363 877 3427 immediate
896 3363 1117 3448 spectantium,
1141 3381 1222 3444 quos
1244 3362 1285 3426 ad
1307 3382 1366 3427 000
1380 3368 1510 3447 propter
1523 3361 1651 3443 longam

253 3466 324 3529 viae
353 3465 535 3529 (1101001100
562 3485 619 3550 pro
650 3469 855 3532 sacramentis
885 3466 1116 3551 episcopalibus
1146 3466 1335 3550 recipiendis
1356 3465 1514 3530 veniendo
1543 3469 1575 3527 01
1601 3482 1651 3527 10·

254 3569 381 3633 denudo
403 3569 573 3650 sustinent,
594 3589 724 3653 parcere
747 3570 920 3655 cupientes,
946 3571 1065 3635 eisdem
1086 3572 1125 3634 de
1148 3570 1249 3653 gratm
1277 3570 1404 3653 speciali
1426 3567 1651 3649 concessimus

187 3677 220 3731 20
253 3692 273 3736 0
295 3692 500 3756 quocumque
521 3672 674 3737 catholico
696 3674 844 3757 episcopo
867 3675 1028 3738 voluerint
1054 3674 1160 3737 omnia
1182 3679 1379 3738 sacramenta
1400 3671 1590 3757 episcopalia
1612 3671 1651 3734 de

254 3781 364 3840 nostra
390 3777 519 3841 licentia
547 3776 678 3841 liberam
708 3776 844 3840 habeant
869 3778 1041 3861 recipiendi
1069 3777 1261 3859 facultatem,
1290 3778 1350 3841 hoc
1380 3782 1486 3841 tamen
1508 3774 1651 3839 cautelae

255 3881 360 3945 studio
382 3881 531 3963 adhibito,
563 3883 650 3964 quod
671 3883 761 3966 prius
783 3881 920 3946 debeant
931 3880 954 3959 ¹)
978 3881 1119 3965 recipere
1140 3880 1249 3945 literas
1274 3880 1360 3945 illius
1383 3879 1522 3965 episcopi
1545 3898 1564 3941 a
1587 3896 1651 3959 quo

255 3990 487 4049 sacramentum
517 3986 695 4070 episcopale
718 3990 794 4049 sunt
816 3986 983 4069 recepturi,
1013 3985 1099 4067 quod
1122 3986 1182 4048 hoc
1204 3985 1288 4049 idem
1314 3985 1481 4068 episcopus
1503 4002 1568 4045 non
1592 3999 1651 4044 suc

254 4089 332 4171 iure,
355 4089 411 4153 sed
425 4090 736 4153 nostraauctoritate
752 4094 862 4153 tenore
884 4089 1098 4173 praesentium
1121 4089 1154 4150 10
1177 4090 1320 4154 favorem
1342 4086 1576 4171 praedictorum
1591 4082 1652 4147 sibi

189 4193 223 4249 30
255 4192 422 4256 commissa
436 4191 530 4255 iaciat
545 4192 778 4273 administram,
801 4197 833 4255 et
855 4191 939 4274 ipsas
960 4190 1068 4255 literas
1089 4191 1176 4256 illius
1198 4192 1337 4276 episcopi
1360 4192 1411 4255 vel
1426 4191 1554 4254 illorum
1570 4190 1652 4272 epis·

255 4314 415 4379 ceperum,
438 4314 537 4378 aquo
558 4294 610 4358 vel
633 4315 652 4358 a
674 4294 792 4377 quibus
810 4300 1007 4358 sacramenta
1028 4296 1208 4360 successive
1230 4296 1389 4379 recipiunt
1411 4294 1545 4377 singulis
1559 4292 1652 4355 annis

255 4398 289 4461 in
311 4398 444 4463 concilio
466 4398 653 4483 provinciali
675 4418 773 4483 supra
787 4398 864 4461 dicti
884 4398 1012 4481 plebani
1034 4417 1091 4482 per
1106 4417 1182 4462 suos
1204 4403 1426 4482 procuratores
1448 4397 1540 4461 nobis
1561 4415 1653 4479 prae·

257 4506 381 4565 sentare
410 4506 442 4565 et
464 4501 615 4567 exhibere
636 4503 841 4567 tenebuntur.
885 4501 983 4565 11110
1004 4502 1101 4566 huius
1127 4502 1201 4566 facti
1224 4502 1441 4567 testimonium
1470 4505 1653 4585 praesentes

256 4602 362 4668 literas
383 4606 598 4669 concessimus
617 4605 711 4689 sigilli
734 4606 835 4670 nostri
857 4606 1033 4669 munimine
1056 4606 1227 4669 roboratas.
1249 4603 1367 4669 Datum
1386 4604 1545 4688 Strigonii,
1568 4622 1651 4666 anno

193 4711 225 4765 30
258 4707 376 4771 domini
394 4685 436 4771 it.
459 4686 517 4773 cb.
539 4708 573 4773 L
596 4709 653 4774 X⁰.
676 4709 750 4791 IIII,
771 4710 911 4774 intrante
934 4728 1043 4774 mense
1065 4708 1158 4792 Maio,
1181 4709 1356 4773 11000110.

910 4980 1001 5064 105.

336 5143 438 5216 Gran
463 5149 569 5216 1264
603 5146 686 5217 Mat
727 5151 759 5217 6.
806 5146 956 5236 Philipp,
993 5145 1205 5235 1110110011οῘ
1232 5170 1295 5218 oon
1334 5146 1445 5234 Gran,
1487 5148 1654 5219 bcstimmt

256 5265 307 5337 ab
336 5271 425 5338 crate
451 5265 596 5338 1101001
622 5267 693 5354 fur
723 5266 917 5339 Citationcn
951 5289 1015 5339 000
1042 5267 1217 5356 Pfarrera
1252 5267 1312 5339 des
1337 5267 1654 5340 Hermunnstbdtcr

255 5384 416 5477 Kapitab
440 5387 507 5458 den
532 5386 656 5458 Delum
683 5387 862 5460 desselben

192 5530 226 5585 10
412 5535 433 5601 ι)
455 5531 706 5603 00001000
